1846 3120
263 219 379 265 1642

267 327 451 368 stantibus,
471 327 637 360 invideat.
681 328 853 360 Dicuntur
875 327 964 360 enim

267 382 385 418 terrae,
403 387 479 420 qua²
506 378 650 410 alteram
673 378 836 419 singulari
853 378 966 420 aliquo

267 432 399 460 naturae
414 437 552 460 munere
571 433 746 470 superant,
768 429 829 461 sibi
846 434 965 461 mutuo

268 478 433 510 invidere.
459 478 642 511 Gevartiuoe.

311 530 372 559 153
395 528 520 560 Robora
530 529 721 570 Dalmatico,
737 529 807 571 ssa]
824 531 967 563 Frustra

267 577 321 609 hic
338 579 433 609 locus
448 579 653 611 sollicitatur
667 591 687 612 a
706 581 829 612 doctis.
872 581 966 621 Lips.

268 632 305 660 et
319 628 482 661 Bernart.
499 630 615 670 legunt
634 633 765 664 sociata.
809 631 859 663 At
883 631 965 663 Pic-

267 683 384 709 cartus
400 688 419 710 e
436 688 496 710 suo
512 679 580 712 Ms.
591 682 722 713 mavult
737 690 747 712 ε
768 681 891 713 sancitu
905 691 966 714 me-

266 728 354 760 tallo.
409 727 538 771 Aitque
566 730 740 763 ‘sancire'
765 732 820 764 hic
850 733 966 764 valere

268 778 358 820 quod
375 779 570 821 imprimere
592 782 685 823 ligno
703 783 891 823 metallum,
908 786 968 814 aut

267 829 440 861 incudere.
484 830 553 862 Sed
569 832 705 872 vulgata
721 832 824 864 lectio
839 832 967 872 optime

268 889 306 911 se
331 883 459 911 tuetur.
505 881 595 913 Nam
619 883 629 899 ‘
644 882 806 914 satiatus'
830 882 885 915 hic
911 891 968 914 ea-

267 928 345 961 dem
368 930 507 963 notione
529 932 689 972 positum,
711 942 779 975 qua
794 932 884 974 apud
900 932 967 964 Pe·

268 983 357 1013 tron.
387 981 455 1012 ‘Et
481 981 593 1022 palies
616 982 711 1014 eirca
739 983 841 1024 palea
866 982 965 1014 satia·

270 1035 325 1062 tus
340 1031 430 1063 inani
446 1032 669 1074 Fortuitoque
685 1033 781 1065 luto!
816 1034 886 1065 Per
901 1033 968 1065 Ro-

270 1080 354 1120 bora,
371 1081 489 1123 itaque
500 1082 612 1114 Poe'ta
627 1083 784 1124 intelligit
799 1087 917 1124 postes
932 1087 968 1115 et

269 1130 444 1162 columnas
460 1131 600 1172 citreas,
627 1133 750 1174 quibus
776 1143 908 1174 aurum,
933 1133 967 1164 iu

270 1184 391 1211 tenues
405 1180 546 1213 laminas
562 1186 599 1213 et
622 1187 756 1214 crustas
773 1182 969 1223 dissectum,

269 1230 433 1261 insertum
448 1234 533 1262 erat.
579 1232 690 1265 Quem
706 1242 832 1264 morem
845 1233 892 1264 D.
906 1232 970 1264 Hi-

270 1287 422 1320 eronym.
455 1279 498 1311 ad
535 1280 708 1315 Gaudent.
739 1283 877 1324 ingerit.
922 1282 970 1314 Et

270 1327 401 1361 Plinius
417 1329 502 1361 libro
516 1339 654 1364 xxxm.
670 1341 748 1373 cap.
765 1335 798 1365 3.
841 1324 970 1364 Saliam

269 1379 388 1421 itaque
404 1380 527 1422 robora,
542 1381 597 1413 hic
624 1386 704 1414 sunt
730 1382 774 1414 ad
798 1382 969 1415 abuudan-

270 1428 366 1469 tiam,
390 1434 425 1462 et
452 1431 647 1464 satietatem
676 1442 783 1474 usque
810 1442 894 1464 auro
919 1433 969 1464 in-

268 1484 435 1520 crustata,
450 1485 486 1513 et
502 1481 637 1515 vestita.
682 1483 770 1514 Nam
787 1492 849 1523 per
861 1483 871 1500 ‘
886 1483 970 1514 Dal-

269 1529 431 1561 maticum
446 1531 645 1572 metallum‚'
660 1542 776 1564 aurum
797 1532 970 1574 intelligit,

270 1577 363 1619 quod
390 1579 453 1610 sub
482 1580 622 1614 Nerone
650 1591 670 1614 e
697 1582 868 1614 Dalmatia
893 1583 969 1615 vehi

269 1632 431 1674 coeptum.
451 1630 551 1662 Idem.

315 1681 375 1710 155
410 1680 577 1721 Perspicui
610 1682 736 1725 vivunt]
774 1682 969 1715 Artificiose

269 1728 418 1768 inducti,
434 1734 470 1762 et
486 1736 600 1762 tamen
617 1732 746 1772 pariter
761 1742 837 1764 cum
853 1732 969 1764 viven-

270 1778 362 1810 tibus
378 1780 478 1812 nitidi
494 1784 530 1812 et
553 1782 670 1822 gelidi.
714 1783 804 1814 Vide
822 1782 967 1815 Casaub.

270 1829 312 1861 ad
329 1830 470 1863 Sueton.
494 1831 642 1873 August.
658 1842 734 1874 cap.
749 1835 804 1865 82.

314 1882 377 1911 160
400 1879 579 1922 Idaliasque
598 1882 717 1923 domos]
747 1882 894 1914 Idalium
912 1891 968 1914 ne-

269 1938 344 1961 mus
361 1929 464 1970 Cypri
481 1931 634 1962 dicatum
643 1932 783 1971 Veneri,
795 1936 833 1963 ut
847 1932 968 1964 scribit

269 1979 418 2013 Plinius.
463 1980 550 2013 Haec
574 1982 649 2013 loca
665 1982 855 2023 gratissima
871 1986 968 2014 erant

268 2031 411 2071 Veneri,
425 2031 570 2072 Cyprus,
586 2033 667 2063 Erix
688 2032 827 2071 Siciliae,
844 2032 967 2073 Cythe-

270 2092 308 2114 ra
315 2082 427 2124 Syria,
438 2086 476 2114 ut
486 2081 593 2114 refert
604 2082 789 2115 Diodorus.
810 2081 969 2124 Erycina]

268 2132 338 2164 Ubi
355 2133 517 2173 templum
539 2132 669 2174 habuit,
691 2132 805 2164 multis
821 2133 969 2164 mulieri-

269 2182 333 2214 bus
361 2183 551 2214 ministerio
578 2193 639 2214 suo
661 2182 798 2222 dicatis,
822 2183 969 2215 destitu-

270 2237 342 2265 tum
365 2237 481 2264 tamen
503 2233 713 2274 temporibus
738 2233 876 2265 Tiberii.
901 2234 970 2265 Do-

266 2282 385 2315 nntius.

313 2335 376 2366 163
398 2332 659 2374 Laurentes‚&c.]
684 2332 823 2365 Latinas
836 2332 970 2365 mulier-

268 2384 376 2416 culas.
421 2383 558 2415 AEneid.
587 2392 640 2415 xi.
671 2384 791 2415 ‘Latio
820 2387 856 2414 et
881 2383 970 2414 Lau-

269 2435 424 2466 rentibus
456 2433 570 2474 agris!
622 2432 822 2465 ‘Puellam'
853 2436 968 2473 vocat,

271 2496 347 2527 quae
371 2484 472 2516 vidua
496 2488 581 2516 erat.
623 2485 712 2516 Vide
739 2483 883 2516 Advers.
906 2484 968 2515 lib.

268 2545 362 2568 xxv.
378 2545 455 2575 cap.
471 2538 522 2567 14.
543 2535 660 2567 Barth.

288 2591 290 2593 ’
313 2590 375 2619 172
400 2587 486 2617 Nam
510 2587 600 2617 docta
622 2595 680 2626 per
701 2585 823 2626 urbem]
855 2584 970 2617 Parti-

271 2637 350 2670 cula
374 2646 446 2667 nam
469 2637 580 2667 locum
607 2635 663 2668 hic
678 2645 746 2667 non
768 2636 885 2677 habet,
906 2645 969 2668 nec

268 2687 360 2720 enim
389 2685 546 2717 redditur
571 2686 662 2717 ratio
688 2685 970 2726 praecedentium.

269 2738 396 2777 ltaque
414 2735 485 2774 jam
512 2735 611 2766 velim
641 2735 774 2776 reponi.
820 2735 905 2767 Num
921 2739 971 2767 ta·

267 2795 350 2823 ,men
370 2785 509 2819 retineri
533 2788 663 2827 posset,
678 2785 705 2817 si
722 2794 785 2827 pro
793 2784 909 2824 formo
923 2786 971 2818 le·

723 233 866 265 No'rAE
898 232 1165 266 VAmoRUM
1197 234 1249 266 IN

1015 328 1232 369 gatursamoe.
1277 330 1451 370 Necsamoe
1461 328 1713 372 meniminu-

1014 378 1168 412 Praestat
1192 389 1274 412 sane
1300 381 1406 412 virum
1433 391 1452 413 a
1482 380 1588 421 fama,
1613 387 1714 422 quarn

1015 427 1125 460 forma
1144 429 1385 462 commendari.
1430 431 1596 463 Boxhorn.
1615 428 1715 471 Eph-

1013 478 1078 509 tola
1092 479 1133 510 ad
1146 479 1330 513 Joh.Fre11.
1355 481 1493 512 Gronov.

1060 530 1121 560 174
1146 528 1242 560 Hunc
1265 533 1296 562 et
1320 530 1467 571 bissenos,
1487 529 1558 571 Sta]
1589 528 1712 562 Mean

1016 577 1160 610 Stellam
1188 578 1307 611 favore
1336 580 1522 612 Domitiani
1550 575 1715 612 Consula-

1017 631 1088 658 tum
1105 626 1309 669 adepturum
1324 634 1404 662 aute
1428 629 1615 672 legitimam
1631 633 1714 662 ieta-

1017 680 1109 709 tem=
1151 687 1264 720 neque
1290 679 1378 711 enirn
1405 684 1485 712 ante
1509 670 1633 712 annum
1657 680 1715 711 44.

1018 727 1241 760 Consulatum
1278 738 1399 770 gerere
1435 737 1497 770 per
1525 729 1619 769 leges
1648 727 1715 762 fas.

1017 776 1137 808 Cicero
1173 778 1304 819 Philip.
1333 787 1368 811 v.
1405 781 1415 796 ‘
1431 777 1524 812 Quid
1564 776 1714 810 Macedo

1017 825 1215 858 Alexander
1230 837 1306 859 cum
1323 827 1367 859 ab
1383 827 1644 860 ineunteutate
1658 835 1714 860 ros

1016 877 1180 908 maximas
1196 886 1318 918 gerere
1333 877 1505 919 coepisset,
1519 885 1630 910 nonno
1645 881 1715 910 tet·

1017 926 1066 957 tio
1087 931 1123 958 et
1150 926 1324 968 trigesimo
1349 937 1438 959 anno
1451 933 1596 960 mortem
1616 927 1716 968 obiit,

1017 985 1092 1017 quae
1108 980 1161 1008 est
1178 981 1264 1009 aetas
1288 978 1410 1009 nostris
1434 976 1567 1019 legibus
1589 979 1641 1010 10.
1655 985 1714 1009 an-

1016 1025 1069 1057 nis
1083 1026 1194 1059 minor
1207 1037 1305 1069 quam
1330 1027 1564 1060 Consularis?
1586 1028 1715 1060 Lucem

1017 1075 1096 1108 hinc
1112 1081 1266 1110 mutuare
1283 1078 1478 1120 Lampridio
1502 1078 1536 1110 in
1560 1078 1716 1120 Cotumo-

1018 1127 1083 1160 do:
1105 1128 1115 1146 ⁴
1129 1128 1217 1161 Post
1238 1129 1313 1162 haec
1329 1131 1430 1163 venia
1444 1130 1529 1172 legis
1552 1130 1714 1164 Annarioe

1018 1178 1216 1219 impetrata,
1232 1181 1360 1212 Consul
1377 1185 1432 1213 est
1445 1179 1582 1222 factus?
1624 1180 1715 1213 nae

1019 1238 1062 1260 ex
1078 1229 1190 1270 legum
1208 1230 1433 1272 praescriptas:
1469 1235 1622 1263 ceterum
1643 1228 1716 1263 An-

1018 1285 1138 1322 gustus
1152 1282 1315 1322 vigesimo
1329 1281 1443 1314 aetatis
1458 1291 1546 1313 anno
1561 1281 1716 1313 consula-

1019 1338 1092 1366 tum
1107 1335 1244 1367 invasit.
1267 1336 1313 1367 Et
1327 1335 1443 1367 Caesar
1459 1332 1624 1366 Claudius
1636 1332 1717 1365 adu-

1018 1384 1199 1417 lationibus
1220 1389 1371 1425 senatus,
1383 1385 1493 1426 inquit
1506 1383 1661 1423 Tacitus,
1675 1383 1716 1415 li-

1019 1434 1102 1467 bens
1138 1435 1310 1467 concessit
1341 1440 1380 1466 ut
1410 1434 1572 1467 vicesimo
1601 1435 1715 1466 etatis

1019 1495 1107 1517 anno
1122 1485 1338 1518 consulatum
1358 1485 1450 1517 Nero
1463 1484 1580 1516 iniret.
1623 1483 1715 1518 Quin

1020 1540 1057 1567 et
1083 1535 1276 1576 Capitolino
1295 1539 1383 1568 teste
1408 1535 1586 1568 Gordiano
1610 1542 1716 1575 puero

1020 1585 1223 1617 Consulatus
1237 1585 1382 1617 delatus.
1407 1585 1559 1616 Bernart.

1062 1638 1126 1667 176
1151 1635 1297 1676 Cybeleia
1310 1634 1436 1676 limina]
1463 1634 1503 1666 Id
1521 1637 1574 1666 est
1587 1637 1717 1675 praetor

1018 1685 1096 1717 fnit.
1139 1686 1228 1718 Nam
1261 1689 1429 1726 praetores
1454 1683 1574 1715 habitu
1599 1683 1717 1716 trium-

1019 1735 1110 1777 phali
1140 1738 1315 1776 praeerant
1342 1733 1432 1765 ludis
1466 1733 1720 1773 Megalesiacis,

1018 1786 1052 1817 id
1069 1790 1123 1817 est
1138 1784 1311 1827 Cybeleis,
1324 1785 1358 1816 in
1383 1783 1503 1825 quibus
1525 1783 1621 1815 ludos
1635 1782 1717 1815 edi·

1018 1835 1070 1867 dit
1096 1836 1204 1867 Stella
1227 1845 1289 1876 pro
1309 1834 1454 1867 victoria
1474 1835 1620 1865 Sarmat.
1643 1834 1714 1865 Do-

1017 1884 1092 1917 mit.
1108 1885 1151 1916 de
1166 1894 1232 1927 quo
1253 1884 1406 1917 Martial.
1430 1885 1440 1902 ‘
1454 1884 1549 1918 Quos
1572 1886 1718 1924 cuperet

1017 1935 1200 1976 Phlegraea
1214 1944 1291 1966 suos
1306 1933 1451 1966 victoria
1471 1932 1580 1972 ludos,
1594 1932 1717 1965 Indica

1017 1994 1101 2026 quos
1139 1988 1285 2025 cuperet
1320 1993 1446 2025 pompa
1482 1983 1586 2023 Lyaee
1615 1981 1718 2014 suos!

1018 2035 1184 2068 Quamvis
1194 2034 1295 2067 aliter
1306 2034 1341 2066 in
1352 2033 1477 2066 nostris
1492 2033 1537 2065 sit
1548 2041 1716 2066 cominen-

1018 2085 1127 2119 tariis.

1062 2138 1125 2168 177
1161 2135 1296 2168 Carmen
1319 2136 1398 2176 legit
1419 2134 1564 2177 Sibylla]
1598 2133 1640 2167 Id
1664 2139 1717 2168 est

1018 2185 1190 2217 Duumvir
1204 2191 1270 2217 est.
1303 2185 1395 2218 Olim
1411 2185 1603 2227 quindecim
1617 2189 1718 2216 erant

1019 2235 1083 2267 viri
1113 2235 1267 2276 legendis
1294 2235 1389 2267 libris
1415 2234 1610 2277 Sibyllinis3
1631 2242 1716 2276 quos

1019 2287 1133 2316 tamen
1149 2293 1217 2315 non
1244 2284 1404 2324 legebant
1419 2283 1549 2324 injussu
1563 2287 1718 2323 senatus,

1019 2339 1057 2367 ut
1071 2335 1192 2367 scribit
1207 2335 1334 2367 Livius.
1377 2334 1571 2376 Aliquando
1579 2333 1717 2367 -variato

1017 2394 1158 2418 numero
1173 2384 1312 2416 fuerunt
1324 2384 1401 2416 dno.
1416 2384 1589 2416 Domitius.

1062 2438 1125 2468 178
1150 2436 1270 2467 Parem
1284 2434 1412 2476 Latius]
1432 2434 1595 2476 anpiter
1608 2433 1718 2467 Auso·

1018 2485 1104 2526 nius,
1121 2486 1226 2519 Coma
1242 2485 1372 2518 Earini.
1415 2484 1548 2525 Saepius
1576 2484 1626 2516 ita
1644 2484 1716 2516 Do-

1018 2536 1174 2574 mitiano,
1189 2535 1293 2566 etiam
1316 2535 1411 2566 inter
1432 2535 1526 2567 Deos
1546 2533 1716 2575 principa-

1019 2590 1091 2618 tum
1115 2584 1291 2617 affectanti
1312 2585 1457 2624 Belluae,
1478 2583 1667 2623 blanditur,
1680 2586 1719 2615 ut

1019 2635 1187 2676 exemplis
1215 2635 1392 2675 productis
1421 2636 1583 2693 notarunt
1611 2633 1717 2666 docti.

1021 2685 1186 2719 Bar-thius.

1064 2739 1127 2768 185
1153 2735 1286 2776 Ipsum
1273 2745 1307 2766 m
1321 2733 1471 2766 connubia
1488 2733 1595 2765 Terroe
1608 2732 1718 2774 AEffl‘?

1020 2796 1069 2827 ra,
1083 2784 1152 2826 θα]
1184 2784 1276 2825 Quid
1303 2784 1395 2817 aliud
1417 2781 1585 2826 praedicat
1598 2782 1718 2825 Eurip-
