1846 3120
290 237 406 288 1482

784 246 827 280 Ρ.
860 247 1051 279 PAPINH
1084 248 1275 281 STATJI.

293 342 399 386 Sive
419 344 562 386 locum
584 342 788 384 monstris
808 343 961 385 iterum
982 342 1156 386 fortuna
1172 345 1372 399 parabat,

293 411 385 452 Seu
405 411 679 452 discessuros
701 415 951 453 servaverat
972 412 1185 454 Eumenis
1206 413 1344 466 ignes.

293 478 385 519 Hic
407 481 578 518 tenuem
598 478 731 531 nigris
749 479 984 521 etiamnum
1005 479 1211 523 advivere
1229 481 1378 522 lucem

294 543 550 585 Roboribus
571 544 738 598 pariter
755 545 932 599 cupidae
955 546 1118 598 videre,
1140 546 1358 601 simulque

1654 502 1750 595 ὦ

293 610 463 653 Flebile
482 611 672 664 gavisae:
701 623 782 654 nec
802 612 963 663 adhuc,
985 626 1087 667 quae
1108 614 1256 666 busta,
1274 619 1510 669 repertum,

292 677 379 719 Sed
399 678 601 731 placidus
619 679 906 734 quicumque,
928 685 1093 734 rogant,
1110 681 1325 736 mitisque
1347 683 1540 737 supremi

292 743 519 787 Admittat
530 746 698 789 cineris
718 752 987 798 consorte-m,
1004 752 1048 790 et
1065 749 1254 790 misceat
1273 750 1460 809 umbras.

294 811 413 854 Ecce
433 813 593 854 iterum
609 813 791 856 fratres:
822 815 988 869 primos
1009 820 1060 856 ut
1079 817 1263 870 contigit
1284 821 1408 859 artus

295 878 419 932 Ignis
438 879 569 931 edax,
589 885 801 922 tremuere
822 882 930 935 rogi,
951 886 998 923 et
1017 895 1157 925 novus
1178 883 1349 926 advena
1367 885 1514 927 bustis

295 946 507 989 Pellitur:
539 947 762 990 exundant
782 948 924 990 diviso
942 950 1103 991 vertice
1121 949 1328 1003 flammae,

1658 885 1746 928 430

297 1012 586 1070 Alternosque
603 1016 753 1070 apices
774 1017 962 1072 abrupta
980 1017 1082 1060 luce
1102 1023 1349 1062 coruscant.

292 1132 391 1172 digiis
404 1134 579 1175 materiam,
592 1143 647 1167 seu
656 1134 757 1167 Furia
769 1135 1052 1176 foveratflammas
1066 1145 1086 1168 α
1099 1145 1132 1168 se
1144 1135 1276 1169 invicem
1289 1137 1487 1170 discessum.
1533 1134 1597 1168 Hie
1605 1132 1678 1180 pan‘
1692 1144 1744 1168 ar-

294 1175 369 1207 dore
387 1177 528 1217 concitoe,
550 1177 835 1209 animadverterunt
855 1179 952 1210 debile
974 1179 1075 1210 lumen
1097 1179 1196 1211 adhuc
1215 1179 1318 1211 vivere
1338 1180 1373 1212 in
1393 1180 1474 1211 atrio
1491 1178 1600 1219 lignis,
1623 1187 1744 1220 umque

294 1217 444 1250 loetantur
456 1220 585 1261 flentes.
630 1221 698 1252 Nec
714 1221 812 1252 adhuc
827 1224 944 1261 uotum,
959 1222 1047 1261 cnjus
1060 1222 1271 1261 rogussuerat
1282 1233 1292 1253 .·
1307 1224 1361 1254 sed
1373 1226 1552 1263 precantur,
1563 1221 1618 1263 qui

294 1259 350 1300 sit,
361 1264 397 1292 ut
410 1263 490 1293 lenis
505 1266 536 1293 et
548 1262 687 1303 placidus
701 1263 830 1303 recipiat
845 1264 960 1295 socium
974 1264 1078 1295 ultimi
1092 1264 1215 1302 cineris,
1226 1268 1257 1296 et
1267 1264 1351 1296 sinat
1359 1274 1462 1295 mnes
1472 1264 1629 1302 confundi.
1663 1265 1745 1296 Ecce

294 1302 408 1334 iterum
423 1304 549 1342 fratres
569 1309 796 1345 apparuerunt.-
818 1316 891 1337 num
912 1309 948 1337 ut
968 1307 1101 1346 primum
1123 1316 1222 1338 vorax
1238 1306 1371 1348 flamma
1393 1306 1746 1338 contrectavitmembm

294 1344 466 1386 Polynicis,
482 1347 601 1378 bustum
614 1357 791 1380 concussum
805 1352 864 1387 est,
887 1351 918 1380 et
940 1358 1035 1381 novus
1053 1349 1159 1389 hoepes
1178 1359 1255 1389 rogo
1275 1349 1475 1381 extruditur:

1488 1348 1629 1390 flamm
1638 1357 1743 1380 ,erum-

290 1390 371 1427 punt
384 1388 515 1421 discreto
528 1390 623 1431 apice,
637 1394 668 1422 et
679 1394 808 1432 utraque
820 1400 925 1424 earum
931 1391 1069 1431 fastigia
1084 1395 1244 1424 coruscant
1256 1391 1385 1432 abrupto
1397 1391 1523 1424 lumine.
1555 1390 1601 1423 Ut
1611 1391 1641 1423 si
1651 1390 1744 1432 pelli-

905 1485 1029 1498 OOOm

1032 1485 1133 1498 ooooo

290 1548 382 1590 quod
400 1559 463 1581 nec
478 1549 585 1589 ipsum
603 1555 715 1583 tamen
729 1551 867 1592 vulgato
882 1550 1084 1592 praeferam!
1104 1551 1325 1583 Barth-423
1348 1550 1411 1583 Seu
1425 1551 1617 1583 dissensuros
1637 1551 1745 1594 Lang-

295 1592 398 1624 Laur.
424 1594 555 1624 Buslid.
573 1594 723 1634 Lipsian.
738 1595 829 1633 Dan.
846 1594 926 1626 Put.
941 1594 1062 1626 Petav.
1077 1599 1114 1625 et
1137 1593 1216 1625 edd.
1235 1598 1319 1625 vett.
1347 1593 1437 1625 Vide
1453 1593 1537 1630 Not,
1552 1593 1744 1629 ‚Van—424

292 1633 402 1675 Lang.
422 1637 519 1667 Laur.
535 1637 666 1668 anlid.
681 1637 832 1677 Lipsian.
855 1637 940 1667 Dan.
956 1637 1037 1668 Put.
1053 1637 1176 1668 Petav.
1193 1641 1229 1668 et
1244 1636 1322 1668 edd.
1339 1640 1426 1667 vett.
1447 1636 1616 1668 etiamnum
1628 1636 1743 1669 nitere.

291 1676 381 1709 Vide
398 1678 479 1710 Not.
497 1679 689 1710 Vana—426
712 1679 861 1720 Optimoe
878 1679 1012 1710 Barthii
1038 1679 1243 1710 membranae
1260 1689 1268 1710 ι
1291 1688 1345 1710 nec
1364 1679 1465 1709 adhuc
1487 1688 1555 1719 qua
1580 1678 1683 1719 busta,
1695 1688 1744 1711 re-

290 1723 498 1759 perto.-427
522 1720 574 1752 Sit
592 1722 734 1762 placidus
758 1722 856 1753 multi
878 1721 980 1753 codd.
997 1727 1030 1753 et
1046 1721 1125 1753 edd.
1142 1725 1226 1753 vett.
1271 1721 1335 1753 Sed
1349 1721 1489 1762 placidus
1503 1720 1642 1753 Behott.
1658 1724 1688 1753 1.
1711 1724 1744 1754 2.

294 1761 446 1794 Gronov.
464 1764 580 1795 Barth.
600 1764 706 1797 veen.
730 1769 767 1796 et
794 1764 1030 1804 nemu—429
1052 1765 1132 1795 Ecce
1147 1764 1260 1797 iterum
1276 1764 1395 1802 fratris
1414 1764 1543 1804 primos,
1554 1764 1608 1804 &a
1630 1763 1683 1796 La
1732 1786 1741 1796 .

293 1803 393 1836 Laur.
411 1806 542 1837 Buslid.
573 1807 721 1846 Lipsian.
739 1808 830 1838 Dan.
854 1807 935 1840 Put.
960 1807 1082 1838 Petav.
1107 1807 1244 1838 Behott.
1263 1809 1291 1837 1.
1308 1810 1342 1839 2.
1366 1805 1467 1838 Aldd.
1481 1806 1591 1839 Coun.
1607 1805 1708 1848 Gryp
1729 1829 1742 1845 ,,

292 1847 397 1879 Basil.
415 1849 530 1880 Plant.
547 1848 779 1889 Lindenbrog.
796 1849 897 1881 Cruc.
914 1852 950 1881 et
973 1849 1116 1881 Gevart.
1161 1849 1241 1880 Ecce
1256 1849 1368 1880 iterum
1374 1847 1510 1887 fratres.
1535 1848 1673 1887 Primos,
1686 1850 1742 1889 dfe.

291 1891 809 1976 {3525323‘3'ff3'13ffiss’Js23‘5
824 1891 1292 1967 ιῑιζὶὶῖθὲῖῗῖῑιζῖἷὲῗιῗέἕεῗ
1298 1891 1743 1975 ἳὲῗιὲἓῖῗὲὶιὲἭέἐῖξῖἶ

942 2019 1082 2052 NOTAE

336 2083 399 2113 423
424 2082 487 2114 Seu
513 2082 716 2123 discessuros]
738 2082 870 2115 Seneca
885 2082 920 2114 in
931 2083 989 2115 (Ε-

290 2131 397 2173 dipo:
418 2133 582 2174 ‘Pugnax
607 2133 692 2173 ignis
716 2133 751 2164 in
774 2139 891 2174 partes
908 2134 991 2165 duas

293 2182 462 2216 discedit.'
515 2183 603 2214 Vide
633 2183 674 2214 ad
706 2192 765 2215 111.
793 2184 837 2216 de
867 2183 990 2217 Benef.

292 2243 369 2275 cap.
382 2237 436 2267 37.
481 2234 628 2268 Quidam
640 2234 779 2278 codices*
791 2234 917 2267 habent
929 2235 994 2266 dis-

291 2293 446 2316 sensuros.

1086 2086 1150 2115 429
1176 2083 1254 2115 Ecce
1264 2084 1376 2115 iterum
1382 2080 1521 2124 fratres]
1541 2083 1598 2115 Sic
1610 2081 1742 2125 recepit

1044 2138 1082 2164 et
1104 2133 1195 2165 idem
1221 2133 1430 2175 Gronovius,
1445 2142 1487 2165 ex
1501 2133 1638 2175 optimis
1653 2132 1743 2165 codi-

1044 2183 1154 2223 cibus,
1177 2187 1213 2214 et
1234 2182 1398 2224 pluribus,
1425 2192 1502 2215 cum
1529 2182 1614 2215 editi
1637 2182 1742 2215 habe⁶

1046 2238 1123 2264 rent
1137 2243 1146 2264 :
1172 2233 1250 2265 Ecce
1261 2233 1510 2274 iterum-fratris,
1520 2234 1574 2274 ⁸50.
1613 2231 1743 2275 Ait’que

1046 2285 1079 2316 id
1095 2293 1170 2316 esse
1185 2284 1290 2316 multo
1308 2284 1464 2316 vividius.
1503 2283 1669 2316 Nimirum
1683 2283 1742 2325 qui

335 2337 399 2367 424
422 2334 605 2367 Etiamnum
626 2336 768 2367 advivere
789 2336 900 2377 lucem]
925 2334 992 2367 Aa·
1041 2334 1113 2376 jam
1143 2334 1227 2365 nulli
1257 2343 1333 2365 esse
1357 2333 1600 2374 credebantur,
1629 2333 1743 2366 subito

292 2385 395 2417 vivere
409 2385 544 2426 recepit
559 2385 593 2416 in
609 2395 668 2416 sua
691 2386 841 2418 editione
858 2386 991 2418 Grono-

293 2435 368 2467 vius
389 2445 432 2467 ex
456 2435 652 2467 melioribus
678 2439 713 2467 et
729 2436 882 2477 pluribus
898 2435 992 2467 codi-

293 2485 402 2521 cibus,
425 2495 500 2516 cum
511 2485 606 2516 Editi
621 2485 801 2526 haberent,
822 2486 992 2518 etiamnum

293 2535 398 2567 vivere
413 2536 520 2567 lucem.
551 2535 703 2567 Verbum
718 2541 888 2568 servatum
907 2540 941 2567 et
958 2537 991 2567 iu

292 2585 409 2626 lapide
433 2585 572 2626 prisco:
597 2594 674 2620 Qvi.
700 2594 929 2618 Anvwewrn.
948 2595 992 2618 Εο

293 2644 405 2668 nouo.
430 2644 635 2668 nuwfflcffl.
650 2643 767 2670 AREAE.
785 2644 874 2669 cvm.
897 2645 994 2668 OMNI

293 2694 421 2718 cvn‘rv.
446 2693 659 2718 EXORNATAE.
682 2692 760 2719 sm).
787 2695 844 2718 ΕΤ.
869 2695 996 2719 TESTA-

291 2742 438 2767 MENTO.
456 2742 656 2767 mvrsmnn.
681 2744 938 2771 EXEQVJARuM.
960 2745 996 2769 12:-

296 2794 363 2818 1vs.
379 2793 586 2818 uononxrr.
604 2793 708 2817 svu'r.

1046 2387 1279 2425 apparuerunt
1308 2392 1420 2415 rursus
1459 2382 1597 2424 fratres,
1626 2385 1742 2426 quales

1045 2434 1196 2473 fuerant,
1227 2432 1403 2464 discordes
1430 2437 1468 2464 et
1495 2426 1742 2465 dissociabiles.

1046 2485 1098 2516 En
1115 2484 1238 2515 iterum
1254 2483 1428 2523 specimen
1444 2482 1562 2515 borum
1571 2482 1729 2516 fratrum.

1086 2536 1150 2565 431
1176 2533 1346 2564 Exundunt
1357 2533 1458 2564 diviso
1469 2533 1741 2575 terficeflummae]

1047 2583 1208 2615 Imitatur
1237 2583 1414 2614 Lucanum
1441 2583 1501 2615 lib.
1526 2593 1553 2615 r.
1589 2583 1743 2616 ‘Vestali

1047 2640 1166 2676 raptus
1181 2634 1222 2666 ab
1233 2644 1291 2665 ara
1300 2633 1407 2675 Ignis,
1418 2638 1454 2665 et
1469 2634 1652 2666 ostendens
1665 2643 1744 2666 con-

1045 2685 1155 2718 sectas
1175 2683 1310 2717 flamma
1332 2685 1485 2724 Latinas,
1507 2684 1685 2716 Scinditur
1709 2685 1745 2716 in

1045 2741 1176 2779 partes,
1201 2735 1402 2777 geminoque
1432 2734 1608 2767 cacumine
1623 2735 1743 2776 surgit,

1049 2786 1230 2819 'Thebanos
1246 2784 1380 2817 imitata
1394 2783 1517 2826 rogos.'
