1858 3112
463 255 502 285 P.
535 252 727 285 mersu
760 251 927 284 s‘rA'ru
963 251 1109 283 svnv.
1146 251 1240 282 me.
1264 251 1336 282 111.
1367 243 1409 283 5.

197 352 269 384 tem
289 343 510 382 Brundusina
537 347 629 390 apud
644 347 793 389 majores
818 356 908 388 prae-

196 400 339 434 stabant
361 410 403 432 ex
424 403 546 432 stanno
572 403 609 432 et
636 409 705 430 aere
731 398 846 431 mixtis
863 408 906 430 ω-

194 442 274 484 tate
287 451 461 492 Pompeii.
502 450 697 482 Praxiteles
714 449 840 490 primus
856 448 906 481 t'e-

194 493 449 542 eit'a'rgenten.
486 501 599 533 Paul-o
617 507 700 532 ante
722 500 906 540 Vespasia-

194 551 409 597 nitempora'
423 552 602 584 inventum
617 555 670 582 est
694 550 821 581 addere
847 559 904 582 au-

196 610 287 635 runt.
308 623 310 626 >
331 602 422 636 Nam
440 602 488 635 ita
508 601 693 633 certiorem
720 600 903 641 imaginem

194 653 296 687 reddi
305 653 490 697 putabant.
514 652 637 684 Domil.

193 699 213 725 ²5
235 706 289 738 98·
304 704 471 748 Speculum
491 705 622 736 reclusit
641 703 780 744 imagine
795 703 903 745 rapta]

195 748 307 789 Vides
338 765 440 799 qnam
471 763 552 787 vere
581 759 684 786 canat
711 754 852 795 olymp.
878 763 903 785 1.

195 806 370 839 Pindarus
385 817 397 839 ε
409 819 412 826 ·
422 805 484 838 Καί
494 817 557 837 που
566 817 596 837 τι
609 803 661 836 καὶ
675 806 796 845 βροτῶν
808 802 906 846 φρένα

192 855 288 901 Ὑπὲρ
303 857 372 904 ,τὸν
398 849 508 897 ἂλὴθῆ
524 856 637 896 λόγον·
662 855 905 894 Δεδαιδαλμένοι

192 907 481 951 ψῶδεσιποικίλοις
494 907 704 948 Ἐξαπατῶντι
716 907 811 946 μῦθοι.
837 907 902 938 Im-

192 958 275 1003 pune
299 964 412 1002 gentes
448 961 566 1002 decipit
593 960 659 991 ltaec
693 959 796 991 Venus
821 960 902 991 Mel-

192 1012 253 1044 lilu
274 1015 392 1054 musto,
415 1011 529 1043 collido
545 1010 660 1042 musico
678 1010 816 1042 condire
837 1020 902 1042 ser·

193 1072 301 1095 mones
323 1063 438 1105 lepore,
465 1062 559 1094 Dans
591 1060 711 1093 nebulis
734 1061 901 1101 aliquando

191 1114 322 1156 pondua.
357 1113 456 1146 Nam
480 1122 558 1155 quae
586 1112 642 1144 hic
663 1111 778 1152 lepide
801 1111 900 1153 fingit

193 1165 233 1196 de
259 1164 348 1196 vultu
373 1163 485 1196 relicto
514 1162 549 1194 in
569 1163 711 1203 speculo,
744 1168 900 1203 pugnant

193 1224 274 1247 cnm
289 1208 461 1248 oraculari
476 1214 571 1246 dicto
587 1214 622 1245 S.
637 1213 775 1252 Jacobi,
793 1214 857 1254 Ep.
873 1222 899 1245 1.

192 1274 264 1308 qno
300 1265 494 1297 auditorem
531 1264 719 1306 Sapientiae
757 1264 900 1296 inertem

193 1315 477 1358 probntwimitem
502 1314 591 1355 esse,
612 1314 695 1356 ἀνδρὶ
721 1317 903 1348 κατανοῦντι

190 1365 230 1398 τὸ
239 1365 404 1408 πρόσάηον
416 1366 476 1404 τῆς
487 1364 638 1405 *γενέσεως
653 1365 747 1396 ain-03
759 1365 794 1397 ἐν
809 1365 901 1397 ἐσόπ-

190 1429 263 1460 τρῳ.
280 1419 332 1450 De
342 1417 789 1458 hoc-irritandas-volziptatis
802 1428 902 1459 orgu-

190 1463 251 1509 n'o,
268 1473 307 1501 ot
328 1468 557 1502 instrumento
572 1468 748 1500 muliebris
772 1469 903 1510 gloria’,

190 1517 249 1562 (ut
267 1514 454 1560 ¹speculum
491 1517 626 1550 Seneca
657 1523 693 1550 et
717 1519 900 1550 Tertullia-

191 1576 256 1601 nus
272 1567 487 1610 indigitantfi
503 1565 617 1610 deq'ue
632 1569 709 1610 ejus
727 1578 787 1600 usu
798 1574 835 1601 et
851 1569 902 1601 ef-

190 1618 286 1653 fecto
303 1619 390 1651 scite
409 1618 550 1651 Nounus
574 1616 664 1651 idem
690 1620 724 1650 in
754 1620 897 1662 Dionys.

189 1669 237 1702 de
262 1668 475 1710 Proserpina
496 1678 533 1700 se
563 1669 597 1700 iu
629 1679 726 1701 aeueo
757 1672 899 1711 speculo

190 1720 429 1762 conspiciente
445 1720 584 1752 cecinit.
609 1720 736 1752 Morell.
768 1721 813 1752 Et
827 1731 896 1762 spe-

189 1772 294 1804 alma
315 1770 461 1812 reela-it]
476 1780 480 1797 τ
496 1772 506 1789 ⁶
521 1770 737 1802 Reclndere'
758 1773 895 1812 apen-ire

189 1827 265 1855 eat:
276 1822 375 1865 >quid
387 1831 470 1862 ergo
479 1821 607 1854 reclusit
627 1822 782 1862 specuum
792 1826 812 1854 2,
829 1822 896 1854 imo

188 1873 326 1914 seclusit.
351 1872 391 1905 τὸ
408 1876 500 1914 rupta
516 1872 669 1904 imitatus
693 1878 747 1904 est
771 1873 894 1906 Claud.

188 1927 224 1960 in
243 1926 406 1968 'Epithah
424 1925 571 1958 Houorii
595 1929 632 1957 et
654 1925 791 1958 Mariae.
817 1927 898 1959 Gro-

187 1987 260 2010 nov.
277 1976 388 2010 Diatr.
398 1987 426 2008 c.
438 1979 492 2009 84.

233 2031 298 2060 106
315 2028 422 2060 Motus
445 2027 592 2067 miratur,
607 2026 678 2068 ssa]
710 2027 824 2060 Motio
848 2029 897 2060 al-

190 2078 274 2115 taris
304 2087 346 2110 ae
371 2077 506 2109 delubri
531 2082 736 2118 spontanea,
762 2079 894 2120 signnm

189 2127 406 2162 advenientis
437 2127 519 2167 Dei,
546 2129 739 2169 praesertim
761 2128 896 2170 Apolli-

187 2180 260 2212 nis:
283 2179 382 2220 Virg.
396 2177 532 2210 AEneid.
544 2186 602 2210 m.
625 2180 635 2196 ‘
645 2179 812 2211 Tremere
825 2189 896 2211 om-

188 2230 246 2263 nia
260 2228 334 2261 vina
355 2233 514 2270 repente,
539 2228 739 2271 Limiuaque
758 2231 895 2262 laurus-

187 2289 255 2323 que
271 2278 365 2312 Dei!
395 2278 604 2311 Claudianus
617 2279 661 2311 de
675 2280 780 2322 Rapt.
795 2282 894 2314 Pros-

187 2339 216 2363 ι.
238 2330 337 2364 ‘Jnrn
362 2330 444 2362 mihi
467 2335 658 2362 cernuntur
674 2332 820 2373 trepidis
835 2333 895 2365 de·

186 2382 289 2416 lubra
310 2381 442 2415 moveri
464 2380 607 2413 Sedibus
623 2387 661 2414 et
682 2383 809 2415 claram
826 2385 895 2416 dis-

187 2441 334 2475 pergere
363 2432 514 2464 culmina
543 2433 669 2473 lucem,
695 2433 894 2468 Adventum

186 2487 316 2516 testata
346 2482 440 2522 Dei‚’
467 2484 532 2515 &c.
578 2483 756 2517 Interdum
774 2489 894 2518 -tamen

185 2535 264 2569 haec
284 2535 396 2567 vmotio
413 2539 469 2567 est
484 2535 562 2567 mali
587 2536 722 2577 ominis,
742 2542 779 2570 ut
801 2538 893 2580 apud

185 2590 343 2620 nostrum
361 2585 399 2617 in
412 2585 522 2629 rljlieb.
534 2594 583 2618 ιν.
610 2587 755 2620 Crucem.
803 2610 806 2614 .

183 2658 191 2663 -
231 2638 354 2670 Cum.
370 2645 407 2669 v.
432 2639 456 2668 9
475 2637 545 2668 Non
559 2635 768 2680 intertextas]
782 2639 893 2671 Vitia-

185 2694 257 2722 tam
269 2690 359 2722 hanc
371 2698 489 2721 vocem
503 2698 579 2720 esse
590 2690 679 2722 ratio
689 2690 814 2723 debitae
827 2693 896 2734 sig·

185 2739 395 2773 nificationis
409 2739 578 2771 ostendit.
623 2741 701 2773 Non
725 2742 813 2773 enim
829 2743 896 2774 alia

186 2791 360 2824 sententia
374 2799 449 2822 esse
461 2790 564 2821 debet
575 2799 674 2831 quam
688 2801 753 2823 non
767 2793 894 2825 deduc-

186 2848 224 2876 to
233 2841 277 2875 ad
285 2840 400 2882 finem,
409 2840 469 2873 sed
478 2841 674 2883 interrupto
689 2846 798 2885 textu,
810 2853 894 2876 nun-

1553 243 1664 285 1717

959 356 1057 389 quam
1088 346 1131 378 ad
1162 346 1264 379 finem
1295 347 1398 379 telam
1431 347 1614 379 deductam
1646 359 1665 380 a

960 398 1149 438 Penelope.
1207 397 1247 430 ln
1271 398 1338 429 Ms.
1367 397 1468 438 libro,
1493 408 1559 441 quo
1587 408 1666 430 usus

959 454 1012 481 est
1052 449 1249 480 Fridericus
1282 449 1533 490 Lindebrogius
1557 450 1666 491 scrip—

958 502 1029 531 tum
1045 499 1240 531 intersectas.
1285 499 1387 533 Quod
1402 509 1444 531 ex
1457 504 1573 532 mente
1587 510 1667 532 auc-

958 549 1042 580 toris
1053 558 1130 580 esse
1142 550 1262 590 possit.
1294 552 1304 567 ‘
1323 549 1547 581 intersecuit’
1564 550 1668 592 enim,

956 603 1028 631 sive
1043 600 1162 640 solvit,
1186 605 1303 642 noctu,
1319 611 1396 642 quae
1413 602 1467 633 die
1491 607 1666 635 texuerat.

958 652 1032 693 Ego
1051 657 1162 683 tamen
1176 652 1361 693 Papinium
1374 653 1554 694 scripsisse
1571 658 1667 695 puto,

960 703 1033 734 Non
1057 703 1273 744 impertextas.
1321 703 1412 735 Orsa
1437 704 1528 735 enim
1555 704 1665 746 quoti—

957 754 1026 795 die,
1061 759 1097 786 et
1142 755 1296 794 redorsa,
1339 764 1511 797 nunquam
1550 761 1664 788 tamen

957 805 1136 845 pertexuit
1166 805 1258 847 quod
1287 810 1472 847 pertexere
1500 807 1589 838 velle
1615 807 1664 839 vi-

956 855 1115 888 debatur.
1160 856 1259 887 Illam
1275 855 1457 887 lectionem
1477 856 1664 888 Lindebro-

956 906 1046 947 giani
1068 906 1145 938 libri
1172 906 1330 938 antehoc
1353 906 1602 949 sesquiseelum
1628 908 1662 939 in

955 957 1056 988 editis
1072 958 1174 988 etiam
1192 957 1290 989 libris
1310 956 1430 997 fuisse,
1443 959 1503 990 sed
1521 969 1663 1000 corrup-

955 1012 1025 1039 tam
1045 1008 1202 1039 indicant
1219 1008 1372 1049 Philippi
1394 999 1555 1040 Beroaidi
1571 1018 1663 1040 com-

955 1058 1136 1098 mentaria,
1154 1058 1186 1088 in
1200 1057 1439 1098 Propertium,
1463 1059 1484 1089 Ι.
1503 1067 1547 1089 ιι.
1565 1058 1663 1098 Eleg.

952 1110 984 1139 9.
1030 1109 1099 1142 Qui
1138 1107 1304 1147 interfecta
1336 1107 1507 1149 producit.
1543 1108 1662 1140 Barth.

954 1159 1027 1190 Non
1037 1159 1225 1200 commenta]
1252 1159 1328 1191 Non
1349 1159 1482 1200 fingens
1500 1164 1538 1190 ut
1552 1159 1663 1190 Pene-

953 1210 1049 1251 lope:
1066 1219 1143 1241 nam
1159 1210 1228 1250 illa,
1244 1214 1281 1240 ut
1293 1213 1348 1241 est
1363 1208 1454 1249 apud
1475 1209 1662 1241 Homerum

953 1260 989 1291 in
1006 1261 1177 1302 Odyssea,
1195 1269 1316 1301 procos
1332 1259 1435 1291 elusit
1452 1259 1662 1292 matrimoni-

955 1320 1010 1341 um
1039 1311 1242 1352 promittens
1265 1320 1341 1342 cum
1382 1309 1586 1342 absolvisset
1612 1315 1663 1342 te-

954 1363 1044 1393 lam:
1068 1372 1167 1404 quam
1184 1362 1238 1393 die
1255 1360 1392 1403 quidem
1410 1361 1564 1401 texebat,
1582 1371 1661 1394 noc-

955 1418 991 1445 tu
1018 1423 1099 1445 vcro
1124 1408 1399 1450 redordiebatur‚
1426 1418 1464 1443 ut
1490 1413 1539 1443 ita
1565 1412 1661 1444 labor

955 1465 1228 1506 produceretur:
1267 1467 1304 1495 et
1328 1463 1477 1494 Ovidius
1502 1459 1547 1494 ad
1578 1473 1661 1495 uxo·

954 1525 1046 1547 rem:
1074 1525 1139 1546 non
1165 1519 1218 1546 est
1244 1514 1307 1546 tibi
1329 1523 1428 1554 opus,
1449 1513 1574 1555 inquit,
1590 1515 1661 1546 tela

955 1567 1156 1600 Icariotide.
1181 1565 1357 1598 Domitius.

996 1620 1035 1650 11
1061 1617 1125 1649 Dic
1139 1620 1244 1648 tannen
1261 1617 1342 1648 unde
1356 1616 1420 1647 alia
1443 1616 1521 1647 milri
1537 1614 1661 1657 fronte,

951 1671 983 1700 et
1003 1668 1112 1700 nubila
1136 1667 1238 1708 υιιὶέιι]
1263 1667 1608 1708 Μίιίῆεεεεκρηεείι
1621 1666 1660 1698 τὸ

950 1717 1110 1760 συννεφὲς,
1125 1729 1192 1761 quo
1210 1718 1326 1751 Graeci
1353 1717 1502 1749 frontem
1517 1716 1659 1759 φροντίσι

950 1777 1179 1811 contractam,
1203 1780 1262 1803 seu
1287 1771 1507 1813 supercilium
1531 1772 1660 1804 moesti-

949 1822 1007 1854 tiae
1031 1821 1395 1860 nubibusobductum,
1417 1821 1567 1861 signant,
1588 1831 1659 1853 me-

947 1873 1093 1915 taphora
1108 1873 1250 1914 pulchre
1267 1872 1370 1903 dueta
1386 1872 1427 1904 ab
1443 1871 1522 1904 aere
1538 1873 1658 1914 caligi-

947 1936 1031 1958 noso
1046 1931 1081 1958 et
1099 1931 1256 1967 tempore
1270 1925 1399 1966 nubilo,
1411 1935 1489 1957 cum
1513 1927 1522 1943 ‘
1537 1926 1659 1957 Horri-

947 1977 1201 2019 datetnpestas
1218 1982 1346 2010 coetum
1364 1977 1565 2009 contraxit.'
1608 1976 1657 2009 Α-

948 2028 1016 2070 pud
1036 2028 1234 2069 Euripidem
1262 2029 1294 2059 in
1321 2028 1493 2061 Pnoeniss.
1518 2027 1659 2070 Κρέοντα

921 2068 925 2071 ¹
944 2077 1070 2110 λεύσσω
1084 2078 1173 2110 τόνδε
1187 2080 1274 2120 δεῦρο
1289 2081 1424 2120 συννεφῆ
1447 2079 1528 2121 Πρὸς
1548 2079 1658 2119 δόμους

945 2129 1127 2169 στείχοντα.
1175 2131 1276 2161 Cerno
1294 2130 1458 2162 Creontem
1468 2130 1574 2162 nubilo
1591 2131 1658 2162 vul-

945 2185 980 2213 tu
994 2183 1090 2223 pedes
1106 2181 1179 2213 Huc
1193 2180 1414 2218 conferentem.
1436 2181 1577 2213 Morell.

987 2237 1030 2266 20
1075 2235 1160 2265 Vada
1195 2231 1390 2272 caligantia]
1431 2233 1498 2264 Vel
1537 2230 1657 2273 ignota

944 2285 1124 2317 maximam
1145 2290 1291 2326 partem,
1309 2284 1362 2315 vel
1377 2282 1441 2314 sub
1467 2283 1655 2325 caliginoso

946 2338 1035 2368 coelo
1062 2337 1143 2368 sita.
1190 2335 1293 2367 Dicas
1325 2344 1426 2366 unam
1454 2339 1591 2366 noctem
1619 2340 1657 2367 et

945 2398 1048 2419 unum
1073 2387 1163 2418 diem
1187 2386 1343 2425 innuere,
1365 2395 1448 2426 quas
1465 2394 1528 2426 per
1545 2390 1655 2417 totum

944 2449 1069 2470 annum
1092 2438 1169 2469 huic
1185 2437 1313 2469 Insulae
1336 2435 1598 2477 adscribebant,
1616 2442 1656 2468 ut

945 2489 1147 2532 Cymmeriis
1164 2485 1372 2520 Herodotus.
1392 2487 1578 2519 Sententia
1592 2486 1657 2528 igi-

945 2545 1001 2572 tur
1018 2540 1156 2581 Papinii
1178 2539 1224 2570 sit
1245 2547 1309 2569 non
1334 2537 1562 2569 deserendum
1583 2547 1620 2569 se
1635 2548 1656 2569 a

945 2590 1091 2623 Claudia
1112 2599 1186 2628 sua,
1212 2588 1345 2620 etiamsi
1377 2588 1404 2618 si
1429 2597 1471 2619 eo
1497 2593 1654 2628 tempore

942 2643 1006 2683 ipsi
1036 2642 1088 2686 in.
1107 2641 1242 2672 'l'liulen
1279 2639 1507 2680 navigandum
1539 2639 1660 2681 fuerit,

943 2702 1010 2734 quo
1030 2696 1105 2723 tota
1121 2699 1162 2722 ea
1178 2690 1275 2731 regio
1291 2690 1363 2722 sole
1379 2696 1510 2723 careat.
1555 2690 1655 2722 Insu-

944 2743 1010 2774 iam
1029 2751 1104 2773 esse
1127 2741 1262 2772 Thulen
1284 2741 1604 2781 septentrionalem,
1620 2740 1655 2772 in

944 2803 1012 2835 qua
1026 2796 1086 2824 aut
1101 2800 1275 2832 nunqnam
1295 2795 1355 2822 aut
1370 2800 1447 2823 raro
1464 2792 1520 2822 lux
1538 2789 1653 2821 videa-

946 2848 1014 2886 tur,
1026 2843 1131 2886 idque
1145 2851 1219 2879 sese
1237 2841 1280 2874 ab
1292 2842 1416 2875 accolis
1430 2840 1576 2873 sontium
1586 2841 1653 2873 Ta·
