1846 3120
304 198 417 240 1552
799 209 839 240 P.
873 209 929 240 ΡΑ
940 209 1063 240 1’1N11
1097 210 1260 242 s'm'rn

303 302 391 345 Sed
409 301 515 344 mihi
537 312 735 342 curarum
753 300 862 343 satis
877 304 947 343 est
966 313 1046 355 pro
1066 302 1201 356 stirpe
1220 302 1351 346 virili.

303 368 422 411 Haec
443 368 642 410 calathos
661 372 706 408 et
725 380 854 410 sacra
872 367 1004 410 ferat:
1035 371 1080 409 tu
1098 367 1247 422 frange
1267 369 1453 424 regendo
1660 372 1747 416 855

303 436 560 486 Indocilem,
583 448 828 489 sexumque
846 440 962 486 tene,
988 435 1092 477 dum
1112 437 1273 478 nubilis
1294 441 1419 497 aetas,

302 502 639 556 Solvendusque
657 501 820 555 pudor-2
848 514 960 544 neve
977 515 1184 545 exercere
1200 508 1428 558 protervas

302 568 575 622 Gymnadas,
595 572 670 611 aut
683 568 834 610 lustris
853 581 1077 611 nemorum
1097 570 1289 612 concede
1308 571 1470 625 vagari.

302 635 431 677 Intus
452 635 538 686 ale,
559 638 604 677 ct
621 635 787 677 similes
807 635 921 676 inter
942 635 1120 677 seclude
1140 636 1327 690 puellas.
1641 678 1644 681 ,
1731 678 1734 681 ,

301 701 466 743 Littore
482 702 724 756 praecipue,
744 705 960 756 portuque
981 715 1127 744 arcere
1145 708 1379 746 memento.
1659 704 1745 749 860

300 766 463 809 Vidisti
483 767 617 809 modo
637 768 739 810 vela
757 767 1000 822 Phrygum:
1023 768 1120 822 jam
1140 773 1294 811 mutua
1307 770 1409 824 jura

301 833 472 875 Fallere
492 835 762 876 transmissae
783 835 942 889 pelago
964 834 1158 876 didicere
1179 837 1351 879 carinae.

299 899 491 942 Accedit
510 900 640 942 dictis
655 909 797 956 pater,
819 901 1081 955 ingenioque
1100 904 1294 956 parentis

300 966 536 1009 Occultum
557 968 771 1010 AEaciden
786 968 907 1023 (quis
928 968 1093 1010 Divum
1113 969 1340 1011 fraudibus
1360 970 1510 1017 obstet
1519 969 1563 1025 ¹2)

299 1032 503 1088 Accipit:
533 1033 645 1075 ultro
663 1035 794 1076 etiam
814 1038 1042 1076 veneratur
1060 1036 1267 1090 supplice
1288 1036 1460 1088 dextra,
1656 1036 1744 1082 365

298 1099 357 1141 Et
374 1104 522 1152 grates
542 1101 704 1142 electus
724 1101 843 1153 agit:
872 1113 953 1142 nec
976 1102 1103 1143 turba
1121 1102 1293 1156 piarum

298 1165 559 1219 Scyriadum
580 1171 722 1208 cessat
740 1167 873 1208 nimio
892 1167 1079 1220 defigere
1098 1169 1198 1210 visu

296 1229 491 1285 Virginis
513 1245 592 1275 ora
611 1246 756 1284 novae,
777 1238 989 1288 quantum
1011 1235 1199 1284 cervice,
1221 1236 1447 1291 comisque
1501 1245 1503 1249 ’

296 1297 516 1349 Emineat‚
536 1303 831 1354 quantumque
848 1300 1049 1343 humeros
1070 1313 1124 1343 ac
1145 1307 1328 1356 pectora
1345 1302 1514 1345 fundat.

295 1404 499 1437 Amazonum.
542 1405 606 1437 Sed
618 1406 695 1438 mihi
709 1407 787 1438 satis
802 1410 849 1439 est
861 1406 1069 1439 solicitudinis
1080 1416 1138 1448 pro
1152 1408 1240 1440 virili
1263 1409 1374 1442 sobole.
1407 1409 1488 1441 Hoec
1500 1411 1592 1449 gerat
1605 1409 1743 1442 calaum

295 1450 326 1478 et
339 1456 428 1478 sacra
435 1458 448 1484 ;
470 1451 524 1478 tua
538 1448 702 1489 disciplina
715 1450 804 1480 doma
817 1449 903 1480 illius
915 1448 1070 1489 animum,
1079 1454 1110 1481 et
1124 1450 1336 1482 introesexum
1353 1451 1486 1491 contine,
1505 1453 1600 1483 donec
1620 1451 1663 1483 eit
1674 1462 1741 1483 ma-

295 1491 367 1519 tura
381 1489 499 1529 nuptiis
513 1493 543 1520 et
558 1491 702 1522 solvenda
716 1490 896 1530 virginitas.
941 1491 1050 1532 Neque
1070 1492 1204 1532 patiaris
1218 1492 1305 1524 illam
1322 1493 1524 1534 frequentare
1540 1492 1664 1531 [σου.
1683 1503 1741 1534 pa·

294 1530 428 1571 loestras,
453 1534 510 1562 aut
532 1541 637 1563 errare
663 1542 719 1573 per
744 1534 859 1574 sylvas.
904 1531 1002 1564 Serva
1025 1533 1119 1572 domi,
1143 1537 1173 1564 et
1198 1543 1307 1575 sepone
1330 1535 1413 1567 inter
1437 1535 1570 1576 aquales
1590 1535 1741 1575 virgines.

295 1572 439 1604 Maxime
453 1574 615 1604 recordare
629 1583 695 1605 eam
709 1583 814 1606 arcere
837 1585 856 1606 a
881 1574 972 1615 ripis,
996 1577 1027 1606 et
1049 1577 1157 1615 portu.
1197 1576 1361 1616 Aspexisti
1381 1578 1469 1608 modo
1482 1578 1550 1608 oeta
1564 1577 1741 1618 Phrygum.

293 1614 370 1644 Jam
384 1624 480 1646 naves
494 1625 579 1647 mare
594 1618 839 1647 transcurrentes
853 1617 1028 1647 didicerunt
1048 1616 1164 1648 violare
1182 1617 1263 1656 jura
1283 1619 1435 1658 gentium.
1477 1618 1550 1650 Rex
1570 1619 1741 1651 mentitur

293 1656 396 1688 verbis
411 1656 561 1696 Thetidis,
583 1660 615 1688 et
629 1658 695 1689 acci
720 1658 743 1689 ‘t
756 1658 912 1690 AEaciden
926 1657 1053 1689 solertia
1075 1660 1216 1700 parentis
1243 1661 1426 1692 occultatum
1438 1672 1450 1692 .-
1476 1660 1562 1701 (quis
1571 1663 1678 1701 potest
1689 1669 1739 1692 re-

293 1698 405 1729 sistere
419 1698 498 1730 dolis
512 1699 696 1731 numinum?
734 1700 903 1740 quinetiam
924 1700 991 1740 ipse
1012 1709 1080 1731 eam
1101 1704 1268 1733 veneratur
1290 1703 1425 1743 supplice
1453 1711 1556 1739 manu,
1582 1705 1614 1734 et
1642 1702 1739 1740 refert

290 1740 428 1779 gratias,
449 1741 529 1780 quod
549 1742 662 1772 electus
720 1741 791 1773 erit.
838 1743 907 1774 Nec
928 1742 1018 1773 turba
1043 1741 1220 1783 Scyt-iarum
1235 1744 1350 1781 desinit
1362 1745 1460 1775 aciem
1472 1745 1626 1775 oculorum
1638 1745 1739 1775 inten-

292 1783 364 1813 dere
378 1782 412 1813 in
427 1785 546 1814 vultum
560 1792 647 1815 ηουσέ
657 1785 781 1824 puelloe,
794 1787 825 1816 et
839 1784 949 1816 mirari
961 1787 1110 1825 quantum
1124 1787 1247 1817 statura
1259 1786 1406 1826 emineat,
1415 1796 1506 1827 quam
1519 1786 1593 1818 latis
1605 1786 1740 1818 humeris

897 1878 915 1890 θ
919 1877 1135 1890 0000000000,

292 1941 364 1980 Ipse
377 1941 464 1973 vides
473 1950 515 1973 ex
527 1941 626 1973 codd.
638 1942 736 1974 malit
751 1942 1031 1976 Remmium—854
1052 1943 1137 1975 Exc.
1150 1943 1256 1983 Bur-g.
1266 1953 1323 1984 pro
1333 1947 1424 1984 parte
1436 1942 1641 1975 virili—866
1657 1943 1736 1976 Put.

289 1992 425 2023 sexuque
449 1986 638 2015 lena—358
678 1985 764 2016 Exc.
796 1985 902 2026 Burg.
938 1986 1021 2016 hamt
1054 1986 1280 2017 lustris—360
1310 1986 1396 2018 Exc.
1422 1986 1526 2025 Burg.
1559 1995 1580 2016 n
1606 1995 1652 2018 m.
1683 1995 1735 2026 pr.

288 2030 438 2065 portaque
450 2036 462 2062 ;
499 2035 542 2056 ex
567 2027 701 2059 emend.
740 2029 1008 2068 penuque—36⁷
1035 2026 1222 2068 Scyriadum
1255 2031 1353 2059 cessat
1381 2027 1468 2059 niveo
1496 2027 1577 2059 Pnt.
1603 2029 1642 2059 de
1687 2037 1739 2060 ere

290 2067 377 2099 vultu
405 2067 491 2100 Exc.
513 2068 726 2109 Burg.—-369
755 2069 864 2109 Lang.
891 2069 1032 2101 humeros
1058 2079 1078 2100 a
1104 2073 1227 2110 pectore
1251 2070 1472 2108 summ—371
1499 2069 1605 2111 Lang-
1685 2079 1736 2103 ur.

939 2151 1079 2185 NOTAE

331 2215 394 2244 355
420 2212 500 2245 Hoec
511 2214 646 2247 calathos
659 2219 691 2247 et
705 2215 904 2256 sat-raserat]
938 2206 981 2247 Id
1034 2217 1083 2248 les
1098 2217 1303 2249 occultetur.
1320 2215 1482 2257 Superius
1494 2215 1604 2248 dixit:
1619 2215 1631 2235 ‘
1641 2214 1734 2248 Eunt
1788 2239 1791 2242 -

290 2266 353 2299 est,
383 2257 566 2295 lanificium
605 2264 851 2307 muliebriaque
876 2274 983 2306 opera
1034 2265 1117 2298 tutis
1133 2270 1300 2298 terrarum
1316 2265 1457 2297 crimina
1484 2265 1567 2296 velis
1595 2265 1648 2296 Ex
1665 2274 1733 2306 quo

288 2317 461 2353 exerceat,
475 2318 511 2345 et
522 2323 621 2346 sacra
637 2315 804 2347 Minervae
820 2315 922 2347 colat.
1027 2316 1108 2356 jura
1133 2315 1214 2348 freti
1249 2315 1532 2356 majestatemque
1556 2318 1731 2356 repostam

330 2365 394 2394 357
417 2364 572 2396 Exercere
592 2369 753 2405 protervas
784 2364 980 2406 Gymnadas]
1033 2365 1143 2406 Rupit
1169 2365 1308 2397 Iasonia
1333 2364 1458 2406 puppis
1493 2364 1656 2405 Pagnsaea
1678 2373 1730 2396 rn-

286 2411 329 2442 Id
345 2416 411 2452 est,
434 2411 531 2444 ludos
558 2413 782 2454 palaestricos,
805 2414 981 2455 praecipue
1033 2414 1136 2456 pina!

285 2460 426 2502 luctam,
447 2463 527 2503 quia
541 2462 623 2493 nudi
647 2462 839 2502 certabant,
862 2463 979 2504 sicque
1073 2467 1138 2496 364
1163 2464 1243 2500 Quis
1269 2463 1390 2495 Divum
1419 2462 1592 2502 fraudibus
1616 2462 1731 2504 obstet]

286 2508 427 2541 detecta
442 2509 563 2543 fuisset
584 2510 679 2543 fraus
694 2512 857 2544 Thetidis.
901 2512 978 2544 Hac
1031 2513 1277 2557 Epiphonema,
1306 2512 1406 2554 quale
1449 2511 1533 2543 illud
1571 2510 1729 2553 Virgilii:

285 2567 370 2590 voce
386 2568 465 2590 usus
489 2564 542 2591 est
568 2560 732 2602 Papinius
758 2561 865 2593 Theb.
879 2569 930 2594 xv.
943 2565 978 2592 et
1030 2566 1040 2580 ‘
1054 2563 1138 2596 Quis
1151 2562 1272 2595 fallere
1289 2562 1399 2604 possit
1415 2560 1621 2595 amuntemi'

284 2608 319 2644 in
334 2608 454 2650 Sylvis.
1071 2614 1135 2644 369
1159 2612 1378 2653 Quantumque
1396 2612 1538 2644 tamnen-os
1556 2621 1593 2643 ac
1602 2614 1728 2652 pectora

327 2660 390 2689 361
413 2658 531 2691 Vidisti
545 2661 632 2691 modo
640 2661 708 2692 vela
721 2661 896 2702 Phrygum,
906 2661 977 2702 dc]
1019 2662 1151 2703 fundat]
1169 2662 1210 2693 Id
1222 2667 1286 2703 est,
1298 2672 1396 2704 quam
1410 2663 1498 2694 latos
1508 2662 1677 2702 humeros,
1689 2665 1727 2695 et

285 2706 473 2740 Honestam
489 2717 622 2742 causam
638 2710 789 2753 adducit,
807 2715 845 2744 ut
862 2710 975 2744 Achil·
1029 2721 1129 2754 quam
1153 2711 1230 2745 fusa
1245 2716 1385 2754 pectora
1405 2712 1529 2744 habeat
1552 2715 1589 2745 et
1606 2708 1726 2745 'osten-
