1846 3120
257 233 372 277 1382
752 241 793 274 P.
826 243 1015 285 PAPlNu
1048 243 1213 277 surii

258 339 389 381 Unde
408 339 478 381 hic
498 337 652 380 mortis
673 338 827 379 amor?
858 350 959 392 quae
982 350 1107 380 sacra
1120 340 1295 381 insania
1308 341 1443 384 menti
1457 343 1478 384 'l

260 402 446 456 Quosve
466 418 547 459 ego
567 408 823 459 conceptus,
845 411 920 447 aut
938 415 1038 459 quae
1057 407 1171 448 male
1191 407 1377 461 pignora
1395 409 1490 451 fudi

260 472 372 514 Tam
389 471 564 514 diversa
578 471 718 512 mihi?
748 472 950 513 nimirum
969 471 1158 515 Martius
1181 475 1348 528 anguis,

262 537 467 592 Quaeque
487 539 614 581 novis
635 551 849 593 proavum
869 540 999 581 tellus
1020 539 1205 583 effloruit
1225 543 1372 584 armis.

262 604 384 646 Hinc
405 606 537 647 animi
557 607 717 656 tristes,
736 607 984 661 nimiusque
1005 609 1050 649 in
1070 613 1251 663 pectore
1270 609 1469 663 Mavors,

262 671 324 712 Et
344 671 397 713 de
416 677 555 715 matre
575 674 709 716 nihil:
739 679 896 728 sponte
919 688 971 716 en
993 676 1195 731 ultroque
1216 683 1438 731 peremtus

262 737 477 793 Irrumpis
497 746 682 783 moestas
699 741 805 783 fatis
825 742 1069 785 nolentibus
1091 745 1284 786 umbras.

263 803 354 847 Ast
373 811 543 860 egomet
565 808 763 859 DanaOS‚
783 807 1082 864 Capaneaque
1102 811 1194 853 tela
1212 813 1409 854 verebar.
1658 847 1660 850 >

266 873 509 924 Haecemt,
530 874 627 916 haec
649 875 880 917 metuenda
897 889 1067 928 manus,
1085 877 1345 933 ferrumque,
1363 880 1484 934 quod
1505 880 1660 925 amens

264 939 375 994 Ipsa
390 941 523 984 dedi:
555 942 710 994 viden'‚
729 946 777 984 ut
789 943 947 998 jugulo
969 947 1257 1001 consumserit
1275 959 1427 988 ensem
1443 949 1463 990 ’ἱ
1568 950 1571 953 ’

265 1006 416 1049 Altius
435 1009 554 1050 haud
574 1010 808 1065 quisquam
829 1011 1038 1053 Danaum
1058 1025 1265 1054 mucrone
1286 1014 1494 1057 subisset.

268 1075 455 1118 Diceret
472 1077 626 1119 infelix
641 1079 875 1120 etiamnum
896 1085 941 1121 et
960 1084 1118 1122 cuncta
1138 1080 1327 1135 repleret

270 1140 537 1192 Questibus:
569 1144 795 1187 abducunt
814 1147 1012 1198 comites,
1032 1147 1295 1202 famulae‘que
1314 1162 1518 1202 perosam

270 1208 476 1251 Solantes
496 1211 773 1266 thalamoque
791 1217 962 1256 tenent:
992 1214 1117 1256 sedet
1137 1219 1262 1257 eruta
1281 1216 1419 1259 multo

272 1275 430 1330 Ungue
450 1290 606 1330 genas:
636 1292 724 1323 non
743 1280 821 1322 illa
840 1281 969 1332 diem,
988 1295 1077 1324 non
1096 1283 1228 1326 verba
1246 1287 1499 1338 precantum

1617 410 1714 459 3⁰5.

1620 747 1709 795 em

1626 1077 1712 1135 815

272 1385 344 1417 dere
366 1386 520 1425 infelicem
534 1391 675 1421 matrem.
724 1389 814 1421 Unde
827 1389 892 1421 haec
905 1389 1014 1431 cupido
1030 1391 1106 1423 leti?
1151 1392 1230 1428 Quae
1243 1392 1346 1423 animo
1363 1392 1544 1424 execrabilis
1558 1393 1717 1426 vecordia?

266 1428 402 1471 ‘Quosve
415 1439 472 1470 ego
486 1432 621 1474 concepi,
634 1435 665 1463 et
679 1441 754 1473 quos
769 1433 846 1464 male
867 1433 963 1473 genui
987 1432 1107 1474 liberos,
1127 1437 1191 1465 tam
1205 1444 1225 1465 a
1238 1445 1285 1466 me
1298 1435 1452 1466 diversos?
1495 1436 1612 1477 Nempe
1625 1436 1716 1468 Mar-

274 1471 337 1502 tius
350 1473 455 1512 draco,
469 1477 500 1504 et
514 1477 608 1513 terra,
624 1484 692 1515 quoe
707 1485 723 1506 e
736 1475 805 1506 sinu
817 1476 967 1515 produxit
981 1480 1134 1508 armatum
1145 1487 1301 1518 proavum.
1337 1477 1415 1509 Inde
1426 1477 1525 1517 ferox
1537 1479 1671 1518 animus,
1685 1481 1717 1510 et

274 1513 369 1545 Mors
383 1515 497 1546 nimius
510 1516 545 1547 in
558 1518 658 1553 eorde,
674 1521 705 1548 et
719 1518 800 1549 nihil
813 1519 850 1549 de
864 1521 962 1550 matre
975 1523 1119 1550 sumtum.
1162 1520 1215 1550 En
1230 1522 1337 1560 sponte
1351 1523 1383 1552 et
1395 1521 1478 1551 ultro
1492 1520 1608 1553 mim
1621 1521 1719 1553 irruis

273 1555 383 1588 invitis
388 1557 473 1595 fatis
483 1558 516 1589 in
528 1559 634 1591 tristes
643 1559 778 1598 Inferos.
806 1560 919 1592 Verum
931 1570 986 1601 ego
998 1561 1140 1593 timebam
1150 1561 1277 1593 Groeeos
1294 1565 1324 1594 el
1335 1562 1472 1602 sagittas
1481 1563 1628 1604 Capanei.
1651 1563 1719 1596 Tua

277 1599 390 1630 dextra
405 1603 474 1639 erat
486 1603 632 1642 cavenda,
646 1604 798 1635 cavendus
811 1603 904 1640 ensis,
919 1614 1006 1645 quem
1020 1603 1088 1644 ipsa
1102 1614 1206 1636 amens
1219 1604 1279 1636 tibi
1294 1604 1423 1637 tradidi.
1479 1605 1589 1646 Cerne,
1608 1609 1648 1648 ‘ut
1662 1605 1721 1638 im-

276 1642 387 1674 mersit
400 1645 501 1674 totum
516 1654 616 1676 ensem
630 1645 663 1676 in
675 1649 799 1686 guttur.
843 1645 958 1677 Nullus
975 1646 1154 1678 Graecorum
1167 1647 1292 1687 cuspide
1305 1648 1401 1680 altius
1413 1650 1615 1688 penetrasset.
1658 1647 1721 1680 Lo-

277 1687 351 1715 cuta
370 1684 491 1723 ficisset
511 1687 609 1718 adhuc
630 1687 834 1728 infortunata,
856 1691 888 1719 et
909 1689 1090 1729 replevisset
1110 1690 1214 1720 omnia
1231 1689 1385 1721 lamentis.
1429 1691 1587 1723 Matronae
1606 1693 1639 1722 et
1663 1700 1719 1722 ωι-

277 1726 360 1758 cillae
373 1728 521 1760 lenientes
534 1729 685 1762 abducunt
701 1730 843 1770 invitam,
857 1734 888 1762 et
909 1730 942 1762 in
963 1730 1099 1764 cubiculo
1122 1735 1235 1764 tenent.
1279 1731 1372 1764 Sedet
1386 1733 1474 1764 vultu
1487 1732 1604 1765 laniato
1624 1733 1720 1766 mutto

276 1778 391 1810 ungue.
435 1770 498 1803 Illa
511 1782 570 1803 non
585 1773 725 1804 intuetur
739 1774 846 1815 lucem,
862 1783 923 1804 non
936 1774 1076 1805 admittit
1089 1784 1240 1806 sermones
1252 1775 1484 1817 consolantium,
1494 1778 1549 1807 aut
1562 1776 1721 1818 detorquet

884 1855 1056 1869 “Noun“
1059 1857 1117 1869 OOO

274 1906 425 1949 Lipsiau.
441 1909 531 1940 Dan.
555 1909 637 1942 Put.
660 1909 782 1942 Petav.
799 1915 835 1942 et
851 1910 929 1943 edd.
948 1915 1030 1943 vett.
1050 1911 1132 1943 mala
1148 1912 1290 1952 pignora.
1321 1911 1410 1944 Vide
1431 1913 1514 1946 Not.
1530 1913 1721 1946 Van—80⁷

274 1950 318 1982 In
334 1950 534 1992 quibusdam
550 1952 650 1984 codd.
669 1953 822 1985 Barthii:
846 1954 977 1995 effloruit
992 1954 1195 1985 arvia—811
1218 1955 1263 1986 At
1279 1958 1397 1994 egomet
1412 1965 1498 1987 unus
1513 1956 1638 1989 Behot.
1659 1957 1723 1989 Ast

275 2002 333 2032 ego
348 1994 396 2024 vel
410 1994 538 2026 Danaos
551 1995 672 2035 optimi
687 1995 786 2027 codd.
802 1997 1047 2028 Barthii.—815
1071 1997 1166 2028 Unus
1185 1997 1304 2028 Behot.
1330 2001 1442 2030 cuncta
1459 1999 1723 2040 repleam—816

279 2036 444 2068 Flentibus
468 2046 530 2079 pro
559 2038 723 2074 Questibus
747 2038 780 2070 in
806 2038 925 2071 eodem
949 2039 1184 2072 codiee—818
1210 2039 1332 2072 Heius.
1362 2040 1398 2072 in
1421 2040 1568 2074 Advers.
1593 2051 1627 2084 p.
1647 2044 1723 2074 629.

927 2125 1074 2158 NOTAE

321 2190 382 2219 805
401 2188 502 2230 Male]
513 2188 590 2220 Hoc
603 2192 668 2229 est,
683 2188 879 2229 infeliciter,
895 2199 971 2222 meo
1067 2193 1130 2222 813
1170 2189 1294 2230 Viden',
1317 2194 1353 2222 ut
1367 2190 1498 2232 jugulo]
1530 2190 1587 2223 sic
1611 2190 1725 2233 virgi-

278 2246 400 2278 magno
416 2239 511 2270 luctu
526 2243 561 2270 et
577 2240 675 2271 malo.
720 2240 848 2272 Noster
863 2240 973 2272 Theb.
1026 2240 1088 2272 lius
1102 2251 1110 2272 :
1128 2243 1137 2259 ‘
1153 2240 1276 2273 Viden'
1287 2244 1325 2272 ut
1336 2242 1479 2282 geminae
1489 2245 1583 2274 stent
1594 2242 1724 2274 vertice

279 2297 346 2320 vn.
359 2292 368 2306 ‘
384 2290 429 2321 Et
440 2289 475 2320 iu
491 2289 636 2322 tumulos
653 2290 679 2321 si
693 2291 774 2332 quid
790 2291 876 2322 male
891 2290 975 2322 foeta
1028 2292 1137 2323 cristae
1151 2291 1174 2322 ?'
1205 2291 1418 2323 Consumserit
1431 2291 1548 2331 ensem]
1572 2291 1659 2325 Quia
1671 2295 1724 2324 to-

280 2339 421 2380 reliquit
437 2341 575 2372 Mater.’
608 2340 713 2372 Ovid.
731 2350 772 2373 u.
789 2346 798 2359 ¹
814 2342 974 2383 Dumque
1029 2346 1100 2373 tum
1109 2341 1233 2372 ferrum
1248 2341 1282 2372 in
1299 2345 1419 2383 pectus
1432 2341 1636 2373 condiderat
1649 2341 1725 2377 Me-

282 2389 370 2420 male
396 2394 531 2431 optatos
547 2391 694 2423 nondum
711 2393 836 2433 premis
851 2393 975 2424 inscius

1031 2401 1180 2431 noeceus,
1216 2391 1294 2423 ideo
1323 2390 1449 2423 dicitur
1473 2392 1618 2423 -‘ensem
1648 2400 1727 2424 enn-

284 2439 395 2470 ωερε)

280 2507 283 2511 ·
326 2490 389 2520 807
423 2490 571 2531 Effloruz‘t
597 2491 708 2532 armis]
739 2492 791 2523 Ex
821 2492 978 2524 dentibus

284 2537 374 2568 enim
387 2540 555 2579 serpentis
570 2540 652 2571 satis
668 2546 871 2573 armatorum
884 2551 979 2583 seges

284 2586 492 2628 effloruerat,
507 2598 566 2631 seu
582 2590 844 2629 germinaverat.

327 2639 390 2668 810
412 2637 506 2668 Fatis
528 2638 716 2680 nolentibus]
739 2640 876 2673 Diutius
891 2640 979 2673 enim

284 2686 425 2718 vixisses
441 2696 503 2728 per
517 2686 600 2719 fata.

326 2739 390 2768 812
413 2736 494 2769 Ηατ
516 2737 601 2778 erat]
622 2738 694 2771 Tua
708 2739 854 2782 scilicet,
869 2751 889 2773 o
906 2741 982 2774 Me·

285 2795 417 2819 noeceu.

1030 2441 1216 2474 sumsisse!

1061 2494 1136 2523 -815
1159 2491 1290 2523 Diceret
1303 2491 1418 2531 infelix
1432 2494 1463 2523 et
1478 2491 1628 2533 repleret]
1657 2491 1727 2524 Pro

1033 2541 1173 2573 dixisset
1189 2545 1225 2573 et
1236 2541 1449 2582 replevisset.

1074 2594 1138 2623 816
1159 2591 1324 2632 Perosam]
1349 2591 1587 2624 Consolantes.

1075 2643 1138 2672 818
1165 2641 1276 2681 Ungue
1299 2640 1412 2682 genas]
1434 2641 1483 2672 Ut
1507 2640 1547 2673 fit
1570 2641 1606 2672 in
1621 2641 1728 2675 luctu.

1034 2692 1108 2724 Non
1118 2692 1173 2724 illa
1187 2692 1280 2733 diem,
1292 2692 1363 2733 ξω]
1387 2693 1439 2724 Ex
1454 2702 1547 2724 more
1563 2693 1730 2726 Romano·

1035 2751 1120 2782 rum,
1131 2741 1186 2784 qui
1208 2751 1245 2773 se
1259 2742 1351 2773 domi
1366 2741 1609 2782 continebant,.
1618 2747 1655 2774 et
1670 2751 1730 2775 ne-

1035 2793 1157 2825 minem
1194 2788 1309 2825 audire
1345 2797 1383 2825 et
1413 2791 1530 2825 videre
1557 2793 1728 2830 volebant.

1630 2916 1657 2940 0
