1846 3120
608 229 890 263 THEBAIDOS
926 230 1019 263 ma.
1052 231 1148 263 xii.
1493 219 1606 263 1451

185 325 249 368 pit,
261 333 367 369 seque
382 324 416 358 in
427 324 513 357 duas
529 329 644 367 partes
656 325 794 364 scindit,
806 326 916 359 altera
931 336 1008 359 cum
1022 327 1132 360 altera
1143 326 1328 360 dimicante
1340 329 1375 359 et
1385 324 1608 368 confligente.

183 378 241 412 Ad
257 379 322 412 hoc
336 379 545 422 prodigium,
562 383 752 421 agnoscunt
774 389 893 422 rogum
910 379 1015 413 fuisse
1040 381 1207 423 Eteoclis,
1220 384 1257 413 et
1272 380 1351 412 odia
1365 379 1456 412 iuter
1478 378 1606 412 fratres

182 433 332 467 nondum
349 436 459 466 morte
475 434 644 466 extincta.
689 434 782 466 Dum
797 433 873 467 haec
890 434 1041 476 horrent,
1058 445 1180 477 magno
1202 440 1352 467 tremore
1376 438 1470 466 terra
1485 442 1607 465 concu-

158 502 165 506 -
178 486 281 525 titur,
295 495 363 530 quo
385 487 547 520 custodes
570 487 675 520 exciti
691 487 833 530 Argiam
856 493 892 520 et
908 488 1103 530 Antigonen
1128 489 1162 520 in
1178 489 1242 521 hoc
1258 487 1398 530 pietatis
1413 484 1524 520 officio
1547 485 1606 519 de-

179 540 368 583 prehensas
383 540 428 574 ad
442 541 627 574 Creontem
643 542 797 583 rapiunt,
810 542 921 583 laetas,
936 547 1113 575 consumto
1134 542 1313 583 Polynicis
1335 549 1495 582 corpore.
1550 539 1607 573 In-

181 593 283 626 terim
293 597 463 627 matronae
478 593 630 637 Argiva’,
641 595 779 629 Junone
791 596 893 637 duce,
905 595 1061 628 Athenas
1073 596 1296 635 inducuntur,
1310 595 1453 626 Pallade
1469 594 1543 636 ipsa
1554 595 1606 627 his

179 646 335 681 favorem
356 652 394 681 et
415 647 747 682 commiserationem
769 648 894 681 civium
918 649 1138 682 conciliante.
1182 648 1271 688 Illae,
1288 648 1468 680 summisso
1496 648 1606 689 vultu,

180 709 292 734 amos
306 700 408 742 oleae,
422 705 461 734 et
474 705 598 734 vacuas
613 710 716 734 urnas
732 702 765 734 in
782 701 938 734 manibus
955 706 1125 743 tenentes,
1149 701 1191 733 ad
1218 701 1389 733 celebrem
1406 701 1604 733 Misericor-

180 753 247 788 die
262 763 370 796 aram,
387 763 464 798 quoe
479 754 514 787 in
528 753 643 787 media
655 755 742 787 urbe
758 760 850 796 erat,
863 755 1078 798 confugiunt.
1098 755 1165 788 Illo
1179 754 1237 786 die
1249 755 1409 791 Theseus,
1421 753 1603 786 debellatis

179 807 422 850 Amazonibus,
446 807 563 841 urbem
585 807 785 850 triumphali
812 818 914 840 curru
937 809 1207 850 ingrediebatur.
1252 809 1338 841 Cum
1354 807 1480 840 transit
1495 817 1603 849 prope

179 860 433 895 Misericordiae
457 871 564 899 aram,
585 860 709 894 flentes
728 860 869 904 Argivae
897 862 1082 902 accedunt,
1099 868 1136 896 et
1154 862 1308 903 Evadne,
1329 861 1481 904 Capanei
1505 871 1606 902 uxor,

177 914 245 958 ipsi
269 914 412 958 exponit
426 925 504 958 qum
527 919 656 957 esseut,
671 924 780 948 caesos
802 916 944 949 maritos
968 926 1031 959 pro
1054 917 1221 959 Polynice
1243 916 1458 956 dimicantes,
1474 914 1603 948 Creon·

178 972 251 1002 tem
265 968 333 1002 illis
347 969 559 1012 sepulturam
574 969 756 1012 denegare,
771 978 809 1001 se
823 969 899 1011 ejus
915 979 1015 1012 opem
1033 970 1227 1012 implorare.
1263 970 1312 1001 Ut
1326 969 1454 1010 locuta,
1467 971 1602 1001 cnnctae

179 1021 326 1056 tendunt
360 1023 534 1066 supplices
564 1032 696 1055 manus.
753 1022 905 1055 Theseus
938 1023 1050 1066 primo
1078 1021 1377 1056 'commiseratione
1413 1025 1604 1064 permotus,

178 1087 258 1111 mox
280 1078 330 1111 ira
349 1078 507 1119 exardet,
523 1082 559 1111 et
582 1077 701 1111 statim
724 1078 768 1110 ad
791 1078 978 1111 Creontem
996 1070 1179 1120 'Phegeum
1201 1078 1323 1118 mittit,
1337 1077 1394 1121 qui
1416 1077 1543 1110 bellum
1566 1077 1600 1110 ei

177 1132 371 1174 denuntiet,
396 1133 459 1165 nisi
490 1132 581 1165 sinat
609 1131 762 1174 Argivos
781 1132 932 1174 sepeliri.
978 1133 1025 1165 Et
1048 1133 1134 1175 ipse,
1153 1133 1307 1165 breviter
1330 1142 1443 1165 causae
1459 1131 1600 1174 justitia

176 1185 303 1219 milites
333 1185 548 1223 adhortatus,
576 1195 654 1218 cum
685 1186 844 1218 exercitu
869 1185 1112 1228 proficiscitur.
1157 1186 1266 1228 Argia
1290 1191 1405 1218 autem
1434 1190 1472 1218 et
1501 1184 1600 1218 Anti-

177 1249 266 1283 gone
283 1239 326 1272 ad
341 1239 548 1282 supplicium
563 1238 793 1280 ducebantur,
807 1249 883 1272 cum
906 1249 989 1272 ecce
1006 1240 1165 1282 Phegeus
1187 1241 1340 1281 advenit,
1355 1239 1414 1283 qui
1435 1239 1600 1272 mandata

175 1293 302 1326 Thesei
323 1292 491 1326 audacter
513 1292 707 1336 exequitur.
749 1293 818 1326 Sed
848 1303 925 1325 cnm
955 1294 1004 1326 illi
1035 1294 1148 1327 Creon
1171 1294 1335 1327 audacius
1360 1294 1600 1336 responderet,

175 1347 342 1380 Theseum
371 1346 477 1379 celeri
499 1345 608 1389 gradu
631 1345 966 1389 appropinquantem
996 1347 1119 1380 cernit.
1162 1347 1343 1380 Thebanos
1372 1351 1483 1379 armat
1496 1357 1517 1387 3·
1537 1346 1598 1379 sed

177 1401 246 1434 illis
261 1409 327 1434 non
344 1399 434 1433 idem
450 1401 593 1441 animus,
607 1400 666 1443 qui
683 1400 788 1442 prius.
826 1400 952 1433 Omnia
968 1401 1097 1434 cedunt
1112 1401 1261 1435 Theseo.
1298 1401 1380 1442 Hic,
1395 1400 1599 1443 quibusdam

174 1454 311 1496 occisis,
324 1454 431 1487 solum
447 1454 631 1487 Creontem
654 1458 764 1496 optat,
780 1458 818 1487 et
841 1458 951 1487 vocat.
998 1454 1098 1489 {llum
1113 1456 1254 1488 taudem
1278 1456 1422 1496 invenit,
1437 1455 1598 1497 solusque

143 1502 146 1505 ’
174 1518 255 1542 eum
272 1507 488 1550 aggreditur,
503 1507 572 1542 suis
594 1507 668 1549 ejus
686 1508 794 1550 jussu«
809 1507 984 1550 digressis.
1030 1509 1192 1542 Creontis
1215 1510 1358 1542 comites
1375 1509 1480 1542 etiam
1501 1518 1598 1542 sece-

175 1561 274 1605 dunt,
300 1571 386 1605 qnos
414 1561 544 1595 frustra
573 1562 724 1595 retinere
747 1563 834 1595 vult.
877 1563 975 1595 Tunc
1006 1563 1117 1596 Creon
1148 1573 1224 1596 sese
1247 1563 1394 1605 colligit,
1417 1567 1453 1596 et
1482 1562 1597 1595 audax

173 1619 286 1649 morte
301 1616 468 1659 proxima,
480 1608 651 1650 Theseum
676 1617 826 1658 superbe
850 1617 1047 1660 alloquitur,
1065 1623 1101 1651 et
1124 1618 1160 1651 in
1182 1618 1278 1650 illum
1299 1618 1430 1650 hastam
1456 1617 1599 1659 emittit,

173 1679 262 1703 vano
284 1669 367 1703 ictu.
409 1669 563 1703 Theseus
591 1680 727 1703 manum
750 1675 788 1704 et
810 1671 1006 1714 superbiam
1032 1672 1195 1705 Creontis
1215 1671 1376 1712 irridens,
1405 1671 1495 1704 hunc
1527 1671 1596 1703 telo

173 1723 328 1766 conticit,
342 1729 382 1757 et
395 1723 497 1756 armis
511 1724 649 1766 spoliat.
694 1724 806 1767 Hujus
820 1726 918 1758 caede
934 1735 999 1768 pax
1026 1725 1132 1768 facta,
1148 1730 1185 1758 et
1199 1726 1349 1758 Theseus
1366 1725 1400 1757 in
1414 1720 1538 1758 'urbem
1556 1723 1601 1757 ut'

172 1777 296 1820 hospes
311 1781 348 1810 et
363 1777 492 1810 amicus
507 1778 692 1820 excipitur.
735 1778 876 1822 Argivae
892 1780 1101 1820 adveniuut3
1124 1780 1266 1813 incertae
1282 1789 1325 1811 an
1341 1779 1509 1811 Theseum
1526 1779 1598 1821 pri-

171 1842 230 1866 mo
254 1831 402 1874 adirent,
416 1832 448 1864 ei
471 1835 589 1874 grates
612 1836 754 1874 acturae,
776 1843 818 1865 an
836 1833 996 1866 Creontis
1012 1833 1150 1875 corpori
1165 1833 1382 1874 insultarent,
1397 1843 1440 1866 an
1456 1834 1600 1866 maritos

172 1885 358 1928 sepulturae
379 1884 593 1919 mundarent.
636 1886 734 1919 Vicit
755 1886 879 1928 pietas.
924 1887 993 1920 Hic
1015 1887 1129 1920 Poeta
1142 1888 1238 1929 operi
1254 1886 1357 1920 finem
1373 1887 1529 1929 imponit,
1542 1887 1599 1920 di-⁴

141 1959 146 1963 -
171 1949 268 1982 cens,
280 1939 415 1973 etiamsi
429 1943 569 1973 centum
585 1949 647 1972 ora
659 1940 816 1982 haberet,
827 1940 956 1974 referre
971 1951 1038 1974 non
1054 1952 1165 1984 posse,
1176 1952 1252 1984 quae
1263 1942 1415 1974 illustros
1429 1946 1593 1976 matronae

171 1993 209 2026 iu
222 1993 275 2026 his
296 1992 451 2036 exequiis
466 1991 650 2026 fecerunt:
674 1997 711 2025 et
733 1994 914 2036 alloquens
939 2004 1035 2027 suam
1059 1994 1246 2037 Thebaida,
1261 1994 1388 2027 famam
1409 1995 1501 2037 apud
1514 2006 1593 2038 pos-

173 2051 268 2081 teros
282 2046 316 2080 ei
331 2046 536 2089 pollicetur:
553 2046 628 2090 jam
655 2047 828 2080 Caesarem
852 2048 941 2080 hanc
964 2048 1098 2090 dignari
1125 2049 1260 2091 legere,
1277 2049 1350 2090 jam
1369 2049 1592 2091 juventutem

173 2101 361 2136 Romanam
377 2099 579 2140 addiscere;
602 2099 664 2133 sed
690 2105 815 2133 caveat
840 2101 992 2134 divinam
1007 2102 1152 2136 AEneida
1179 2103 1355 2144 aemulari3
1382 2103 1482 2145 longe
1497 2103 1592 2137 illam

170 2156 346 2197 sequatur,
358 2157 396 2187 et
409 2153 485 2196 eJus
497 2153 643 2196 vestigia
657 2153 792 2188 adoret.

129 2357 380 2418 NONDUM
401 2378 564 2419 cuncta
581 2376 691 2431 polo
711 2377 817 2432 vigil
838 2378 1128 2440 inclinaverat
1147 2382 1266 2423 astra

129 2439 280 2493 Ortus,
298 2447 346 2486 et
362 2443 602 2487 instantem
621 2458 760 2488 cornu
783 2446 977 2489 tenuiore
996 2447 1179 2491 videbat

168 2551 371 2596 Morsus,
383 2554 437 2597 qui
445 2557 659 2599 expergefacit
672 2558 859 2600 animantes,
874 2560 1009 2592 nondum
1018 2559 1282 2599 occiderefecerut
1298 2559 1400 2592 omniu
1414 2561 1483 2592 coeli
1493 2565 1590 2603 astra,

735 2642 976 2659 0‘00‘500000,

165 2693 321 2737 Sequens
335 2694 584 2738 Argumentum
600 2696 760 2738 praebent
775 2698 915 2731 Behott.
931 2701 962 2730 1.
973 2701 1006 2732 2.
1023 2699 1163 2732 Venett.
1175 2698 1277 2733 Rom.
1295 2701 1398 2734 Cruc.
1415 2706 1452 2734 et
1463 2698 1584 2737 Barth.

123 2735 204 2786 3⁹⁰³
233 2741 346 2770 temen
373 2743 549 2781 comparet
578 2739 612 2771 in
639 2740 740 2773 codd.
764 2741 984 2781 Barthianis3
1016 2751 1081 2774 nec
1107 2742 1141 2775 in
1162 2743 1314 2776 editione
1342 2744 1586 2788 Lindenbrogii

122 2778 282 2855 ²:113qu
308 2790 388 2814 usus
415 2791 511 2822 sum3
539 2782 585 2814 ibi
616 2784 705 2815 enim
735 2784 984 2826 Argumentum
1010 2785 1068 2818 lib.
1086 2794 1139 2819 xi.
1164 2786 1243 2819 huic
1261 2796 1444 2829 perperam
1463 2799 1588 2832 suppo-
