1846 3120
8 670 32 708 '⁴'

0 747 37 793 {nh}

608 213 894 247 ‘rnnmunos
928 215 1027 246 mu.
1060 215 1156 247 xn.
1500 209 1612 253 1461

149 311 265 356 Illas
282 313 329 357 et
346 310 463 354 lucis
483 310 661 354 Hecate
682 312 914 368 speculata
933 312 1112 368 Lycaeis

148 379 438 435 Prosequitur
455 380 636 434 gemitu,
657 380 914 436 duplexque
933 382 989 423 ad
1008 382 1137 425 littus
1157 386 1313 433 euntes

147 446 332 490 Planxit
350 447 408 490 ab
429 447 673 491 Isthmiaco
692 449 878 503 genitrix
895 449 1111 492 Thebana
1129 452 1364 506 sepulcro:

144 508 542 570 'noctivagumque
561 529 756 571 gregem,
773 515 980 571 quamvis
1001 517 1088 567 sibi
1108 517 1247 573 luget,
1270 518 1453 563 Eleusin

143 581 312 635 Flevit,
332 588 378 627 et
397 596 588 627 arcanos
607 585 852 628 errantibus
869 584 1032 628 extulit
1049 585 1189 641 ignes.

146 651 263 707 Ipsa
280 665 360 708 per
377 664 560 696 aversos
580 652 704 696 ducit
723 653 934 696 Saturnia
951 653 1105 707 colles,

150 717 444 776 Occultatque
463 722 578 773 vias,
599 722 655 764 ne
674 721 806 776 plebs
825 734 1058 775 congressa
1078 734 1255 765 suorum

147 786 222 830 Ire
240 791 374 839 vetet,
395 793 639 844 pereatque
657 789 847 844 ingentis
866 789 1008 844 gloria
1026 791 1184 846 coepti.
1206 825 1215 836 .

1528 351 1614 429 130

1529 723 1614 767 135

144 883 277 928 amhn}
296 895 421 939 Lym
442 898 642 940 prosequitur
664 907 717 930 eas
728 897 875 940 fletibus,
898 901 930 930 et
953 902 1055 931 mater
1071 898 1217 931 Thebana
1234 908 1275 931 ex
1289 899 1428 940 sepulcro
1443 898 1612 932 Isthmiaco

146 938 275 982 deflevit
286 940 462 973 incedentes
473 950 532 982 per
539 941 700 981 geminum
712 941 827 983 ripum.
872 942 918 973 Et
931 942 1077 982 Eleusin,
1091 941 1152 974 etsi
1164 942 1296 983 plangat
1310 941 1383 983 sibi,
1393 943 1532 984 ploravit
1546 946 1613 975 tur-

147 981 219 1014 bam
231 986 323 1016 noctu
336 987 505 1025 errantem,
525 988 557 1016 et
570 985 703 1017 elevavit
717 984 866 1027 mysticos
879 985 982 1025 ignes,
995 988 1032 1017 ut
1045 985 1128 1018 viam
1141 985 1346 1018 illuminaret.
1390 985 1466 1027 Ipsa
1478 985 1614 1018 Saturni

137 1024 216 1067 fllia
237 1025 309 1067 ugit
328 1026 400 1059 iuna
418 1037 476 1068 per
497 1030 630 1060 secretos
643 1028 746 1068 colles,
767 1031 800 1060 et
825 1028 905 1060 celat
918 1028 1047 1069 itinera,
1069 1039 1108 1060 ne
1121 1029 1235 1069 vulgae
1247 1038 1374 1060 suorum
1387 1032 1615 1070 congregatum

148 1077 202 1100 eae
212 1067 375 1111 probibeat
386 1071 550 1112 progredi,
570 1074 602 1103 et
618 1071 712 1110 sama
724 1070 949 1112 gloriosisacti
962 1071 1145 1104 intercidat.
1191 1072 1377 1109 Quinetiam
1390 1072 1456 1104 Iris
1469 1072 1565 1105 habet
1580 1072 1614 1103 id
1635 1089 1641 1095 ·

757 1154 818 1166 ”O

981 1154 1001 1168 θ

146 1206 301 1241 Gronov.
316 1209 438 1243 Barth.
452 1210 563 1243 Veen.
579 1213 615 1242 et
637 1209 879 1251 θύρη-129
902 1210 982 1242 Illas
995 1221 1012 1243 e
1027 1209 1104 1243 lucis
1125 1211 1219 1243 Dan.
1242 1209 1368 1244 PetaV.
1383 1211 1492 1252 Lang.
1508 1211 1612 1245 Laur.

147 1251 282 1284 Buslid.
299 1252 448 1294 Lipsian.
464 1252 570 1286 Aldd.
585 1253 695 1286 Colin.
711 1253 844 1295 Gryph.
860 1253 964 1286 Basil.
981 1254 1097 1286 Plant.
1111 1253 1347 1296 Lindenbrog.
1370 1254 1472 1287 Cruc.
1489 1259 1526 1287 et
1542 1255 1613 1288 Ge·

147 1298 236 1327 vart-
261 1294 384 1330 lamet
405 1297 483 1335 lucis
504 1296 588 1329 Put.
612 1296 753 1328 Behott.
771 1299 803 1328 1.
827 1299 858 1329 2.
881 1297 1034 1331 Gronov.
1057 1297 1178 1328 Barth.
1193 1297 1305 1329 Veen.
1320 1301 1357 1330 et
1379 1297 1614 1338 Deum—131

147 1336 229 1369 Put.
241 1338 388 1378 genitrix
399 1339 618 1371 uberim—132
641 1339 768 1372 Eleusis
781 1340 921 1372 Behott.
937 1350 1000 1382 pro
1016 1350 1048 1372 v.
1063 1340 1087 1371 l.
1105 1339 1209 1372 Aldd.
1224 1340 1335 1373 Colin.
1356 1340 1490 1383 Gryph.
1506 1340 1615 1374 Basil.

143 1384 183 1413 et
197 1380 312 1413 Plaut.
361 1382 486 1415 Eleusin
502 1383 723 1424 Lang.Laur.
734 1383 864 1415 Buslid.
879 1383 1030 1424 Lipsian.
1043 1383 1134 1415 Dan.
1146 1383 1364 1417 Put.PetaV.
1382 1384 1616 1426 Lindenbrog.

146 1423 249 1456 Cruc-
266 1429 302 1456 et
316 1429 465 1458 receutt.
487 1425 577 1458 Vide
593 1426 745 1459 Gronov.
761 1425 795 1458 in
810 1427 896 1459 Not.
910 1427 994 1460 Var.
1009 1426 1053 1459 ad
1068 1426 1176 1458 Theb.
1192 1436 1235 1459 11.
1251 1429 1437 1459 asa—133
1463 1427 1568 1460 Flebit
1584 1431 1617 1460 et

70 1471 72 1473 ’
145 1466 255 1499 menni
280 1467 383 1502 codd.
408 1468 774 1511 Lindeubrogii.—134
794 1469 884 1503 Edd.
909 1475 997 1503 vett.
1025 1471 1288 1502 adversos—135
1314 1471 1522 1512 Oceanusque
1545 1471 1617 1504 vias

146 1508 285 1550 Behott.
303 1513 333 1544 1.
349 1513 382 1544 2.
398 1511 501 1545 Aldd.
519 1512 631 1545 Colin.
645 1512 779 1556 Grypls.
791 1513 897 1546 Basil.
909 1517 945 1547 et
960 1514 1078 1546 Plant.
1119 1513 1326 1556 Occultutque
1336 1514 1406 1546 vias
1421 1515 1516 1547 Dan.
1531 1514 1615 1547 Put.

807 1601 953 1635 No'rAE

142 1667 145 1669 '
191 1665 256 1696 129
279 1663 418 1706 Heme]
450 1664 574 1707 Diana,
598 1675 675 1709 qnae
705 1665 850 1700 confun-

144 1713 244 1749 ditur
258 1725 335 1748 cum
348 1716 484 1750 Hecate
500 1727 541 1750 ac
553 1718 662 1752 Luna.
706 1718 850 1761 Lycoeis]

146 1763 321 1800 Arcadiis.

168 1820 255 1851 ”180
277 1816 468 1862 Duplexque
492 1819 534 1852 ud
562 1819 668 1862 littus]
700 1819 853 1852 Isthmus

147 1868 240 1910 enin
256 1869 502 1913 Corinthiacus
526 1870 606 1904 hinc
625 1870 736 1910 Ionio,
757 1871 852 1904 illinc

143 1919 264 1963 Εῃο
277 1920 371 1955 Mari
385 1921 540 1955 alluitur.

185 1974 250 2005 1⁸1
265 1971 437 2006 Isthmiaco
443 1973 599 2016 sepulcro]
609 1973 651 2006 Id
663 1977 728 2015 est,
740 1973 853 2007 Paloe·

148 2023 262 2055 monis
286 2023 416 2065 sepulti
445 2023 481 2056 in
510 2024 677 2057 Isthmoa
703 2025 852 2067 Sisypho

147 2082 245 2116 rege.
289 2073 447 2107 θωὴν-ἐπ
463 2075 625 2117 milam]
643 2075 853 2117 Leucothoe,

6 2107 30 2174 ζ
91 2156 95 2159 ,
147 2134 211 2158 seu
231 2124 310 2166 Ino,
324 2124 445 2158 Cadmi
460 2125 542 2159 tilia.
589 2127 677 2160 Haec
698 2128 794 2160 clara
808 2136 852 2159 ex

147 2175 437 2220 precedentibus.

189 2229 255 2260 182
278 2227 552 2271 Noctivmmqne
563 2228 711 2270 gregem]
748 2228 852 2272 Argi-

145 2289 209 2314 vas
222 2283 330 2313 noctu
341 2284 508 2314 errantes.
551 2279 624 2313 Sibi
644 2282 733 2321 luget
757 2281 853 2314 Eleu-

143 2332 213 2376 ἡ]
235 2333 385 2368 Quidam
399 2334 537 2368 codices
553 2334 699 2368 habent:
713 2335 852 2367 Eleusis.

146 2382 344 2429 Utrumque
367 2383 437 2418 diei
459 2385 672 2428 grammatici
695 2390 848 2419 monent.

145 2435 289 2470 servin·
312 2435 444 2480 Geor-g.
465 2444 492 2470 ι.
515 2436 636 2469 ‘Talis
663 2441 718 2470 est
748 2441 786 2469 et
814 2437 850 2470 in

146 2485 283 2519 Grecis
306 2486 407 2521 nuo.
450 2487 541 2521 Num
567 2487 662 2520 Attis
688 2493 725 2521 et
750 2487 850 2521 Attin

146 2535 280 2574 dicunt.
291 2536 430 2580 delphin
441 2542 478 2572 et
493 2538 639 2581 delphis,
655 2539 796 2572 Eleusin
815 2544 852 2572 et
875 2567 877 2570 .

107 2609 120 2621 .
145 2587 295 2622 Eleusis.
337 2588 407 2622 Sed
423 2588 537 2622 verius
562 2589 598 2622 in
622 2589 655 2621 N
677 2589 851 2631 desinunt,

143 2634 239 2685 'qnod
274 2639 310 2672 iu
339 2639 489 2683 obliquis
524 2640 655 2673 habent
699 2640 851 2681 Altinos,

143 2688 342 2734 delphinos,
357 2690 566 2725 Eleusinos!
601 2691 735 2725 Similia
747 2691 851 2724 habes

148 2738 241 2784 apud
267 2743 480 2777 Priscianum
501 2743 560 2778 lib.
578 2753 631 2776 vt.
655 2743 666 2762 ‘
681 2744 728 2775 Et
745 2743 854 2775 scien-

146 2791 229 2826 dum
255 2795 347 2839 quod
373 2795 486 2833 omnia
515 2794 548 2833 in
578 2794 632 2832 IN
660 2794 855 2828 desinentia

904 1667 1010 1699 etiam
1025 1666 1060 1699 in
1075 1666 1120 1699 IS
1136 1665 1306 1708 producta
1328 1665 1507 1700 finiuntur.
1550 1666 1615 1700 At.

905 1717 956 1749 tin
972 1717 1150 1759 proprium
1164 1725 1288 1749 nomen
1304 1719 1341 1749 et
1350 1715 1456 1759 Attis,
1472 1716 1616 1760 delphin

907 1772 942 1801 et
958 1767 1108 1810 delphis,
1137 1767 1281 1800 Eleusin
1303 1771 1341 1800 et
1357 1767 1503 1809 Eleusis,
1528 1769 1615 1801 Tra-

908 1818 986 1852 chin
1002 1823 1040 1851 et
1055 1818 1209 1852 Trachis.
1252 1819 1299 1851 Et
1313 1818 1505 1851 notandum
1522 1819 1614 1862 quod

905 1875 1064 1903 auctores
1080 1870 1283 1903 Graecorum
1304 1869 1341 1902 in
1363 1869 1407 1902 Is
1424 1869 1533 1912 magis
1547 1874 1619 1903 ter-

906 1922 1097 1957 minatione
1121 1922 1171 1955 usi
1193 1922 1289 1955 sint:
1313 1922 1423 1955 nostri
1438 1932 1520 1956 vero
1543 1922 1615 1957 fre.

906 1974 1068 2016 quentius
1103 1973 1139 2006 in
1165 1973 1233 2006 IN.
1290 1973 1370 2007 Etsi
1395 1973 1517 2007 Cicero
1548 1985 1614 2017 pro

905 2025 1038 2057 Scauro
1053 2024 1134 2057 Aris
1150 2028 1187 2057 et
1202 2023 1290 2057 Arin
1306 2023 1458 2058 dixerit!
1489 2025 1615 2068 Neque

907 2076 1011 2109 aliter
1038 2075 1242 2108 Ammianus
1284 2075 1511 2109 Marcellinus
1551 2077 1613 2111 lib.

905 2134 1002 2159 xvn.
1043 2126 1255 2167 Pomponius
1262 2127 1372 2167 Mela,
1382 2126 1530 2169 Seneca,
1539 2128 1616 2160 Pli-

905 2177 999 2215 nius,
1012 2177 1083 2210 alii.
1118 2177 1259 2210 Eleusin
1276 2181 1391 2210 autem
1407 2178 1503 2211 locus
1519 2178 1614 2212 Atti-

904 2238 972 2269 cae,
981 2228 1016 2261 in
1029 2238 1097 2272 quo
1113 2238 1211 2261 sacra
1226 2228 1495 2261 celebrabantur
1510 2230 1544 2262 in
1557 2229 1617 2263 ho·

904 2289 1022 2312 norem
1053 2279 1202 2313 Cereris.
1258 2279 1461 2322 Agebantur
1498 2285 1613 2314 autem

905 2341 984 2364 cum
1000 2331 1147 2363 maximo
1167 2331 1266 2364 luctu
1292 2335 1329 2363 et
1356 2331 1543 2364 ululatibus
1568 2332 1614 2366 ob

906 2389 1045 2426 raptum
1083 2382 1320 2426 Proserpina.
1374 2383 1476 2416 Unde
1513 2385 1614 2425 luget.

906 2435 1003 2469 Nihil
1016 2434 1143 2467 notius.

950 2489 1013 2520 133
1036 2484 1196 2526 Arcanos]
1221 2485 1394 2527 Evulgare
1409 2484 1502 2518 enim
1515 2485 1613 2520 nefas

906 2542 983 2571 erat
1007 2547 1048 2570 ea
1064 2546 1141 2580 quae
1164 2536 1200 2568 iu
1224 2535 1275 2568 his
1290 2535 1397 2568 sacris
1414 2542 1614 2579 agerentur.

905 2588 999 2621 Vide
1020 2586 1272 2620 Tertullianum
1295 2585 1461 2619 adversus
1486 2588 1614 2620 Valen-

906 2639 1059 2672 tinianos
1070 2647 1149 2680 cap.
1163 2640 1195 2670 l.
1228 2636 1412 2679 originem
1427 2637 1550 2671 horum
1565 2649 1616 2672 sn·

906 2699 1041 2723 crorum
1057 2688 1137 2722 vide
1153 2688 1245 2731 apud
1269 2688 1485 2721 Clementem
1509 2688 1615 2723 Alex-

908 2741 989 2774 and.
1005 2740 1092 2782 λόγῳ
1106 2739 1330 2784 προτρεπτικῷ,
1341 2743 1381 2772 ut
1391 2739 1437 2773 de
1446 2738 1616 2783 Arnobio,

908 2792 1072 2836 Eusebio,
1083 2792 1228 2836 aliisque
1243 2795 1388 2824 taceam.
