1858 3112
226 191 341 265 {ms

224 326 301 360 nais
322 325 486 358 didicisse
509 323 629 356 scribit
645 323 855 366 Pomponius
869 322 928 355 Sa·

225 377 328 410 binus
344 376 386 408 ad
400 375 538 416 Virgilii
560 375 690 415 Georg.
708 383 734 406 1.
777 373 846 406 Sed
865 373 928 415 pri-

227 426 304 459 dem
326 426 400 457 baec
427 425 458 457 ei
482 425 533 456 rei
563 425 687 457 dicatis
710 424 884 456 laboribus
910 434 929 455 a

226 475 433 508 doctissimis
447 474 527 506 viris
539 478 618 506 sunt
634 484 797 516 expensa.
812 474 929 507 Barth.

271 527 314 558 22
352 524 529 557 Hortarer-e
557 525 638 566 vius]
680 526 780 566 Puto,
807 524 930 566 inquit,

229 581 266 609 te
281 577 430 608 voluisse
445 585 578 608 mecum
596 577 722 616 venire,
741 577 769 607 si
785 575 869 607 irem
886 575 929 607 ad

229 630 403 658 extremas
434 625 580 665 Arctos3
604 635 682 657 nam
713 625 777 657 tibi
808 625 928 657 eadem

228 679 282 708 est
296 685 391 708 mens
407 685 484 717 quae
495 674 560 707 fuit
571 686 648 707 cum
665 676 744 707 mihi
760 676 904 717 nupsisti
920 686 929 708 :

228 731 267 759 et
281 736 346 768 ego
362 727 507 759 eundem
530 736 632 759 servo
651 737 815 767 amorem,
830 737 930 769 quem

227 778 306 811 olim
321 778 357 809 in
371 783 406 810 te
423 777 564 810 contuli.
586 778 709 810 Domit.
752 778 833 809 Haec
847 787 933 809 mem

230 828 300 869 tua]
339 827 469 871 Salisb.
506 831 541 859 at
563 827 646 858 enim
666 831 729 859 tua.
754 827 864 860 Rhod.
894 832 931 859 et

228 878 319 910 Ven.
345 877 459 909 etenim
485 880 550 908 tua.
597 877 698 910 Quod
723 878 838 919 placet
853 887 930 910 curn

229 927 522 968 interpunctione,
537 937 637 969 quam
654 927 819 961 dedimus.
865 928 931 961 Os·

229 977 346 1010 tendit
359 978 483 1009 merito
506 987 542 1009 se
568 978 654 1010 hanc
679 979 871 1020 opinionem
889 979 931 1011 de

229 1037 335 1060 uxore
350 1028 490 1070 habere,
516 1032 553 1060 ut
568 1038 635 1060 non
649 1029 787 1062 dubitet
803 1030 931 1071 quaevis

228 1079 306 1111 loca
335 1089 449 1111 secum
481 1079 685 1120 petituram:
709 1089 787 1111 nam
815 1084 851 1112 et
867 1089 932 1121 ego

227 1129 456 1161 libentissime
500 1130 694 1162 libertatem
731 1139 839 1161 meam
872 1134 932 1162 tuo

230 1182 307 1211 toro
323 1179 503 1219 adstrinxi,
529 1183 565 1210 et
587 1179 688 1210 fidem
709 1179 824 1211 datam
847 1189 932 1211 sem-

228 1238 293 1270 per
313 1229 457 1270 servavi,
472 1233 508 1260 et
524 1233 560 1260 tu
576 1228 660 1260 meis
673 1228 830 1260 laudibus
846 1238 932 1261 sem-

229 1289 291 1321 per
314 1278 444 1319 favisti,
470 1279 604 1311 labores
626 1280 816 1321 ingeniosos
839 1290 932 1311 meos

228 1329 356 1370 fovisti,
367 1330 520 1362 morbum
533 1329 711 1371 aegerrime
722 1330 841 1362 tulisti.
867 1330 933 1361 Tua

230 1380 509 1422 conjungendum
536 1390 614 1412 cum
643 1381 688 1420 τῷ
709 1380 818 1419 frena,
841 1380 932 1422 quod

231 1431 361 1473 repetit
378 1431 493 1471 toties,
509 1431 587 1473 quia
599 1431 651 1463 bis
662 1431 791 1473 aliquid
804 1431 845 1463 de
857 1431 933 1472 ipsa

228 1483 428 1524 interponit.
454 1483 593 1514 Gronov.

274 1538 318 1566 28
345 1536 404 1566 Ter
419 1534 483 1574 me]
506 1534 574 1565 Ter
599 1533 765 1574 Papinius
792 1542 933 1565 corona-

231 1591 287 1620 tus
303 1591 358 1619 est
373 1587 408 1618 in
423 1586 608 1618 certamine
625 1585 759 1618 Albano
773 1585 932 1618 instituto

230 1647 250 1670 a
265 1637 475 1669 Domitiano.
520 1635 561 1667 Id
579 1640 654 1668 erat
664 1636 722 1667 ubi
735 1636 846 1677 poetae
860 1645 933 1668 cer·

231 1689 331 1720 tatim
366 1687 535 1719 Minervae
574 1686 692 1718 laudes
736 1686 906 1719 canebant
923 1697 932 1719 z

231 1744 350 1771 auctor
374 1737 551 1779 Tranquil.
567 1737 690 1769 Victus
714 1743 826 1769 autem
842 1737 932 1769 idem

232 1794 301 1830 est,
312 1793 352 1821 ut
366 1789 420 1821 hic
434 1788 575 1829 fatetur,
587 1788 620 1820 in
636 1788 822 1820 certamine
831 1789 933 1830 Capi-

232 1840 353 1880 tolino,
381 1838 439 1870 ubi
471 1839 569 1872 Jovis
599 1838 786 1880 Capitolini
818 1839 933 1870 laudes

232 1893 403 1931 perpetua
418 1889 623 1921 certantium
649 1893 725 1920 erat
739 1889 883 1920 materia
898 1893 934 1921 et

233 1944 486 1982 argumentum,
517 1939 607 1981 quod
639 1938 767 1970 Fabius
800 1949 934 1981 quoque

234 1990 430 2024 observavit
440 1995 475 2021 et
492 1989 637 2021 rettulit.
659 1989 834 2021 Domitius.

275 2043 315 2072 31
335 2040 415 2071 Cum
431 2040 601 2081 Capitolia,
615 2038 684 2081 ξω]
699 2039 778 2071 Hoc
791 2044 845 2071 est
857 2049 934 2072 cum

231 2091 341 2123 honor
364 2091 407 2122 de
439 2090 630 2122 certamine
657 2089 852 2131 Capitolino
867 2099 935 2122 non

233 2142 332 2174 datus
345 2146 399 2174 est
413 2147 533 2174 nostro
549 2141 703 2174 carmini.
736 2141 841 2181 Longi
854 2142 935 2174 Con-

231 2192 298 2224 scia
334 2192 465 2234 laboris]
488 2193 539 2224 Tu
570 2192 642 2224 sola
677 2191 743 2224 scis
769 2196 934 2234 quantum

231 2242 396 2284 temporis
409 2241 641 2274 consummavi
653 2242 686 2273 in
702 2242 851 2274 carmine
866 2242 935 2274 for-

231 2293 377 2325 mando:
404 2302 481 2325 nam
507 2293 618 2334 prima
637 2302 810 2325 murmura
825 2293 934 2327 audis.

233 2342 334 2375 Idem.

275 2395 317 2424 33
341 2393 468 2424 Mecum
490 2392 588 2434 victa]
612 2393 726 2425 Verba
743 2393 802 2425 illa
818 2397 934 2426 osten-

230 2443 317 2475 dunt
342 2443 523 2476 Claudiam
559 2443 688 2485 poetici
716 2444 841 2476 laboris
866 2453 934 2476 non

231 2494 334 2526 modo
361 2495 547 2535 consciam,
577 2495 638 2527 sed
664 2498 700 2527 et
728 2496 934 2537 participem

229 2543 349 2585 fuisse,
380 2545 663 2586 quemadmodum
687 2547 803 2587 plures
826 2546 934 2579 foemi-

231 2604 285 2626 nae
302 2595 371 2626 suis
389 2596 468 2626 viris
483 2597 516 2627 in
530 2589 738 2628 carminibus
747 2597 935 2638 pangendis

231 2643 416 2684 affuerunt,
428 2655 509 2686 quas
526 2651 691 2679 memorat
706 2647 864 2679 Sidonius
874 2647 934 2680 lib.

232 2705 275 2728 11.
290 2695 404 2737 Epist.
420 2698 472 2727 10.
498 2697 644 2730 Cruceus.

239 2770 244 2773 -
276 2749 320 2779 49
343 2747 388 2778 Et
413 2756 587 2788 quanquam
602 2748 691 2786 sceui,
706 2747 775 2789 θα]
790 2748 824 2779 Si
840 2748 937 2780 locus

234 2801 330 2828 recte
355 2795 472 2837 habet,
498 2796 548 2828 ita
573 2795 836 2838 distinguendus
860 2802 936 2830 est:

693 230 833 261 NOTAE
866 228 1132 260 VARIORUM
1166 229 1219 261 IN

978 323 1023 355 Ει
1039 333 1143 364 quam,
1158 333 1251 365 quam
1264 323 1342 356 naevi
1354 323 1370 357 J
1381 325 1436 365 ᾃτ.
1459 324 1496 357 id
1511 326 1575 367 est,
1587 334 1681 368 qm

977 374 1155 406 soevissirm'.
1196 373 1306 406 Aiunt
1332 379 1445 407 autem
1470 374 1681 417 interpretes

978 423 1127 456 Statium
1144 425 1207 456 hoc
1224 433 1323 457 versu
1346 424 1487 456 innuere
1503 425 1681 459 Laodami-

980 483 1054 514 ειυς
1069 474 1129 506 sed
1144 474 1257 516 potius
1271 473 1316 506 de
1329 474 1567 508 Andromache
1581 475 1683 509 intel·

979 524 1134 565 ligendus
1157 529 1223 566 est,
1239 534 1339 567 quam
1355 524 1479 557 scribit
1497 524 1682 568 Homerus,

980 575 1099 608 audito
1121 575 1164 608 de
1179 575 1294 608 mariti
1311 580 1420 607 morte
1435 575 1572 616 nuncio,
1587 575 1681 610 simi-

979 626 1045 657 lem
1062 625 1213 658 Maenadi
1227 635 1264 658 se
1277 625 1488 667 proripuisse
1499 635 1519 657 e
1529 624 1662 659 foribus
1670 633 1682 657 z

977 676 1032 709 Ὦς
1053 675 1174 717 φαμένη
1207 676 1352 719 μεγάροιο
1379 676 1522 711 siccem
1551 675 1684 711 Μωνόδι

978 726 1045 766 ἴση,
1055 726 1244 767 Παλλομένη
1256 727 1387 770 κραδίην.
1423 727 1490 760 vel
1503 727 1682 760 Ariadne·

979 776 1148 819 intellige,
1172 788 1271 820 quam
1286 778 1438 810 Theseus
1462 778 1498 810 in
1514 777 1608 811 Naxi
1624 778 1681 811 lit-

980 831 1055 859 tore
1078 827 1290 869 deseruerat,
1309 828 1402 861 unde
1428 828 1464 860 iu
1486 828 1681 861 Mantuam

980 887 1157 920 conversa,
1183 879 1359 911 Bacchum
1385 874 1508 911 secuta
1541 877 1682 913 dieitur.

985 927 1112 960 Catull.
1150 929 1194 960 de
1231 929 1344 970 Nupt.
1370 928 1484 961 Pelei.
1525 926 1617 961 Vide
1645 932 1685 962 et

982 980 1156 1020 querelam
1185 978 1357 1012 Ariadnes
1382 979 1487 1014 ovid.
1514 981 1683 1016 Fut-111.

983 1030 1116 1061 Gevurt.
1655 1069 1658 1071 ,

1022 1083 1065 1112 52
1087 1080 1142 1112 Sic
1163 1081 1309 1122 exequias
1322 1082 1464 1123 amplexa
1477 1082 1596 1124 canori,
1609 1082 1683 1127 ξω]

981 1131 1138 1163 Summus
1153 1131 1206 1163 vir
1227 1131 1313 1164 Adr.
1330 1132 1506 1165 Turnebus
1516 1128 1571 1164 'ad
1586 1141 1683 1166 oram

980 1180 1108 1213 codicis
1123 1182 1174 1213 sui
1189 1182 1222 1213 in
1234 1182 1323 1214 hunc
1336 1183 1449 1215 locum
1463 1182 1516 1215 bis
1530 1182 1684 1224 adscrip-

981 1235 1075 1264 scrat
1091 1232 1214 1264 Lucani
1227 1243 1363 1275 nomen,
1372 1238 1413 1266 ut
1420 1243 1618 1276 persuasum
1625 1234 1685 1267 ha·

982 1282 1096 1314 buerit
1111 1283 1289 1316 Claudiam
1306 1294 1373 1316 non
1394 1284 1558 1327 tibicinis,
1581 1293 1684 1327 quem

982 1333 1128 1375 fingunt,
1154 1335 1214 1366 sed
1242 1335 1374 1367 Lucani
1401 1333 1516 1376 poete
1542 1342 1685 1368 uxorem

985 1382 1091 1415 fuisse
1122 1384 1320 1427 priusquam
1346 1384 1494 1417 nuberet
1523 1383 1685 1427 Papinio.

980 1434 990 1452 ‘
1014 1434 1168 1466 Canorus
1179 1434 1189 1449 '
1210 1440 1306 1467 certe
1326 1435 1441 1477 potius
1455 1438 1492 1467 et
1506 1435 1619 1476 aptius
1635 1435 1686 1468 di-

982 1489 1082 1516 cetur
1114 1484 1225 1517 Vates
1254 1485 1426 1518 Heroicns
1463 1488 1501 1518 et
1529 1485 1686 1528 Lyricus,

983 1539 992 1553 ‘
1009 1535 1073 1567 Cui
1106 1535 1272 1577 liquidam
1309 1536 1405 1568 Deus
1442 1535 1574 1568 Vocem
1601 1545 1684 1569 -cum

982 1584 1117 1617 cithara
1140 1584 1261 1626 dedit,’
1285 1595 1387 1627 quam
1417 1585 1560 1627 tibicen,
1581 1595 1685 1628 quem

981 1636 1133 1669 incertus
1141 1635 1470 1678 Epigrammatarius
1481 1636 1626 1669 Graecus
1634 1636 1686 1670 in-

981 1685 1095 1719 flando
1119 1687 1222 1719 tibias
1250 1686 1367 1720 efflare
1393 1691 1544 1719 mentem
1569 1687 1686 1727 iocosa

983 1738 1123 1779 scripsit
1146 1738 1211 1770 hoc
1235 1737 1405 1770 disticho:
1429 1737 1530 1779 Ἀνδρὶ
1551 1736 1610 1778 μὲν
1632 1737 1686 1770 αὖ·

982 1789 1095 1830 λητῆρι
1120 1787 1182 1820 θεοὶ
1195 1787 1263 1820 νόον
1276 1788 1331 1820 οὐκ
1347 1786 1510 1830 ἐνέφυσαν,
1522 1788 1613 1821 Ἀλλ’
1625 1787 1688 1829 ἅμα

982 1840 1028 1879 τῷ
1049 1840 1153 1882 φυσᾷν
1170 1841 1221 1880 χῶ
1243 1837 1311 1871 νόος
1325 1836 1504 1871 ἐκτέταται.
1554 1838 1686 1872 Auloedo

982 1890 1067 1922 haud
1094 1894 1227 1922 mentem
1256 1890 1346 1922 Deus
1374 1889 1527 1928 infudisse
1549 1890 1687 1932 videtur,

985 1939 1072 1970 Nam
1094 1939 1187 1970 simul
1211 1949 1247 1970 ac
1267 1939 1381 1980 spirat,
1400 1949 1486 1972 mem
1508 1939 1575 1972 abit
1587 1940 1621 1972 in
1633 1949 1688 1973 κι-

983 1989 1081 2022 bulas.
1106 1990 1241 2021 Morell.

1025 2043 1070 2071 5⁷
1096 2040 1273 2082 Trachynia
1287 2040 1431 2082 Alcime]
1451 2041 1548 2074 Uxor
1562 2041 1686 2084 Ceycis

986 2089 1077 2130 regis
1101 2090 1285 2132 Trachynii
1309 2091 1343 2122 in
1367 2100 1463 2123 avem
1485 2101 1584 2124 versa
1608 2101 1688 2126 cum

984 2140 1122 2181 marito,
1136 2145 1175 2173 ut
1190 2147 1244 2173 est
1260 2142 1351 2183 apud
1368 2142 1474 2175 Ovid.
1488 2143 1524 2175 in
1538 2143 1623 2175 mari
1636 2143 1689 2176 n'i-

985 2189 1126 2223 dificat:
1151 2191 1222 2223 nidi
1242 2197 1322 2224 sunt
1345 2193 1423 2234 pilae
1453 2192 1563 2235 figura
1583 2194 1688 2236 paulo

985 2241 1223 2283 eminentiore,
1246 2247 1287 2274 ut
1320 2243 1444 2276 >scribit
1472 2243 1620 2277 Aristot.
1650 2248 1689 2277 et

983 2292 1117 2325 Plinius
1130 2293 1345 2326 Stesichorus
1369 2298 1470 2336 putat
1493 2299 1628 2336 septem
1647 2294 1688 2327 fi·

983 2343 1046 2375 lias
1060 2343 1218 2376 Alcionei
1231 2344 1379 2386 gigantis
1389 2344 1423 2376 in
1439 2345 1498 2376 lias
1514 2354 1595 2377 aves
1607 2353 1688 2377 con-

984 2404 1100 2426 versas
1123 2393 1241 2436 fuisse,
1264 2394 1384 2427 audito
1410 2395 1519 2437 patris
1537 2394 1688 2429 interitu.

984 2444 1109 2476 Domit.
1404 2481 1407 2483 ,

1028 2497 1070 2526 60
1100 2494 1200 2528 Viduo
1225 2495 1321 2537 quod]
1347 2495 1434 2527 Tres
1459 2496 1513 2527 illi
1542 2497 1690 2539 codices,

985 2547 1081 2577 tenet.
1126 2544 1182 2576 An
1199 2544 1284 2578 fuit:
1314 2546 1390 2578 Heu
1410 2556 1492 2578 nunc
1513 2546 1570 2578 illa
1582 2550 1692 2580 tenens

984 2595 1114 2626 viduum
1127 2596 1209 2635 quod
1234 2597 1299 2627 sola
1320 2596 1421 2627 cubile
1439 2596 1519 2628 Ocia
1537 2600 1603 2629 tam
1619 2598 1690 2638 pul-

985 2646 1069 2677 chrae
1085 2646 1158 2677 terit
1173 2642 1352 2685 infoecunda
1359 2647 1508 2686 juventae.
1537 2647 1689 2681 Gronov.

1026 2698 1066 2727 ol
1089 2694 1192 2728 Otia!
1208 2696 1279 2734 jam
1298 2698 1447 2738 pulchras,
1460 2697 1534 2739 qma]
1556 2697 1689 2730 Schidae

986 2745 1150 2778 Gruter-i:
1169 2747 1306 2789 Aliquid
1324 2748 1378 2779 liic
1393 2747 1480 2780 latet
1498 2748 1577 2779 mali
1596 2749 1689 2780 ulce-

986 2796 1044 2829 ris.
1074 2797 1180 2830 Certe
1193 2797 1276 2830 illud
1289 2797 1365 2830 terit
1379 2798 1540 2831 iteratum
1550 2808 1688 2833 nausea
