1846 3120
279 207 393 250 1536
778 221 819 252 P.
853 219 1044 251 ΡΛΡιΝιι
1077 220 1241 254 srA'ru

278 312 368 356 Par
383 315 557 365 studiis,
577 315 751 368 aevique
768 315 927 364 modis,
947 317 1024 358 sed
1041 318 1198 359 robore
1217 318 1379 373 longe,¹

278 382 338 424 Et
358 387 503 424 tamen
527 382 689 435 aequali
711 382 886 423 visurus
909 383 1124 437 Pergama
1143 385 1249 427 fato.

276 437 483 491 Protinus
502 449 577 491 ille
593 450 711 491 subit
728 450 900 503 rapido,
923 464 1024 505 quae
1043 454 1263 506 proxima,
1284 455 1402 496 saltu

276 517 496 567 Flumina,
515 516 823 571 fumantesque
844 531 992 571 genas,
1013 520 1262 574 crinemque
1281 522 1469 564 n'ovatur

276 584 508 626 Fontibus.
566 584 746 626 Eurotae
765 585 907 639 qualis
928 585 1044 626 vada
1064 585 1225 628 Castor
1246 588 1404 630 anhelo
1478 592 1480 595 ’

275 652 416 695 Intrat
429 665 562 707 equo,
581 652 836 706 sessumque
858 653 928 694 sui
939 653 1076 707 jubar
1096 655 1263 696 excitat
1284 657 1406 697 astri.

275 718 481 770 Miratur,
502 719 720 773 comitque
741 731 896 770 senex,
915 732 1028 761 nunc
1050 726 1235 774 pectora
1260 723 1472 774 mulcens,

274 786 408 827 Nunc
428 786 560 828 fortes
579 786 809 831 humeros:
840 791 1002 839 angunt
1023 800 1106 828 sua
1124 788 1284 841 gaudia
1304 794 1500 845 matrem.

271 852 397 894 Tunc
419 853 555 894 libare
576 853 730 907 dapes,
752 853 1065 908 Bacchaeaque
1087 868 1268 898 munera
1289 855 1467 908 Chiron.
1516 848 1519 851 ¹

273 919 400 971 Orat,
421 924 464 962 et
484 921 718 963 attonitam
739 921 863 962 vario
884 921 1177 964 oblectamine
1197 923 1412 978 mulcens,
1430 947 1434 952 ι

272 987 408 1029 Elicit
428 991 626 1029 extremo
645 987 814 1043 chelyn,
832 992 876 1030 et
894 989 1086 1032 solantia
1104 1003 1231 1033 curas
1256 1044 1262 1051 ι

271 1054 372 1097 Fila
391 1059 555 1105 movet,
573 1055 813 1110 leviterque
834 1061 1046 1110 expertas
1065 1058 1229 1112 pollice
1249 1059 1438 1103 chordas

269 1122 362 1164 Dat
379 1135 540 1178 puero:
571 1124 686 1166 canit
704 1124 777 1165 ille
794 1123 936 1166 libens
955 1125 1163 1168 immania
1181 1127 1362 1170 laudum

1648 589 1732 637 180

1626 896 1728 971 185

264 1254 299 1283 et
312 1252 439 1292 studiis,
459 1252 513 1284 sed
537 1254 669 1285 multum
692 1253 822 1293 inferior
836 1255 1028 1294 fortitudine
1051 1257 1200 1298 corporis,
1222 1261 1253 1290 et
1272 1263 1455 1300 aspecturus
1473 1263 1578 1293 tamen
1596 1260 1725 1302 Τι’ἠαπι

266 1293 362 1325 simili
389 1299 483 1326 sorte.
527 1295 647 1328 Statim
670 1297 721 1328 ille
746 1297 885 1329 Achilles
918 1298 1028 1338 injecit
1052 1309 1085 1331 se
1115 1300 1274 1342 praecipiti
1298 1303 1381 1334 saltu
1403 1303 1438 1335 in
1464 1304 1643 1344 proximam
1653 1305 1722 1346 flu*

265 1336 363 1376 vium,
393 1341 425 1369 et
457 1337 557 1369 abluit
582 1338 671 1380 aquis
695 1340 859 1371 sudantem
881 1342 1011 1378 vultum,
1042 1346 1074 1374 et
1099 1343 1244 1384 capillos:
1279 1345 1381 1385 qualis
1408 1343 1521 1378 Castor
1543 1346 1628 1378 subit
1651 1347 1720 1379 Εκ-

263 1382 366 1410 rotam
392 1380 552 1412 anhelanti
576 1391 663 1422 equo,
693 1385 725 1413 et
755 1382 876 1414 excitat
899 1383 1076 1416 hebetatum
1099 1386 1262 1425 fulgorem
1292 1387 1405 1419 sideris
1433 1388 1493 1420 sui.
1544 1389 1722 1429 Longoem

263 1423 379 1462 stupet,
392 1426 424 1453 et
438 1423 525 1454 illum
535 1424 647 1464 pectit,
667 1434 750 1455 nunc
764 1424 877 1456 leniter
897 1427 1026 1467 palpans
1045 1431 1164 1468 pectus,
1184 1439 1267 1460 nunc
1279 1429 1420 1461 robnoetos
1432 1440 1545 1465 armos.
1588 1431 1720 1465 laetitia

262 1464 377 1495 matris
389 1464 477 1496 illam
492 1469 622 1506 torquet.
670 1467 754 1497 Tunc
771 1467 888 1498 Chiron
903 1478 969 1499 eam
983 1473 1074 1508 rogat
1087 1479 1208 1502 sumere
1229 1471 1344 1512 cibum,
1365 1479 1397 1504 et
1420 1473 1502 1504 dona
1516 1470 1648 1514 Bacchi,
1669 1483 1722 1505 eas

263 1506 333 1537 lans
347 1507 443 1538 variis
457 1508 669 1540 delinimentis
680 1511 818 1540 anxiam.
868 1510 1001 1542 Tandem
1013 1513 1153 1544 extrahit
1165 1513 1330 1552 citharam,
1349 1518 1382 1546 et
1394 1519 1494 1547 movet
1506 1516 1635 1548 chordas
1649 1526 1719 1558 quoe

262 1557 418 1581 aerumnas
432 1551 577 1592 mulcent,
593 1554 624 1583 et
639 1551 739 1583 tradit
751 1561 847 1593 puero
861 1562 970 1585 nervos
981 1555 1093 1595 pollice
1106 1556 1293 1596 exploratos.
1316 1557 1376 1589 Ille
1387 1556 1519 1590 libenter
1532 1562 1636 1591 cantat
1652 1559 1718 1590 lau-

874 1643 1112 1656 eeeeeeeeeee

263 1706 326 1735 176
350 1703 456 1745 Lang.
475 1705 575 1737 Laur.
592 1706 726 1738 Buslid.
742 1707 893 1748 Lipsian.
910 1712 945 1740 et
961 1707 1039 1740 edd.
1058 1714 1142 1743 vett.
1156 1711 1209 1742 sed
1230 1712 1337 1744 robore
1355 1712 1583 1754 dispare—17⁹
1604 1714 1645 1746 In
1660 1714 1720 1746 iis-

261 1745 340 1777 dem
354 1746 452 1778 libris
469 1753 505 1780 et
520 1749 605 1780 Exc.
621 1749 726 1789 Burg.
748 1750 922 1791 crinemque
935 1751 1180 1784 ποταπὴ-180
1207 1754 1335 1786 Eurotoe
1348 1756 1421 1787 talis
1435 1756 1592 1789 Petu-ens.
1613 1757 1717 1789 Euro,
1740 1759 1743 1762 ⁴

261 1791 303 1819 tae
319 1789 420 1829 qualis
435 1799 517 1830 vaga
535 1790 726 1823 Pan—184
748 1793 949 1833 Baccheaque
963 1794 1000 1824 Τ.
1017 1794 1060 1825 R.
1076 1800 1114 1826 ut
1129 1801 1265 1835 oportet
1280 1798 1381 1829 scribi
1397 1808 1418 1829 a
1436 1800 1596 1839 Βακχεῖος.
1619 1800 1714 1831 Nunc

259 1830 358 1863 libare
373 1833 466 1872 dapes
479 1833 676 1874 bacchaeaque
692 1833 796 1866 Aldd.
811 1836 921 1868 Colin.
935 1836 1070 1877 Gryph.
1086 1837 1195 1869 Basil.
1213 1843 1250 1870 et
1276 1839 1497 1873 Plane-185
1521 1842 1603 1874 Put.
1624 1841 1713 1874 varia

913 1931 946 1964 N
952 1931 1055 1965 01·AE

257 2002 342 2036 citia
359 2003 503 2045 junctus
528 2004 625 2036 vixit.
667 2004 879 2047 Extenditur]
902 2005 956 2038 An

255 2055 460 2087 accenditur?

301 2107 363 2136 177
387 2105 433 2136 Et
448 2108 552 2137 tamen
566 2105 680 2146 oequali
695 2106 818 2137 visurus
833 2103 957 2146 Perga-

255 2164 307 2186 ma
321 2154 411 2195 fato]
450 2156 608 2197 Uterque
629 2156 718 2188 enim
745 2155 895 2188 Achilles
921 2160 957 2188 et

256 2207 440 2238 Patroclus
458 2207 491 2238 in
516 2207 580 2240 hoc
603 2207 693 2239 bello
709 2209 858 2250 Trojano
876 2218 953 2249 per-

253 2255 319 2287 iit:
352 2256 535 2289 Patroclus
566 2257 607 2289 ab
635 2258 790 2290 Hectore
810 2259 954 2298 occisus,

254 2306 405 2339 Achilles
423 2317 502 2339 vero
517 2317 536 2339 a
551 2307 690 2340 Paride.

297 2360 362 2389 179
400 2357 585 2398 Crinemque
614 2361 748 2390 novatur
785 2358 953 2400 Fontibus]

253 2407 297 2439 Id
346 2412 411 2447 est,
457 2408 580 2446 abluit,
627 2408 722 2450 quasi
771 2413 951 2440 renovatu-

253 2465 324 2488 rus.
385 2457 532 2498 Eurotae]
565 2458 711 2489 Eurotas
737 2456 861 2490 fluvius
888 2460 952 2490 La·

253 2507 375 2539 coniae.

297 2559 360 2587 180
386 2557 515 2599 Castor]
538 2558 659 2589 Frater
674 2558 840 2598 Pollucis,
853 2559 952 2592 Jovis

252 2608 289 2637 ‘et
318 2606 423 2638 Ledae
452 2606 553 2647 filius,
578 2608 754 2649 equitandi
784 2609 950 2649 peritissi-

252 2664 337 2688 mus.

295 2708 354 2737 181
392 2706 578 2747 Fessumque
595 2706 708 2748 jubar]
747 2708 878 2741 Alludit
906 2709 949 2741 ad

250 2754 410 2797 fabulam,
432 2766 500 2798 qua
519 2757 657 2798 dicitur,
680 2760 894 2792 versantibus
914 2761 948 2792 in

1011 2016 1134 2048 magna
1149 2012 1358 2050 tempestate
1380 2009 1600 2052 Argonautis.
1625 2010 1710 2043 duas

1011 2058 1126 2090 stellas
1143 2059 1280 2092 stetisse
1301 2069 1406 2101 supra
1426 2061 1543 2102 capita
1560 2062 1712 2095 castoris

1011 2112 1048 2140 et
1063 2109 1227 2146 Pollucis,
1249 2114 1439 2152 ventosque
1465 2111 1580 2144 statim
1597 2113 1712 2145 conci-

1011 2158 1100 2191 disse
1115 2164 1150 2192 et
1165 2164 1407 2201 tempestatem
1421 2170 1586 2194 cessasse.

1053 2212 1114 2241 183
1153 2209 1285 2250 Angunt
1320 2220 1378 2242 sua
1410 2211 1529 2250 gaudia
1562 2210 1709 2252 matrem]

1011 2259 1211 2291 Laetabatur
1225 2264 1322 2292 tanta
1337 2261 1464 2302 virtute
1480 2271 1520 2293 ae
1533 2261 1708 2294 fortitudia

1011 2319 1053 2341 ne
1069 2309 1152 2350 filii3
1176 2311 1403 2352 torquebatur
1425 2312 1516 2354 qnod
1539 2313 1707 2354 praevide-

1009 2359 1067 2392 bat
1082 2361 1168 2392 hane
1184 2361 1232 2392 illi
1247 2360 1321 2393 fore
1337 2362 1527 2394 exitiosam.

1050 2413 1112 2443 188
1130 2411 1225 2442 Canit
1241 2412 1293 2442 ille
1308 2411 1405 2443 libem
1419 2412 1567 2444 immania
1581 2414 1706 2445 laudum

1005 2459 1148 2500 Semina]
1171 2461 1228 2492 Sic
1247 2461 1392 2493 Ovidius
1407 2462 1518 2503 Epist.
1532 2471 1585 2494 rx.
1602 2463 1705 2504 Deja-

1005 2511 1089 2542 nirae
1106 2521 1155 2542 vs.
1169 2513 1223 2543 83.
1247 2515 1257 2529 ¹
1270 2512 1412 2543 Eximiis
1434 2514 1569 2555 pompis
1587 2514 1703 2546 imma-

1006 2561 1063 2592 nia
1077 2561 1206 2592 semina
1219 2561 1379 2594 laudum.’
1421 2564 1471 2595 Ut
1490 2564 1533 2594 ex
1549 2563 1704 2595 Putesno

1005 2610 1122 2642 codice
1153 2610 1316 2643 Nicotaus
1350 2612 1513 2645 Heinsius
1538 2614 1703 2654 restituit,

1005 2669 1081 2692 cum
1107 2660 1140 2691 in
1167 2661 1315 2701 vulgatis
1345 2662 1502 2703 legatur:
1537 2663 1548 2680 ‘
1559 2663 1702 2695 Eximiis

1004 2710 1134 2751 pompis
1160 2711 1334 2751 praeconia
1360 2721 1489 2744 summa
1516 2713 1702 2754 triumphi)

1004 2760 1210 2793 Claudianus
1226 2770 1283 2794 ιιι.
1294 2762 1395 2795 Cons.
1406 2763 1549 2797 Honorii
1563 2775 1572 2797 :
1590 2764 1600 2781 ‘
1611 2764 1700 2800 Hsee
