1846 3120
0 0 37 78 κενέ-*κῇ

0 384 22 445 ,ιι
0 86 24 375 mys-mea..

422 223 462 254 Ρ.
495 222 690 255 rammi
725 223 892 256 srAru
926 224 1073 257 sYuv.
1107 226 1204 259 ms.
1228 227 1259 258 ι.
1290 216 1332 258 2.

134 314 347 351 attonitum'
370 315 470 350 dicit.
513 316 569 350 Ita
599 317 753 350 Pacatus
778 318 847 350 Pa-

135 367 330 411 negyricos
351 366 428 401 ‘Ut
458 368 627 410 prolixior
652 367 698 401 sit
723 377 845 401 sensus

134 419 316 459 bonorum,
332 428 398 452 uec
406 419 589 462 repentina
597 418 748 451 felicitas
761 417 845 451 faci-

135 475 177 503 et
196 469 375 512 attonitos,
392 474 430 503 et
451 469 577 502 similes
593 468 718 502 reddat
732 469 845 511 iugra-

135 518 207 554 ἥθ’
231 520 351 553 Badh-

135 585 139 589 -
178 572 223 604 88
241 569 361 611 *Digna
373 570 499 612 quiden·
512 570 644 612 mess]
666 570 714 602 Et
729 569 757 601 si
776 568 847 610 diu,

133 619 260 664 lnquit,
275 620 452 661 laborasti,
462 625 578 654 tamen
593 620 770 662 praemium
784 620 846 651 ha-

132 669 199 704 bes
213 679 279 713 par
293 671 470 704 laboribus
486 671 577 704 tuisz
599 671 704 703 immo
723 670 845 713 majus.

135 720 228 754 Ne-
243 725 390 764 propter
403 722 492 754 lianc
505 731 576 754 non
599 720 724 753 fnisset
746 730 844 754 recu-

133 771 281 805 sandum
295 771 412 804 subire
433 771 572 805 labores
587 771 794 812 Herculeos,
808 775 845 804 et

134 821 274 856 weron
294 822 405 865 adire,
420 823 476 856 vel
489 823 654 864 navigare
678 831 742 864 per
755 822 844 863 Cya-

134 882 220 912 neos
247 874 430 916 scopulos:
461 882 526 917 per
553 883 640 916 quos
666 872 844 914 navigavit

133 923 242 958 Jasou
257 933 336 957 cnm
359 923 524 957 Medeam
539 923 657 966 rapuit
666 922 702 955 in
716 922 843 956 Ponto.

135 975 312 1008 Domitius.

133 1042 139 1047 ·
178 1028 221 1059 ⁴1
244 1025 343 1059 Hane
360 1028 490 1068 propter
514 1028 620 1057 tutum
641 1022 732 1064 Pie]
752 1023 844 1056 Tuta

133 1079 193 1109 est
202 1074 314 1117 ὕφεσις
323 1085 403 1109 cum
418 1075 584 1118 παρῥησίᾳ,
601 1075 633 1108 ei
648 1075 842 1117 praesertim

135 1125 192 1158 eui
206 1125 300 1167 φίλια
311 1127 393 1168 &Spa
407 1126 547 1169 Κυπρίας
563 1127 596 1160 ἐς
613 1125 708 1168 χάριν
729 1124 841 1158 τέλλε-

132 1184 200 1219 ται,
214 1182 256 1210 ut
268 1177 398 1220 Pelops
406 1178 512 1210 Pisaei
523 1178 631 1220 Regis
645 1179 756 1219 legem
763 1178 843 1210 sub-

133 1225 244 1259 imrns
280 1227 417 1260 orditur
455 1237 597 1269 precem
626 1226 670 1260 ad
705 1228 843 1269 Neptu-

135 1285 232 1318 num,
247 1277 341 1320 apud
370 1277 473 1311 Piud.
490 1288 518 1311 1.
543 1278 686 1320 olymp.
711 1276 794 1311 Ant.
807 1281 842 1311 4.

133 1326 247 1369 Μέγας
257 1328 294 1362 δὲ
306 1329 444 1363 κίνδυνος
457 1329 591 1363 ἄναλκιν
600 1329 637 1362 οὐ
649 1331 740 1371 φῶτα
760 1334 843 1369 λαμ,-

131 1379 234 1417 Βῦσι.
277 1382 329 1415 Ut
357 1381 408 1415 ait
428 1381 519 1414 idem
542 1382 577 1414 in
597 1382 739 1414 clausul.
767 1382 843 1413 Mo·

133 1431 242 1465 renus.
285 1431 381 1465 Hanc
401 1435 544 1475 propter,
566 1432 638 1474 &ct-J
663 1431 745 1464 Non
769 1441 841 1464 ma-

133 1482 187 1524 gis
199 1482 369 1526 profecto,
385 1493 487 1526 quam
500 1487 646 1525 propter
659 1482 843 1524 Hippoda-

132 1533 240 1566 mian.
284 1534 332 1566 Et
343 1533 514 1577 quomodo
527 1537 643 1573 tutum,
658 1534 688 1566 si
710 1537 844 1566 tremen-

135 1587 211 1626 rm,
239 1585 269 1618 si
298 1584 408 1618 Pium
435 1585 504 1626 lege
520 1587 536 1617 t
565 1584 708 1618 Scribe:
747 1585 844 1617 Hanc

132 1637 264 1677 propter
292 1635 431 1676 justum.
487 1635 577 1668 Haec
605 1638 773 1672 meretur,
797 1644 842 1667 ue

134 1685 213 1727 quis
226 1694 300 1728 >par
321 1685 507 1718 discrimen
529 1688 679 1718 recuset.
704 1685 842 1717 Gmnov.

134 1735 245 1770 Pisaeu
257 1737 327 1777 lege
338 1739 520 1769 tremencia
535 1734 688 1776 Currere]
710 1733 767 1767 Ad
789 1733 841 1766 fa·

134 1785 251 1818 bulum
264 1795 333 1829 qua
344 1785 531 1819 OEnomaus
546 1785 658 1826 legem
673 1783 788 1826 procis
800 1783 840 1816 fi-

132 1835 191 1870 lie
205 1845 278 1870 sun
292 1835 538 1878 Hippodamiae
553 1835 654 1876 dixit,
667 1839 707 1867 ut
718 1834 840 1867 curule

133 1889 313 1919 manen
322 1895 439 1919 secum
454 1886 530 1929 (qui
545 1894 651 1928 equos
666 1884 841 1917 velocissi-

133 1945 210 1971 mus
236 1936 408 1976 habebat)
431 1936 578 1976 inirent;
600 1935 724 1968 Victor
752 1934 841 1978 Hip-

133 1986 298 2028 pedania
313 1987 498 2030 potiretur.
511 1986 594 2019 victi
606 1991 843 2027 morerentur3

131 2038 308 2079 superatis
334 2047 419 2071 vero
446 2038 639 2080 occisisque
674 2037 843 2071 tredecim

134 2087 429 2130 adolescentibus,
453 2088 596 2121 tandem
620 2088 732 2121 victus
753 2094 810 2122 est
823 2099 844 2121 a

134 2138 281 2181 Pelope.
322 2139 427 2172 Mens
443 2139 601 2181 Papinii:
626 2139 775 2181 Dignam
791 2138 844 2172 fu-

132 2188 201 2222 isse
222 2189 476 2231 Violentillam,
490 2199 568 2232 quae
594 2194 774 2231 peteretur
786 2191 844 2223 vel

132 2240 262 2283 eapitis
277 2241 446 2283 periculo,
460 2245 499 2273 et
513 2239 769 2273 conditionibus
785 2241 844 2274 iis-

130 2290 213 2325 dem
237 2292 361 2335 quibus
386 2290 634 2334 Hippodamia.
676 2293 765 2325 Erat
785 2292 842 2325 hic

131 2342 321 2377 OEuomaus
335 2353 398 2377 rex
408 2343 519 2376 Elidis
529 2346 567 2376 et
577 2343 684 2384 Pisae,
697 2348 737 2376 nt
749 2344 842 2377 Pau-

131 2393 248 2427 sauia·
277 2393 452 2427 Elicorum
477 2392 538 2426 lib.
567 2402 609 2426 n.
667 2393 841 2427 Pindarus

132 2443 403 2487 Olympioniem
438 2444 675 2487 Epimenides,
699 2445 840 2488 Apollo-

131 2493 213 2527 nius
234 2498 273 2527 et
302 2493 474 2528 Hesiodus
499 2494 689 2528 tradidere.
743 2496 841 2529 Scite

132 2543 215 2578 hinc
230 2544 399 2587 Papinius
411 2543 646 2578 conditionem
662 2546 778 2588 procis
795 2546 841 2579 ab

131 2593 303 2632 OEuomao
335 2594 550 2638 propositam
588 2596 600 2615 ⁴
614 2596 765 2630 Pisoeam
791 2598 841 2630 le-

132 2644 236 2688 gen*
265 2644 368 2678 dixit.
411 2644 559 2678 Ovidius
578 2642 695 2679 'etiam
721 2648 840 2680 oculos

131 2695 190 2730 ue
200 2696 325 2731 babuit
338 2696 420 2729 dum
436 2695 576 2738 scripsit
586 2696 621 2729 in
639 2696 719 2730 Ibin
735 2708 744 2731 ε
766 2698 778 2717 ‘
791 2698 842 2731 Ut

127 2746 293 2789 juvenes,
323 2755 458 2790 pereas.
482 2747 642 2790 projecta
668 2748 842 2782 cadavera

123 2804 277 2841 quoram
316 2797 461 2842 Oraque
495 2797 620 2834 Pisoeae
648 2800 842 2837 sustinuere

1494 219 1608 262 1637

894 316 1012 351 fores!
1026 318 1180 352 Rerum.

936 370 981 400 43
1004 368 1122 400 Pastor
1134 368 1335 411 temerarius]
1353 370 1412 404 Gl.
1428 375 1499 404 vet.
1512 375 1608 406 teme-

893 417 1010 460 rarius,
1029 418 1252 461 ῥιψοκίνδυνος,
1278 419 1446 463 τολμηρός.
1490 421 1607 456 Affine

896 469 1016 502 vitium
1046 470 1202 512 Phrygio
1224 471 1337 513 judici
1364 474 1524 515 προπετεῖ,
1547 475 1607 516 qui

895 519 905 537 ‘
918 519 1064 552 Veneris
1087 521 1249 563 praesidio
1267 521 1395 564 ferox,'
1417 527 1514 556 tanta
1536 534 1607 557 mo·

895 569 946 601 vit
970 569 1116 603 ‘funera
1143 571 1318 604 Dardanae
1344 573 1464 614 genti,’
1480 574 1605 608 Horat.

894 629 922 652 1.
935 620 1068 654 Od.1s.
1113 621 1163 654 At
1174 622 1275 664 enim,
1293 626 1331 655 nt
1347 624 1494 666 Myrson
1509 630 1606 659 recte

893 676 1012 705 monet
1020 672 1111 715 apud
1123 673 1270 705 Bionem
1282 673 1514 716 Smyrnaeum:
1532 676 1605 718 Κρί-

892 735 955 755 vem
968 723 1025 756 οὔκ
1039 723 1159 757 ἐπέοικε
1172 724 1259 763 ethi«
1267 723 1345 767 ἔργα
1354 727 1510 767 βροτοῖσι.
1529 728 1606 760 Non

891 784 1013 816 equum
1022 779 1068 808 est
1082 775 1235 808 hominem
1246 776 1285 807 de
1295 775 1389 809 rebus
1401 776 1533 809 sciscere
1541 776 1606 809 Di-

889 835 974 858 vum.
990 826 1132 859 Morell.

934 879 977 908 45
1005 877 1049 910 Te
1061 877 1169 920 potius
1192 877 1322 919 prensa]
1355 876 1508 910 Praefert
1521 878 1606 911 Vio-

892 927 1065 960 lantillam
1094 927 1259 962 Aurorae.
1315 928 1418 960 Mens
1447 933 1522 962 est:
1567 930 1605 962 Si

892 977 1030 1011 Aurora
1039 982 1086 1016 te,
1097 988 1118 1011 o
1127 978 1398 1019 Stella,raperet
1407 980 1457 1011 uti
1468 980 1604 1021 Cepha-

891 1027 975 1069 lum,
1000 1038 1067 1061 non
1081 1032 1198 1061 tamen
1214 1033 1284 1060 tam
1302 1029 1480 1071 pulchram
1497 1027 1613 1063 habu-‘

890 1076 977 1110 isses
1000 1088 1042 1111 ac
1068 1088 1161 1111 nunc
1174 1078 1291 1112 babes.
1334 1079 1501 1112 Eruditus
1522 1081 1607 1112 Par-

890 1129 1025 1162 rhasius
1039 1139 1104 1171 pro
1115 1140 1230 1172 prensa
1244 1131 1376 1162 mavult
1385 1139 1534 1172 prensum
1548 1131 1605 1164 vel

888 1189 1012 1220 pressa,
1022 1180 1078 1212 cui
1093 1180 1284 1213 adsentior.
1306 1181 1463 1214 Ber-nari.

933 1231 979 1261 48
1000 1230 1048 1261 Et
1063 1231 1164 1262 multa
1184 1231 1354 1271 pulsantur
1369 1231 1481 1263 limina
1493 1230 1604 1273 virga]

891 1277 1031 1311 Iudicat
1042 1279 1264 1321 magistratus
1275 1280 1319 1312 ad
1332 1281 1509 1312 sollemnia
1519 1280 1606 1312 Stel-

891 1329 934 1362 1ae
973 1329 1123 1363 venisse.
1177 1330 1278 1363 More
1315 1331 1407 1363 enim
1436 1331 1605 1372 Romano,

892 1379 1029 1421 quoties
1053 1379 1274 1422 magistratus
1304 1390 1383 1414 suas
1396 1382 1453 1413 vel
1475 1381 1604 1413 alienas

891 1431 984 1464 aedes
1000 1432 1218 1474 ingressurus
1237 1436 1326 1474 erat,
1346 1433 1452 1466 lictor
1473 1442 1604 1475 praece-

892 1482 978 1515 dens
994 1481 1086 1515 fores
1101 1483 1199 1525 virga
1209 1483 1439 1524 percutiebat.
1483 1483 1603 1516 Livius

890 1533 953 1566 lib.
980 1542 1033 1567 vl.
1089 1533 1224 1566 Plinius
1255 1533 1316 1566 lib.
1346 1542 1415 1566 vu.
1442 1542 1521 1575 cap.
1548 1536 1604 1566 10.

891 1584 1085 1617 Martialis:
1109 1584 1121 1602 ‘
1136 1584 1198 1616 Bis
1230 1593 1331 1616 senos
1351 1583 1457 1625 jubet
1480 1593 1523 1615 en
1550 1593 1604 1616 re-

891 1633 969 1666 dire
994 1633 1107 1667 fasces
1131 1634 1227 1667 Nato
1241 1634 1403 1667 consule:
1427 1634 1604 1676 nobilique

891 1684 991 1726 virga
1003 1685 1103 1718 Vatis
1127 1685 1273 1719 castani
1295 1684 1435 1718 domum
1457 1684 1607 1719 sonare.'

892 1735 995 1769 Idem.

933 1789 976 1819 61
1000 1785 1150 1820 Ser-enati
1169 1786 1257 1828 coeli]
1279 1786 1349 1820 Ubi
1365 1796 1518 1829 praesens
1532 1787 1603 1820 Ve-

889 1847 966 1880 nus,
987 1839 1113 1871 coelum
1136 1847 1273 1880 semper
1287 1847 1448 1870 serenum
1472 1838 1606 1871 liabent

889 1888 1169 1922 tiliiPoiitarum.
1212 1889 1409 1930 Lucretius,
1422 1890 1496 1931 ejus
1520 1891 1604 1923 allo-

889 1940 1057 1982 quutione
1074 1950 1084 1973 z
1106 1941 1116 1958 ‘
1132 1940 1184 1972 Te
1199 1939 1293 1979 Dea,
1307 1943 1344 1971 te
1365 1938 1506 1981 fugiunt
1519 1949 1605 1973 ven·
1644 1944 1647 1947 “

889 1990 972 2031 ti,te
980 1989 1100 2023 nubila
1109 1989 1199 2031 coeli,
1209 1989 1476 2033 Adventumque
1486 1995 1594 2024 tuum.
1601 1992 1611 2005 ⁹

890 2041 1011 2075 Barth.
1035 2042 1142 2082 Plaga
1155 2041 1274 2084 lactea]
1289 2041 1331 2073 In
1346 2041 1530 2083 syderibus
1539 2042 1605 2075 cir-

893 2092 992 2125 culus
1008 2091 1150 2135 quidam
1165 2091 1366 2124 ostenditur
1380 2091 1531 2126 candido
1545 2102 1603 2126 co-

893 2142 989 2176 lore:
1033 2151 1136 2185 quern
1162 2142 1303 2185 quidam
1328 2143 1483 2176 lacteum
1505 2143 1604 2176 dixe-

892 2198 989 2236 runt,
1005 2194 1078 2227 sive
1106 2193 1165 2236 (ut
1189 2194 1443 2226 Demosthenes
1465 2195 1605 2238 scribit)

892 2245 1053 2288 quoniam
1079 2244 1173 2278 Juno
1194 2254 1274 2277 cum
1291 2244 1402 2277 inscia
1425 2245 1604 2279 Mercurio

891 2305 1073 2328 mammam
1113 2293 1240 2327 infanti
1279 2294 1501 2338 praebuisset,
1526 2301 1604 2329 tan-

892 2345 1040 2389 demque
1069 2345 1232 2378 rescisset
1262 2355 1342 2378 eum
1377 2355 1456 2379 esse
1494 2346 1603 2380 filium

891 2396 1010 2438 Maiae,
1021 2395 1157 2438 reJecit,
1171 2399 1208 2428 et
1225 2394 1356 2437 profusi
1371 2396 1473 2429 lactis
1487 2397 1603 2439 splen-

891 2446 957 2479 dor
975 2447 1070 2479 iuter
1092 2445 1220 2488 sydera
1240 2450 1306 2480 est.
1348 2446 1419 2479 Alii
1433 2448 1602 2490 scribunt,

890 2497 928 2531 id
942 2498 1102 2531 evenisse
1113 2497 1274 2539 Herculi,
1286 2507 1365 2531 cum
1377 2498 1402 2533 J
1405 2502 1508 2533 unoni
1524 2499 1605 2533 dor·

890 2549 1014 2583 mienti
1037 2548 1238 2591 suppositus
1267 2554 1375 2591 esset,
1399 2555 1437 2583 et
1461 2551 1602 2584 tandem

892 2600 1071 2641 rejectus:
1094 2599 1151 2631 alii
1164 2598 1354 2632 Herculem
1375 2601 1518 2635 nimium
1533 2603 1601 2635 lac-

891 2650 938 2683 tis
953 2650 1108 2683 hausisse
1122 2659 1167 2682 ex
1183 2659 1337 2683 mamma.
1354 2650 1516 2694 Minonis,
1536 2662 1602 2685 nec

890 2704 1004 2734 totum
1030 2700 1185 2743 potuisse
1208 2701 1413 2735 continere:
1436 2703 1499 2736 sed
1523 2713 1602 2745 pro·

889 2750 958 2784 fusi
973 2753 1123 2788 colorem
1138 2761 1215 2788 esse
1230 2752 1322 2787 inter
1336 2753 1464 2787 sidera.
1487 2753 1601 2788 Domi-

887 2802 966 2836 tias.
