1846 3120
283 206 394 250 1568
777 219 817 248 P.
850 217 1038 273 melun
1066 218 1237 251 STA'ru

282 312 552 363 Attonitam‚
574 316 620 355 et
637 312 752 367 turpi
771 318 1037 367 quaerentem
1057 315 1203 357 littora
1221 315 1351 358 furto.

284 380 567 422 Occidimus:
597 380 763 434 placuit
782 379 1048 434 Lycomedis
1068 382 1247 424 conscia
1269 383 1417 424 tellus.

284 446 324 488 O
347 448 493 489 scelus
512 447 521 489 ἔ
551 460 606 488 en
625 447 759 489 fiuxae
780 448 961 490 veniunt
980 449 1023 489 in
1044 452 1223 503 pectora
1241 454 1404 492 vestes.

284 513 462 564 Scinde‚
483 526 610 567 puer,
631 514 799 565 scinde,
819 519 867 556 et
886 515 1052 558 timidae
1072 529 1127 557 ne
1146 516 1274 558 crede
1292 518 1478 572 parenti.

284 580 377 622 Hei
396 581 516 631 mihi,
537 584 687 635 raptus
706 580 826 623 abit!
846 594 1049 635 quaenam
1067 582 1164 625 haec
1183 585 1340 637 procul
1358 584 1558 640 improba
1575 584 1727 639 virgo?

285 648 379 690 Hic
397 651 577 689 nutante
598 648 733 701 gradu
755 649 888 699 stetit,
908 649 1145 704 amissique
1163 650 1323 693 furoris
1643 652 1729 695 536

284 713 470 756 Viribus
488 719 591 756 ante
610 715 732 768 ipsas
753 716 1032 757 tremefactus
1052 718 1211 760 corruit
1231 731 1349 760 aras.
1723 749 1726 751 -

283 781 411 823 Tunc
431 782 666 823 haerentem
688 781 889 824 Ithacum
910 782 1182 837 Calydonius
1202 788 1391 839 occupat
1409 785 1560 828 heros:
1595 819 1597 821 .

285 848 388 890 Nos
408 852 540 890 vocat
560 849 643 889 iste
664 848 814 890 labor:
844 862 984 903 neque
1005 850 1120 892 enim
1142 864 1291 894 comes
1306 852 1369 893 ire
1386 864 1560 905 recuso,
1667 887 1672 891 .

286 915 335 956 Si
355 920 399 956 te
420 928 525 957 cura
544 915 703 957 trahit:
732 915 835 957 licet
854 916 929 958 ille
949 918 1204 959 sonantibus
1226 919 1362 960 antris
1643 919 1729 962 540

284 981 484 1036 Tethyos
505 981 707 1024 adversae
728 982 981 1037 gremioque
1001 989 1223 1037 prematur
1243 997 1413 1039 aquoso

282 1113 410 1148 gantem
422 1119 478 1150 per
488 1110 625 1141 excelsas
641 1110 793 1150 Cycladas
808 1110 916 1143 littora
928 1114 1002 1152 apta
1015 1112 1193 1144 occultando
1209 1113 1432 1154 turpiter-filio.
1469 1113 1647 1146 Peritum:
1659 1124 1729 1146 eon-

285 1152 352 1183 seia
366 1156 451 1183 terra
467 1151 648 1194 Lycomedis
661 1153 710 1183 illi
728 1153 858 1192 placuit.
905 1154 935 1184 0
951 1154 1120 1195 flagitium
1131 1155 1146 1186 ,Ι
1175 1156 1228 1186 En
1245 1155 1402 1195 foemineoe
1414 1158 1513 1188 vestes
1526 1166 1596 1188 eum
1607 1159 1729 1198 tegunt.

285 1194 375 1225 Puer
388 1196 501 1231 lacera,
516 1195 628 1234 lacera,
647 1204 701 1225 nec
723 1195 870 1226 adhibeas
883 1195 985 1238 fidem
1003 1197 1127 1237 pavidoe
1140 1197 1248 1229 matri.
1291 1197 1366 1229 Heu
1376 1207 1435 1238 me,
1449 1197 1569 1237 ablatus
1581 1198 1731 1231 abscedit.

289 1236 441 1272 Quoenam
467 1240 513 1268 est
532 1237 596 1268 haec
620 1236 710 1276 virgo
732 1237 882 1278 improba,
902 1248 992 1278 quam
1011 1239 1117 1280 procul
1138 1249 1240 1279 cerno,
1260 1250 1328 1280 qua·
1345 1249 1414 1271 eum
1427 1239 1530 1281 rapit?
1560 1240 1628 1272 Hic
1641 1240 1732 1273 hesit

286 1278 410 1311 labante
431 1289 550 1317 gressu,
572 1282 602 1310 et
627 1278 788 1318 trepidans
809 1280 920 1311 cecidit
940 1284 1013 1312 ante
1033 1290 1115 1318 aras,
1140 1282 1277 1313 extincto
1297 1281 1408 1320 furore
1431 1291 1489 1322 quo
1511 1282 1731 1315 sustinebatur.

289 1319 377 1352 Tunc
390 1321 479 1352 heros
497 1321 685 1363 Calydonius
707 1323 861 1362 praevenit
875 1322 1063 1362 cogitantem
1078 1322 1228 1364 Ulyssem.
1272 1324 1353 1355 Hoec
1366 1333 1459 1364 opera
1472 1325 1513 1357 aa
1524 1334 1579 1356 nos
1590 1328 1711 1366 spectat
1720 1335 1732 1357 ε

285 1372 382 1403 neque
397 1364 479 1394 enim
489 1374 593 1394 recuso
609 1367 708 1394 tecum
717 1364 883 1406 proficisci,
896 1365 940 1406 (si
954 1365 1003 1396 vis
1016 1375 1083 1396 rem
1095 1364 1278 1407 suscipere-Q
1290 1367 1350 1398 etsi
1363 1367 1416 1398 ille
1429 1367 1595 1399 occultetur
1608 1367 1642 1399 in
1654 1370 1734 1398 am-

282 1405 426 1445 pentibus
445 1406 586 1438 cavernis
609 1405 788 1438 meridiane
812 1406 946 1448 Tethyos
966 1410 999 1439 et
1018 1407 1053 1439 in
1077 1409 1190 1440 undoso
1213 1408 1285 1440 sinu
1300 1408 1412 1450 Nerei,
1432 1412 1468 1441 tu
1489 1408 1570 1443 hunc
1586 1409 1732 1451 reperies.

906 1507 1102 1520 ‘NON-'m
1107 1507 1145 1520 00

289 1570 553 1611 Lindenbrogii:
586 1572 657 1602 cede
680 1570 922 1611 parenti.--535
957 1572 998 1603 Iu
1023 1572 1165 1604 iisdem:
1200 1573 1265 1604 hoec
1289 1576 1337 1605 est
1359 1571 1497 1613 improba
1524 1571 1734 1612 virga—6³6

290 1615 376 1646 Tunc
398 1616 528 1645 nutante
545 1615 649 1653 gradu
674 1614 755 1645 Put.
778 1614 957 1655 amissisque
971 1614 1096 1653 furoris
1113 1616 1196 1646 Exc.
1211 1616 1315 1655 Burg.
1341 1615 1447 1655 Lang.
1474 1616 1574 1646 Laur.
1601 1614 1732 1646 Buslid.

287 1656 440 1696 Lipsian.
456 1656 543 1687 Dan.
559 1656 640 1687 Put.
656 1655 780 1686 Petav.
795 1655 899 1688 Aldd.
923 1657 1031 1688 Colin.
1046 1657 1176 1698 Gryph.
1193 1657 1297 1689 Basil.
1311 1657 1426 1689 Plant.
1441 1656 1671 1696 Liudenbrog.
1695 1661 1733 1688 et

287 1699 391 1730 Cruc.
435 1701 444 1717 ⁶
462 1697 588 1729 Melius
612 1707 688 1729 unae
715 1698 920 1729 membranae
935 1699 1132 1739 missisque:
1155 1699 1246 1730 intus
1267 1699 1357 1730 euim
1381 1708 1456 1730 eum
1479 1697 1733 1740 occupaverat?

288 1739 513 1771 Barca—540
537 1739 694 1771 Petrens.
711 1740 818 1780 Lang.
834 1741 932 1772 Laur.
949 1740 1080 1772 Buslid.
1094 1746 1130 1772 et
1146 1741 1296 1781 Lipsiau.
1339 1740 1378 1772 Si
1389 1744 1444 1772 tua
1458 1750 1544 1779 cura,
1565 1740 1732 1782 probante

287 1782 477 1814 Gronovio.
501 1782 590 1813 Vide
605 1782 690 1814 Not.
707 1781 791 1814 Var.
817 1782 857 1824 Si
869 1786 926 1814 tua
940 1792 1015 1814 cara
1028 1783 1134 1814 trahat
1153 1784 1267 1814 Burm.
1288 1783 1329 1814 Si
1344 1786 1376 1814 te
1387 1793 1462 1814 cura
1476 1783 1576 1815 trahit
1590 1783 1732 1814 Venett.

288 1825 387 1857 Rom.
410 1823 516 1856 Aldd.
533 1826 705 1856 snm—541
732 1823 878 1857 Tethidos
902 1825 986 1857 Exc.
1001 1825 1107 1866 Burg.
1134 1825 1267 1866 Thetyos
1284 1825 1408 1858 inscite
1426 1825 1622 1867 Bipontiua.
1644 1825 1733 1857 Vide

935 1931 1083 1963 NOTAE

288 1994 478 2036 expugnari
507 2003 575 2026 nou
611 2002 711 2035 posse
738 1993 811 2025 sine
841 1992 984 2026 Achille.
1035 1993 1144 2026 lectus
1159 1994 1297 2026 tandem
1313 1983 1524 2033 succumbat,
1538 1996 1575 2024 et
1595 1991 1733 2024 oblivis-

290 2045 459 2087 Cycladas]
482 2043 571 2075 Vide
587 2052 701 2084 supra.
1036 2049 1133 2076 catur
1147 2055 1183 2076 se
1199 2044 1367 2076 hominem
1381 2053 1466 2076 esse.
1504 2043 1654 2079 Quanam
1667 2042 1734 2073 ltoee

329 2098 394 2127 532
418 2094 610 2135 cecidimus]
645 2092 843 2133 Ingemiscit
869 2092 986 2124 Achil-

286 2145 354 2177 lem
369 2145 536 2177 occultari
551 2144 641 2175 inter
655 2142 813 2174 mulieres
827 2141 985 2174 foemiueo

286 2194 418 2226 habitu.
462 2194 644 2235 Lycomedis
655 2194 775 2224 conscia
788 2193 894 2233 tellus]
906 2192 987 2233 Scy-

287 2254 344 2276 ros
359 2244 481 2276 insula.
530 2242 677 2283 Conscia]
707 2241 813 2275 Quasi
827 2241 885 2272 illa
898 2241 988 2273 insu·

286 2294 322 2325 la
336 2293 488 2325 novisset
500 2293 708 2324 occultatum
724 2291 902 2323 Achillem.

329 2347 393 2376 533
417 2343 575 2384 Etfluxae
589 2343 716 2375 ueniunt
730 2343 764 2374 in
783 2346 908 2383 pectore
921 2351 986 2373 ves-

287 2394 351 2434 tes]
374 2395 543 2434 Respexit
567 2393 609 2424 ad
636 2392 720 2424 illud
747 2400 871 2432 supra:
904 2391 985 2422 ‘In—

287 2444 465 2485 nectitque
481 2442 596 2476 sinus!
641 2443 731 2475 Nam
754 2446 867 2474 vestes
887 2441 985 2472 muli-

287 2493 386 2525 ebres
401 2492 501 2524 fluxae
518 2497 610 2533 sunt,
625 2502 665 2524 ac
679 2492 838 2523 sinuosae.

331 2544 395 2574 584
410 2542 534 2582 scinde,
541 2552 629 2583 puer,
637 2541 707 2583 85c.]
720 2541 825 2574 Quasi
837 2541 985 2582 alloqua-

288 2596 345 2624 tur
360 2597 565 2633 praesentem
589 2591 769 2632 Achillem,
794 2591 889 2623 illum
913 2591 986 2622 hor-

287 2646 394 2682 tatur,
409 2645 448 2673 ut
461 2642 595 2684 scindat
607 2641 844 2682 ignominiosas
861 2646 983 2673 vestes.

330 2695 392 2724 535
417 2692 484 2723 Hei
510 2691 599 2731 mihi,
622 2695 731 2732 raptus
751 2690 833 2731 abit]
875 2692 986 2723 Dolet

288 2741 379 2785 quod
408 2741 561 2774 Achilles
590 2750 705 2774 amore
730 2741 923 2774 Deidamiae
949 2741 986 2774 il-

1033 2095 1142 2135 procul
1163 2094 1301 2135 improba
1320 2093 1423 2134 virgo]
1453 2092 1643 2132 Deidamia,
1656 2100 1744 2133 quae,

1037 2153 1098 2175 sua
1132 2142 1382 2184 pulchritudine
1417 2151 1518 2174 carisa
1552 2145 1640 2182 erat,
1672 2148 1734 2172 cut

1039 2192 1189 2225 Achilles
1206 2193 1314 2224 latere
1329 2192 1444 2224 vellet.
1643 2199 1646 2202 ·

1082 2246 1145 2276 537
1184 2243 1330 2284 Corruit]
1376 2240 1574 2274 Recedeute
1609 2239 1732 2281 spiritu

1041 2303 1108 2335 quo
1122 2292 1364 2325 sustinebatur.
1707 2289 1709 2291 ’

1080 2346 1146 2374 538
1161 2341 1319 2382 Ithacum]
1334 2341 1492 2381 Ulyssem
1502 2338 1631 2371 Ithacae
1642 2337 1735 2378 priu-

1038 2392 1164 2434 cipem.
1208 2391 1396 2432 Calydonius
1411 2388 1516 2429 heros]
1539 2387 1735 2419 Diomedes.

1081 2445 1145 2474 539
1169 2440 1293 2480 Comes]
1326 2440 1383 2472 Sic
1406 2438 1579 2471 inducitur
1600 2436 1643 2468 ab
1659 2436 1732 2468 Ho-

1037 2501 1143 2524 mero.

1079 2544 1143 2573 540
1165 2540 1205 2572 Si
1219 2543 1249 2572 te
1263 2549 1339 2571 cura
1352 2537 1468 2578 trahit]
1488 2537 1614 2570 Melius
1625 2536 1733 2577 scrip·

1039 2595 1092 2622 ta:
1117 2589 1156 2621 Si
1179 2594 1233 2621 tua
1251 2598 1326 2621 cura
1346 2588 1456 2620 trahit.
1499 2587 1608 2618 Tuum
1622 2586 1732 2616 consi-

1037 2640 1133 2678 lium,
1147 2648 1197 2670 res
1212 2648 1232 2670 a
1247 2643 1282 2671 te
1293 2635 1509 2678 suscipienda
1521 2640 1558 2667 et
1569 2634 1731 2676 gerenda.

1080 2691 1142 2720 541
1167 2688 1332 2729 Adversoe]
1367 2687 1447 2719 Non
1471 2685 1586 2716 ‘iratae
1614 2684 1732 2724 nobi&

1038 2743 1078 2772 ut
1099 2735 1204 2772 habet
1227 2738 1445 2779 scholiastes,
1471 2736 1532 2769 sed
1560 2734 1731 2777 accipien-
