1846 3120
234 260 347 304 1206

233 367 300 411 Hi
316 366 539 420 gravidam
561 363 787 406 Semelen:
817 362 881 404 issi
902 356 1138 416 Cythereia
1157 362 1341 403 laudant
1359 364 1362 366 '

234 433 481 481 Connubia,
504 435 548 472 et
567 430 707 472 multa
724 429 962 472 deductam
980 428 1187 483 lampade
1203 428 1386 471 fratrum

732 269 771 299 P·
805 267 995 298 PAPlNll
1029 267 1194 298 STA'rll

235 500 552 543 Harmoniam:
582 498 714 540 nullis
734 497 860 539 deest
880 509 963 538 sua
982 495 1137 537 fabula
1151 496 1332 538 mensis.

236 567 330 609 Ceu
350 566 482 608 modo
503 565 799 620 gemmiferum
819 563 969 618 thyrso
990 564 1234 617 populatus
1254 562 1517 618 Hydaspen,

235 633 442 688 ansque
463 634 636 683 domos,
652 633 761 687 nigri
781 631 948 674 vexilla
966 631 1177 685 triumphi

236 701 384 751 Liber,
404 705 449 742 et
468 701 641 754 ignotos
657 699 837 753 populis
856 697 1095 739 ostenderet
1117 696 1270 738 Indos.

235 768 352 810 Tum
373 768 559 822 primum
581 766 638 807 ad
660 769 820 816 coetus,
841 764 1067 818 sociaeque
1088 765 1142 806 ad
1165 764 1336 806 foedera
1350 776 1527 816 mensae,

239 835 421 888 Semper
440 834 732 887 inaspectum,
754 831 968 887 diraque
956 846 1002 874 111
1021 831 1127 873 sede
1146 832 1370 882 latentem,

240 901 499 955 OEdipoden
515 901 661 942 exisse
680 900 837 951 ferunt,
857 901 1067 954 vultuque
1087 912 1238 945 sereno

240 969 461 1026 Canitiem
479 968 645 1021 nigram
667 966 889 1021 squalore,
909 972 957 1009 et
977 965 1158 1008 sordida
1178 965 1287 1007 fusis

241 1038 332 1079 Ora
351 1036 488 1078 comis
507 1035 686 1076 laxasse
706 1046 854 1085 manu,
875 1034 1132 1088 sociumque
1151 1033 1362 1087 benignos

240 1162 366 1193 dantem
390 1172 513 1194 sensum
540 1162 628 1194 auris
651 1161 760 1194 saxis:
781 1161 815 1193 1η·
835 1164 1052 1201 praegnantem
1073 1160 1230 1193 Semelen:
1254 1161 1303 1192 illi
1326 1161 1496 1202 praedicant
1518 1160 1694 1201 conjugium

231 1203 316 1245 filiae
338 1205 478 1242 Veneris,
491 1209 522 1237 et
538 1205 746 1236 Harmoniam
770 1204 947 1235 comitatam
967 1203 1206 1242 multisfacibus
1213 1203 1357 1242 fratrum
1370 1213 1495 1235 suorum
1508 1204 1550 1235 ad
1571 1204 1695 1236 domm

241 1247 368 1286 sponsi.-
390 1249 483 1279 nulloe
506 1257 620 1279 mensae
641 1245 948 1285 carentauafabula.
997 1247 1040 1277 Ue
1061 1247 1089 1276 oi
1110 1247 1198 1277 modo
1213 1247 1358 1278 Bacchus
1371 1247 1566 1296 depravatu-⁸
1586 1246 1695 1294 thyrso

243 1289 427 1330 Hydaspem
446 1289 612 1330 gemmtfer
614 1300 676 1328 um,
687 1293 719 1321 et
731 1289 844 1330 plagas
862 1288 1052 1327 Orientalea,
1068 1291 1099 1320 tr
1099 1290 1243 1320 adm-eret
1255 1292 1327 1320 ante
1337 1299 1393 1320 ora
1405 1289 1518 1320 civium
1531 1288 1623 1329 signa
1631 1287 1698 1320 aeri

242 1331 393 1381 triumphi
407 1336 438 1364 et
453 1333 626 1372 incognitos
641 1332 749 1364 Indos.
795 1332 882 1363 Tunc
896 1331 1003 1362 dicunt
1020 1332 1182 1371 OEdipum,
1200 1341 1319 1372 semper
1332 1331 1466 1363 invisum
1479 1334 1587 1371 antea,
1598 1333 1628 1362 et
1642 1326 1702 1361 ab·

242 1374 342 1406 ditum
358 1376 390 1406 in
400 1376 549 1407 horrendo
560 1377 623 1406 loco
626 1375 782 1416 ‚primum
790 1374 944 1415 prodiisse
959 1376 999 1405 acl
1014 1377 1178 1406 conventus
1193 1378 1223 1404 et
1238 1375 1279 1405 ad
1291 1383 1380 1405 sacra
1391 1374 1559 1406 communis
1572 1379 1706 1414 maenaa,

242 1420 274 1448 et
293 1418 415 1459 placida
421 1418 509 1457 facie
529 1418 673 1450 oomsisse
688 1427 779 1449 manu
793 1427 884 1448 canos
898 1420 984 1448 atros
997 1417 1138 1457 colluvie,
1152 1419 1183 1448 et
1195 1426 1293 1456 genas
1305 1417 1462 1458 squalidas
1472 1416 1590 1458 apanis
1602 1425 1696 1457 supra

850 1510 1092 1523 eeeeeeeeeeee

244 1581 276 1609 et
289 1578 406 1609 subitas
422 1578 510 1610 Dan.
530 1577 693 1609 Heinsius
709 1577 751 1609 ad
772 1577 950 1608 Claudian.
966 1577 1073 1618 Rapt.
1087 1578 1249 1618 Proserp.
1275 1586 1332 1609 ιιι.
1357 1580 1540 1609 arm—236
1562 1576 1700 1608 Harmo-

244 1621 316 1651 nien
333 1621 418 1651 Dan.
434 1620 515 1651 Put.
536 1621 658 1653 Petav.
676 1620 879 1651 Hermionam
899 1620 1018 1650 Behot.
1034 1622 1066 1651 1.
1090 1620 1282 1651 Hermionen
1303 1621 1424 1651 Behot.
1440 1622 1472 1651 2.
1495 1619 1591 1651 nullis
1615 1620 1700 1651 deest

246 1663 455 1694 Petrens.et
471 1663 593 1694 Behot.
610 1665 640 1695 1.
664 1663 815 1703 nullisque
829 1663 915 1693 deest
931 1663 1023 1693 Dan.
1047 1667 1083 1692 et
1110 1663 1232 1694 Behot.
1248 1665 1278 1694 2.
1303 1662 1397 1694 nullis
1418 1662 1488 1702 jam
1509 1664 1593 1694 deest
1619 1662 1700 1694 Put.

246 1706 369 1737 Petav.
396 1707 480 1737 Exc.
507 1705 651 1737 Cantab.
668 1705 771 1745 Lang.
788 1705 889 1736 Laur.
905 1704 1035 1736 Buslid.
1050 1705 1197 1743 Lipsian.
1212 1705 1315 1737 Aldd.
1331 1705 1438 1736 Coliu.
1452 1705 1583 1745 Grvph.
1598 1698 1712 1736 Banu:

246 1748 364 1780 Plant.
378 1748 520 1779 Gevart.
537 1748 693 1780 Grasser.
715 1747 945 1788 Lindenbrog.
962 1753 998 1778 et
1012 1747 1112 1779 Cruc.
1156 1748 1244 1779 Vide
1274 1748 1426 1781 Gronov.
1453 1737 1632 1780 ad'Theb.
1657 1756 1706 1779 ιι.7

247 1793 323 1822 551.
345 1791 437 1822 nullis
452 1791 525 1832 quin
541 1793 624 1822 deest
647 1800 708 1831 pro
724 1800 756 1822 v.
773 1792 796 1822 1.
823 1790 856 1821 in
884 1799 950 1821 uuo
975 1790 1098 1822 Behot.
1121 1791 1215 1822 nullis
1237 1792 1342 1822 deerat
1369 1790 1479 1822 codex
1500 1790 1701 1829 Burmanni,

249 1843 326 1865 cnm
353 1835 464 1875 glossa
498 1832 837 1866 ‘deficiebas—239
867 1834 959 1864 Dan.
989 1833 1068 1865 Put.
1093 1839 1129 1864 et
1153 1834 1277 1865 Petav.
1306 1833 1590 1866 ostenderit—241
1613 1832 1703 1864 Sem-

245 1886 302 1917 per
331 1876 365 1908 in
398 1880 554 1918 aspectum
591 1876 696 1908 Aldd.
734 1875 846 1908 Colin.
876 1875 1008 1917 Gryph.
1038 1880 1074 1907 et
1102 1876 1316 1908 Basil.-242
1345 1876 1575 1918 Lindeubrog.
1602 1876 1703 1908 exisse

902 1974 1046 2006 NOTAE
1064 1988 1068 1989 ⁷

292 2046 356 2076 234
393 2044 567 2075 Gravidam
601 2042 755 2084 Semelen]
793 2041 824 2073 A
852 2042 951 2075 Jove.

254 2094 420 2136 Cythereia
436 2095 564 2125 laudant
587 2092 763 2132 connubia]
786 2092 954 2133 Respexit

251 2146 294 2178 ad
321 2146 511 2187 conjugium
535 2145 655 2177 Cadmi
685 2150 721 2176 et
746 2143 953 2175 Hermiones

249 2197 329 2228 ffliae
340 2196 587 2237 Veneris,quae
601 2195 771 2236 Cytherea
788 2194 914 2226 dicitur
931 2205 950 2226 a

252 2248 403 2289 Cythera
428 2249 551 2287 insula,
567 2247 608 2279 ad
626 2257 726 2289 quam
750 2251 850 2278 vecta
872 2256 952 2278 con-

253 2300 313 2331 cha
332 2300 475 2340 appulit.

1007 2043 1153 2083 fiuntur,
1169 2044 1274 2076 veluti
1289 2043 1449 2086 Lychnis‚
1461 2042 1624 2084 Adamas,
1635 2044 1704 2076 Be-

1007 2094 1125 2135 ryllus,
1154 2094 1314 2135 Achates,
1335 2098 1371 2126 et
1395 2094 1453 2126 alii
1476 2093 1707 2126 innumerabi-

1007 2144 1055 2176 les
1071 2154 1081 2183 ς
1096 2144 1184 2176 unde
1200 2146 1210 2162 ‘
1222 2143 1420 2185 gemmifer.'

1049 2196 1114 2226 238
1141 2194 1243 2234 Nigri
1277 2195 1392 2226 vexilla
1424 2194 1590 2241 triumphi]
1625 2195 1709 2226 ludi

1008 2246 1098 2276 enim
1114 2245 1276 2277 debellat-i
1288 2254 1306 2276 a
1321 2245 1474 2285 Baccho,
1489 2252 1526 2277 et
1537 2245 1572 2277 iu
1588 2245 1708 2278 trium-

1008 2296 1109 2337 phuni
1126 2295 1243 2327 ducti:
1267 2294 1345 2327 ideo
1376 2295 1459 2327 dicit
1482 2295 1571 2335 nigri
1595 2295 1709 2326 trium-

294 2352 357 2380 235
379 2350 420 2380 Et
431 2350 528 2380 multa
539 2348 692 2390 lampade]
708 2347 853 2380 Facibus
863 2347 952 2379 enim
1003 2346 1120 2387 phipb
1136 2345 1254 2386 Indos,
1270 2345 1327 2387 qui
1343 2345 1490 2386 nigriore
1504 2350 1584 2377 sunt
1594 2345 1711 2377 vultus

253 2398 510 2430 deducebantur
540 2409 639 2430 novae
669 2404 788 2440 nuptae
818 2399 952 2430 domum

253 2450 465 2481 maritorum.
512 2449 679 2490 Fratrum]
701 2450 847 2482 Suorum
863 2458 954 2480 uem-

254 2510 312 2542 pe,
337 2500 371 2530 id
396 2505 460 2540 est,
476 2499 639 2531 Amorum
659 2510 719 2532 seu
735 2498 955 2541 Cupidinum,

257 2549 314 2591 qui
329 2549 490 2580 dicuntur
505 2549 566 2581 filii
583 2551 739 2582 Veneris.

298 2602 361 2631 237
393 2600 526 2641 Thym]
559 2600 705 2641 Thyrsus
721 2599 851 2639 insigne
867 2599 957 2630 Bac-

257 2649 311 2681 chi
324 2653 359 2680 et
375 2649 633 2681 Bacchantinm.
681 2649 866 2689 Hydaspen]
885 2649 957 2690 Hy—

256 2701 380 2741 daspes
410 2698 532 2731 fluvius
559 2699 667 2731 Indiae
692 2697 885 2730 influensin
901 2699 958 2733 In-

259 2750 351 2782 dum.
396 2750 537 2791 Optima
563 2754 677 2781 autem
704 2749 736 2780 in
763 2750 835 2790 ejus
861 2750 959 2781 alveo

261 2810 469 2842 gemmarum
487 2810 526 2832 ac
550 2800 699 2841 lapidum
715 2809 841 2841 genera
860 2809 958 2841 repe-

1008 2397 1134 2429 colore.

1050 2449 1114 2478 24⁰
1139 2445 1296 2486 Sociaeqae
1305 2446 1346 2477 ad
1348 2444 1471 2483 foedera
1480 2443 1607 2485 mense]
1620 2445 1710 2478 Quia

1009 2496 1109 2528 simul
1125 2505 1258 2537 unaque
1275 2495 1515 2536 epulabantur,
1534 2498 1570 2527 et
1583 2504 1709 2527 mense

1010 2545 1240 2578 credebantur
1279 2554 1397 2576 sacrae.
1443 2544 1613 2576 Aniobius
1648 2544 1713 2576 lib.

1011 2605 1053 2628 11.
1084 2597 1094 2613 ‘
1108 2596 1231 2627 Sacras
1247 2591 1509 2627 facitis'mensas
1526 2595 1712 2627 salinorum

1011 2647 1183 2688 appositu,
1199 2652 1234 2676 et
1252 2645 1441 2677 simul-acris
1458 2644 1630 2677 Deorum-⁹

1053 2699 1115 2728 ²41
1142 2695 1270 2736 Semper
1294 2695 1496 2736 inaspectum,
1524 2695 1597 2737 elya]
1621 2695 1715 2728 vide

1011 2746 1117 2779 Theb.
1134 2754 1160 2777 ι.
1175 2747 1229 2777 46.
1245 2748 1282 2777 et
1295 2754 1367 2786 seq.

1826 107 1830 114 .
1812 0 1836 97 *³⁴12OE
