1846 3120
292 225 405 272 1582

291 333 520 376 Arcebant
538 345 697 386 aegram
719 329 944 388 lacrymis,⁴
964 347 1017 375 ac
1038 335 1175 376 multa
1190 330 1442 389 gementem}

293 400 428 451 Quod
450 412 537 441 non
557 402 726 441 erueret
743 405 943 455 pontum,
965 401 1210 456 ventisque,
1228 402 1438 458 fretisque

292 467 510 509 Omnibus
537 467 727 509 invisum
741 467 837 522 jam
858 466 1233 522 tune'sequeretur
1253 469 1453 512 Ulixem.

292 534 540 588 Frangebat
557 533 706 576 radios
726 534 880 577 humili
893 536 990 590 jam
1009 532 1181 590 pronus
1194 536 1388 592 Olympo

291 600 509 653 Phoebus,
531 606 574 643 et
594 601 764 644 Oceani
783 604 1050 657 penetrabile
1070 605 1195 646 littus
1217 604 1381 646 anhelis

291 668 577 711 Promittebat
596 670 747 723 equis:
779 683 876 711 cum
899 682 947 711 se
968 671 1209 725 scopulosa
1231 670 1397 712 levavit

291 735 476 790 Scyros:
506 737 549 777 in
568 737 679 778 hanc
701 739 819 778 totos
840 737 987 779 emisit
1007 750 1158 792 puppe
1175 737 1378 779 rudentes
1406 745 1408 749 '

291 802 400 844 Dux
421 802 695 854 Laertiades,
710 804 947 857 sociosque
961 816 1179 846 resumere
1197 808 1383 859 pontum

290 869 500 925 Imperat,
520 874 566 911 et
585 871 718 911 remis
740 865 967 926 Zephyros
988 873 1191 926 supplere
1207 872 1426 914 cadentes.
1476 897 1478 901 .

289 935 523 978 Accedunt
538 936 675 991 jussi:
707 939 849 991 magis
868 938 1115 979 indubitata
1132 939 1360 993 magisque

290 1002 453 1056 Scyros
473 1007 580 1054 erat,
600 997 854 1059 placidique
873 990 1009 1059 super
1025 1004 1224 1046 Tritonia
1242 1009 1391 1048 custos

288 1068 497 1112 Litteris:
528 1072 694 1124 egressi
713 1085 876 1114 numen
895 1077 1151 1115 venerantur
1171 1073 1327 1116 amicae

787 241 828 270 P.
862 238 1051 272 PAPINII
1083 236 1250 272 STA'rlt
1280 236 1296 261 ‘-

1627 528 1741 579 *15

288 1198 433 1230 hibebant
448 1200 561 1232 Thetin
577 1202 811 1244 mutarefixum
825 1200 964 1234 ordinem
968 1201 1125 1243 fatorum,
1139 1212 1206 1244 quoe
1220 1203 1392 1242 lacrymans
1406 1199 1736 1251 valde-dolebatgquod

287 1251 348 1272 non
363 1247 561 1275 commoveret
580 1246 722 1284 pelagus,
743 1248 775 1276 et
788 1245 859 1283 ¹iam
872 1248 945 1275 tunc
966 1244 1177 1285 insequeretur
1191 1245 1311 1276 cunctis
1324 1244 1425 1276 ventis
1437 1247 1468 1276 et
1486 1253 1574 1284 αφιιε
1597 1245 1735 1275 οάωειιηι

294 1283 446 1325 Ulyssem.
488 1286 565 1317 Jam
579 1287 635 1325 sol,
649 1287 799 1318 inclinata
813 1286 875 1327 die,
890 1287 962 1318 coelo
982 1286 1152 1326 frangebat
1169 1297 1240 1318 suos
1253 1286 1370 1326 radios,
1385 1290 1416 1319 et
1430 1286 1597 1335 spondebo!
1611 1285 1739 1334 satign-

287 1326 330 1357 tis
342 1326 428 1366 equis
448 1328 586 1368 pervium
601 1329 692 1360 littus
710 1329 838 1366 Oceani,
851 1339 920 1360 cum
936 1329 1051 1370 Scyros
1063 1330 1216 1370 scopulosa
1230 1328 1386 1370 apparuit.
1418 1329 1523 1360 Hem
1533 1328 1627 1370 filma
1635 1327 1735 1360 Laer-

286 1370 328 1398 toe
342 1368 464 1400 laxavit
489 1380 506 1401 e
530 1380 630 1411 puppe
655 1371 734 1402 hanc
757 1381 863 1403 versus
878 1375 958 1403 totos
971 1371 1077 1410 funes,
1100 1375 1132 1404 et
1145 1371 1237 1410 jubet
1260 1372 1385 1403 comites
1405 1378 1510 1413 oequor
1523 1378 1688 1409 remansere,
1702 1370 1736 1402 et

286 1410 382 1441 remis
404 1412 553 1450 adjuvare
577 1414 758 1453 languentes
770 1417 886 1445 ventos.
929 1414 1019 1445 Jussi
1033 1412 1286 1455 appropinquant.
1336 1414 1378 1445 Ee
1398 1414 1471 1454 plus
1494 1416 1591 1452 certa,
1608 1413 1736 1454 plusque

286 1452 454 1492 manifesto
465 1457 532 1486 erat
547 1455 672 1497 Scyros,
683 1459 714 1488 et
728 1456 881 1488 eminebat
895 1457 1042 1498 templum
1059 1456 1210 1488 Tritoniae
1221 1456 1388 1498 Minervae,
1398 1466 1465 1497 qneoe
1475 1455 1568 1488 limae
1580 1454 1733 1488 servabat.

897 1555 1131 1569 OONJ‘O‘W

287 1616 419 1658 Gryph.
435 1622 471 1649 et
485 1618 589 1651 Basil.
596 1620 739 1659 satorum
763 1623 901 1652 evertere
917 1622 1000 1660 leges
1006 1631 1018 1659 ‚·
1039 1621 1201 1653 Barthius
1216 1621 1249 1653 in
1276 1621 1378 1654 Notis
1392 1631 1400 1653 :
1414 1619 1558 1660 fatorum
1573 1621 1678 1658 tollere
1691 1623 1735 1655 le-

284 1668 365 1698 ges,·
388 1659 447 1691 ubi
462 1659 566 1692 falsus
582 1666 634 1692 est
651 1663 759 1702 quoad
779 1663 916 1694 Venett.
929 1667 965 1694 et
980 1662 1082 1695 Aldd.
1100 1674 1175 1705 quae
1191 1664 1269 1695 edd.
1286 1665 1413 1695 nullum
1429 1669 1592 1705 punctum
1606 1663 1735 1697 habent

283 1706 364 1741 post
378 1702 557 1742 legem—w
582 1704 792 1736 Permittebat
805 1705 890 1745 equis
908 1705 993 1746 legit
1009 1706 1096 1737 Dan.
1114 1706 1277 1738 Heinsius
1293 1706 1338 1737 ad
1359 1706 1537 1739 Claudian.
1552 1707 1682 1748 Paneg.
1697 1707 1733 1739 in

287 1743 391 1777 Prob.
406 1748 443 1777 et
456 1745 560 1787 Olyb.
576 1746 677 1779 Cous.
691 1750 833 1780 23.-19
855 1748 936 1780 Put.
949 1757 1100 1781 resumere
1109 1751 1334 1789 portuum—29
1356 1749 1440 1782 Exc.
1457 1749 1564 1791 Burg.
1580 1754 1618 1782 et
1631 1749 1734 1783 codd.

942 1844 1086 1877 NOTAE

284 1914 426 1951 geretur
439 1915 476 1943 et
489 1912 624 1953 Troiam
637 1914 715 1946 iret.

330 1964 371 1993 14
393 1962 549 2004 Invisum]
576 1963 663 1995 Vide
677 1963 798 1996 Achill.
811 1973 836 1997 ι.
849 1967 902 1996 94.

329 2013 367 2042 15
392 2011 575 2052 Frangebat
589 2014 708 2054 radios]
743 2015 982 2054 Benefrange-

285 2061 358 2092 bat:
381 2062 459 2103 quia
475 2073 553 2095 cum
576 2065 626 2095 sol
642 2064 781 2105 occidit,
806 2065 894 2096 radii
909 2065 981 2106 ejus

283 2110 490 2153 franguntur
505 2113 548 2145 ab
564 2114 752 2147 Horizonte
777 2115 917 2154 circulo,
943 2119 982 2149 ut

282 2161 380 2194 nobis
397 2162 544 2196 videtur.

327 2213 368 2243 17
395 2212 474 2244 Cum
498 2223 530 2246 se
550 2216 708 2255 scopulosa
722 2216 837 2247 levavit
852 2215 981 2258 Scyros]

283 2260 606 2304 Appropinqnando
633 2265 723 2296 enim
749 2265 790 2297 ad
817 2266 921 2306 illam,
947 2267 983 2298 in

283 2311 384 2343 horas
398 2313 506 2354 major
520 2323 559 2345 ac
575 2315 693 2355 major,
704 2316 874 2357 altiorque
889 2316 983 2347 vide-

283 2361 400 2394 batur.
443 2362 606 2404 Virgilius
622 2365 755 2397 AEneid.
771 2374 827 2396 111.
849 2365 859 2383 ‘
871 2365 982 2398 Quar-

285 2416 322 2443 to
336 2416 430 2444 terra
443 2412 499 2445 die
515 2414 659 2455 primum
675 2424 711 2446 se
727 2415 887 2446 attollere
909 2420 982 2447 tau-

284 2461 361 2493 dem
376 2462 484 2493 Visa!

327 2514 368 2543 18
390 2513 429 2543 In
444 2512 523 2544 hanc
537 2516 617 2545 totos
632 2514 733 2545 emisit
755 2524 855 2556 puppe
868 2516 979 2546 ruden-

282 2560 346 2601 tes]
369 2560 411 2591 Id
429 2566 495 2599 est,
512 2563 554 2594 ad
573 2564 658 2595 hanc
682 2564 764 2595 totis
791 2565 875 2596 velis
898 2574 978 2596 con-

285 2610 408 2642 tendit.
453 2612 659 2653 Metaphora
675 2613 717 2645 ab
734 2614 842 2655 equis,
858 2614 980 2656 quibus

283 2659 425 2692 habenae
441 2661 675 2695 remittuntur.

328 2712 370 2741 19
393 2710 474 2741 Dux
490 2711 691 2754 Laertiades]
716 2714 872 2755 Ulysses.

324 2760 368 2791 20
392 2758 499 2791 Remis
525 2761 684 2803 Zephyros
707 2765 848 2805 supplere
869 2766 980 2798 caden-

1035 1913 1097 1954 tes]
1120 1914 1162 1946 Id
1179 1918 1242 1955 est,
1270 1915 1410 1957 remigio
1434 1915 1595 1958 adjuvare
1609 1920 1730 1951 ventos

1035 1965 1069 1996 in
1082 1966 1314 2006 promovenda
1326 1976 1425 2000 nave.

1078 2018 1119 2047 21
1143 2016 1252 2056 Magis
1263 2017 1606 2059 indubitatamagisque
1617 2018 1731 2061 Scyros

1034 2065 1119 2105 erat]
1141 2065 1197 2097 Ad
1213 2066 1304 2097 illam
1319 2067 1638 2110 appropinquando,
1658 2079 1729 2101 ma-

1034 2115 1085 2156 gis
1101 2124 1141 2147 ac
1157 2116 1262 2157 magis
1277 2116 1369 2149 illam
1386 2117 1629 2158 agnoscebant.

1076 2168 1118 2197 22
1142 2166 1324 2207 placidique
1344 2177 1438 2209 super
1460 2168 1605 2201 Tritonia
1627 2173 1729 2203 custos

1038 2215 1187 2257 Lictoris]
1202 2215 1327 2249 Achill.
1342 2227 1367 2251 ι,
1382 2219 1393 2236 ⁴
1406 2217 1540 2251 Palladi
1555 2219 1728 2252 littoreael

1077 2267 1119 2297 23
1143 2266 1275 2305 Egressi
1288 2276 1400 2298 numen
1412 2270 1599 2300 venerantur
1618 2270 1729 2302 amieoe

1035 2315 1217 2356 AEtolusque
1231 2315 1418 2357 Ithacusque
1438 2316 1533 2358 Deoe]
1565 2317 1643 2350 Mos
1668 2328 1726 2351 na-

1035 2365 1232 2405 vigantium‚
1244 2365 1346 2397 immo
1373 2365 1548 2408 viantium,
1575 2369 1726 2402 salutare

1034 2415 1142 2451 Deos,
1172 2415 1227 2446 vel
1256 2415 1383 2447 Genios
1404 2416 1566 2458 locorum,
1592 2417 1634 2450 de
1659 2414 1726 2461 qno

1033 2465 1198 2506 Apuleius
1228 2466 1354 2498 Florid.
1393 2466 1503 2500 initio.
1560 2469 1725 2511 Virgilius

1033 2515 1165 2547 AEneid.
1182 2525 1240 2547 ιη.
1263 2516 1366 2549 ‘Huc
1390 2515 1496 2558 feror,
1519 2518 1592 2551 haec
1618 2518 1725 2552 fessos

1033 2571 1111 2599 tuto
1134 2566 1382 2607 ,placidissima
1428 2572 1532 2609 portu
1574 2569 1726 2612 Accipit,

1034 2615 1161 2658 egressi
1184 2626 1384 2649 veneramur
1404 2617 1570 2659 Apollinis
1585 2619 1728 2653 urbem:

1031 2667 1151 2698 Amicae
1166 2666 1260 2707 Deae]
1283 2666 1397 2699 Pallas
1413 2667 1501 2699 enim
1524 2665 1656 2700 Graeci·
1676 2668 1726 2701 fa-

1034 2716 1082 2747 vit
1097 2716 1130 2747 in
1147 2716 1236 2748 bello
1251 2716 1414 2758 Trojano,
1438 2719 1627 2759 praesertim
1642 2720 1724 2751 Dio-

1031 2765 1121 2798 medi
1138 2771 1174 2799 et
1188 2766 1317 2809 Ulyssi‚
1340 2767 1436 2808 cujus
1458 2777 1572 2801 curam
1589 2775 1723 2812 semper
