<?xml version="1.0" encoding="UTF-8"?>
<!DOCTYPE html PUBLIC "-//W3C//DTD XHTML 1.0 Transitional//EN"
    "http://www.w3.org/TR/xhtml1/DTD/xhtml1-transitional.dtd">
<html xmlns="http://www.w3.org/1999/xhtml" xml:lang="en" lang="en">
 <head>
  <title>
</title>
<meta http-equiv="Content-Type" content="text/html;charset=utf-8" />
  <meta name='ocr-system' content='tesseract 3.04.00' />
  <meta name='ocr-capabilities' content='ocr_page ocr_carea ocr_par ocr_line ocrx_word'/>
</head>
<body>
  <div class='ocr_page' id='page_1' title='image "./operaomniaexedit03statuoft_0114.png"; bbox 0 0 1846 3120; ppageno 0'>
   <div class='ocr_carea' id='block_1_1' title="bbox 270 218 1252 263">
    <p class='ocr_par' dir='ltr' id='par_1_1' title="bbox 270 218 1252 263">
     <span class='ocr_line' id='line_1_1' title="bbox 270 218 1252 263; baseline -0.005 0"><span class='ocrx_word' id='word_1_1' title='bbox 270 258 274 263; x_wconf 26' lang='grc' dir='ltr'><strong><em>Δ</em></strong></span> <span class='ocrx_word' id='word_1_2' title='bbox 295 218 408 261; x_wconf 80' lang='lat'>1214</span> <span class='ocrx_word' id='word_1_3' title='bbox 789 227 832 259; x_wconf 79' lang='lat' dir='ltr'><strong>P.</strong></span> <span class='ocrx_word' id='word_1_4' title='bbox 867 225 1056 256; x_wconf 75' lang='grc' dir='ltr'>ΡΑΡιΝιι</span> <span class='ocrx_word' id='word_1_5' title='bbox 1087 225 1252 258; x_wconf 71' lang='grc' dir='ltr'><strong>εΤΑτη</strong></span> 
     </span>
    </p>
   </div>
   <div class='ocr_carea' id='block_1_2' title="bbox 287 321 1739 1253">
    <p class='ocr_par' dir='ltr' id='par_1_2' title="bbox 293 321 1555 436">
     <span class='ocr_line' id='line_1_2' title="bbox 294 321 1549 378; baseline 0 -12"><span class='ocrx_word' id='word_1_6' title='bbox 294 324 444 376; x_wconf 87' lang='lat' dir='ltr'><strong>Quod,</strong></span> <span class='ocrx_word' id='word_1_7' title='bbox 461 336 630 378; x_wconf 82' lang='lat' dir='ltr'><strong>precor,</strong></span> <span class='ocrx_word' id='word_1_8' title='bbox 654 321 788 376; x_wconf 86' lang='lat' dir='ltr'><strong>ignari</strong></span> <span class='ocrx_word' id='word_1_9' title='bbox 806 321 969 363; x_wconf 85' lang='lat' dir='ltr'><strong>luimus</strong></span> <span class='ocrx_word' id='word_1_10' title='bbox 988 321 1166 364; x_wconf 72' lang='lat' dir='ltr'><strong>scelus?</strong></span> <span class='ocrx_word' id='word_1_11' title='bbox 1196 335 1253 364; x_wconf 86' lang='lat' dir='ltr'><strong>an</strong></span> <span class='ocrx_word' id='word_1_12' title='bbox 1273 323 1380 378; x_wconf 85' lang='lat' dir='ltr'><strong>quia</strong></span> <span class='ocrx_word' id='word_1_13' title='bbox 1396 323 1549 378; x_wconf 84' lang='lat' dir='ltr'><strong>plebes</strong></span> 
     </span>
     <span class='ocr_line' id='line_1_3' title="bbox 293 389 1555 436; baseline -0.004 -1"><span class='ocrx_word' id='word_1_14' title='bbox 293 395 490 436; x_wconf 86' lang='lat' dir='ltr'><strong>Externa</strong></span> <span class='ocrx_word' id='word_1_15' title='bbox 509 390 702 432; x_wconf 88' lang='lat' dir='ltr'><strong>Inachiis</strong></span> <span class='ocrx_word' id='word_1_16' title='bbox 722 389 808 430; x_wconf 92' lang='lat' dir='ltr'><strong>huc</strong></span> <span class='ocrx_word' id='word_1_17' title='bbox 829 389 1119 432; x_wconf 80' lang='lat' dir='ltr'><strong>adventamus</strong></span> <span class='ocrx_word' id='word_1_18' title='bbox 1138 391 1193 431; x_wconf 86' lang='lat' dir='ltr'><strong>ab</strong></span> <span class='ocrx_word' id='word_1_19' title='bbox 1215 390 1304 431; x_wconf 84' lang='lat' dir='ltr'><strong>oris</strong></span> <span class='ocrx_word' id='word_1_20' title='bbox 1318 390 1338 431; x_wconf 72' lang='lat' dir='ltr'><strong>&#39;f</strong></span> <span class='ocrx_word' id='word_1_21' title='bbox 1551 406 1555 410; x_wconf 93' lang='lat'>·</span> 
     </span>
    </p>

    <p class='ocr_par' dir='ltr' id='par_1_3' title="bbox 291 456 1739 648">
     <span class='ocr_line' id='line_1_4' title="bbox 293 456 1739 510; baseline -0.001 -7"><span class='ocrx_word' id='word_1_22' title='bbox 293 462 437 503; x_wconf 83' lang='lat' dir='ltr'><strong>Omne</strong></span> <span class='ocrx_word' id='word_1_23' title='bbox 455 457 619 501; x_wconf 91' lang='lat' dir='ltr'><strong>homini</strong></span> <span class='ocrx_word' id='word_1_24' title='bbox 638 456 786 498; x_wconf 84' lang='lat' dir='ltr'><strong>natale</strong></span> <span class='ocrx_word' id='word_1_25' title='bbox 807 456 967 498; x_wconf 87' lang='lat' dir='ltr'><strong>solum:</strong></span> <span class='ocrx_word' id='word_1_26' title='bbox 997 468 1078 498; x_wconf 86' lang='lat' dir='ltr'><strong>nec</strong></span> <span class='ocrx_word' id='word_1_27' title='bbox 1098 461 1158 507; x_wconf 86' lang='lat' dir='ltr'><strong>te,</strong></span> <span class='ocrx_word' id='word_1_28' title='bbox 1174 456 1356 510; x_wconf 87' lang='lat' dir='ltr'><strong>optima,</strong></span> <span class='ocrx_word' id='word_1_29' title='bbox 1375 470 1500 500; x_wconf 86' lang='lat' dir='ltr'><strong>saevo</strong></span> <span class='ocrx_word' id='word_1_30' title='bbox 1651 456 1739 502; x_wconf 63' lang='lat'><strong>393⁰</strong></span> 
     </span>
     <span class='ocr_line' id='line_1_5' title="bbox 291 523 1720 581; baseline -0.002 -12"><span class='ocrx_word' id='word_1_31' title='bbox 291 529 524 581; x_wconf 83' lang='lat' dir='ltr'><strong>Tanquam</strong></span> <span class='ocrx_word' id='word_1_32' title='bbox 543 524 734 567; x_wconf 85' lang='lat' dir='ltr'><strong>humiles</strong></span> <span class='ocrx_word' id='word_1_33' title='bbox 754 523 952 578; x_wconf 89' lang='lat' dir='ltr'><strong>populos</strong></span> <span class='ocrx_word' id='word_1_34' title='bbox 968 523 1126 565; x_wconf 85' lang='lat' dir='ltr'><strong>deceat</strong></span> <span class='ocrx_word' id='word_1_35' title='bbox 1145 523 1408 578; x_wconf 80' lang='lat' dir='ltr'><strong>distinguere</strong></span> <span class='ocrx_word' id='word_1_36' title='bbox 1427 524 1530 576; x_wconf 88' lang='lat' dir='ltr'><strong>fine,</strong></span> <span class='ocrx_word' id='word_1_37' title='bbox 1686 526 1691 532; x_wconf 83' lang='grc'><em>“</em></span> <span class='ocrx_word' id='word_1_38' title='bbox 1715 529 1720 532; x_wconf 80' lang='grc'><strong>“</strong></span> 
     </span>
     <span class='ocr_line' id='line_1_6' title="bbox 291 592 1524 648; baseline -0.002 -12"><span class='ocrx_word' id='word_1_39' title='bbox 291 594 499 648; x_wconf 88' lang='lat' dir='ltr'><strong>Undique</strong></span> <span class='ocrx_word' id='word_1_40' title='bbox 517 593 683 647; x_wconf 90' lang='lat' dir='ltr'><strong>ubique</strong></span> <span class='ocrx_word' id='word_1_41' title='bbox 702 596 828 634; x_wconf 81' lang='lat' dir='ltr'><strong>tuos:</strong></span> <span class='ocrx_word' id='word_1_42' title='bbox 857 603 1036 633; x_wconf 86' lang='lat' dir='ltr'><strong>maneas</strong></span> <span class='ocrx_word' id='word_1_43' title='bbox 1055 592 1320 643; x_wconf 87' lang='lat' dir='ltr'><strong>communis,</strong></span> <span class='ocrx_word' id='word_1_44' title='bbox 1338 595 1382 633; x_wconf 90' lang='lat' dir='ltr'><strong>et</strong></span> <span class='ocrx_word' id='word_1_45' title='bbox 1400 604 1524 634; x_wconf 80' lang='lat' dir='ltr'><strong>arma</strong></span> 
     </span>
    </p>

    <p class='ocr_par' dir='ltr' id='par_1_4' title="bbox 292 658 1498 783">
     <span class='ocr_line' id='line_1_7' title="bbox 292 658 1498 715; baseline -0.001 -12"><span class='ocrx_word' id='word_1_46' title='bbox 292 662 416 703; x_wconf 91' lang='lat' dir='ltr'><strong>Hinc</strong></span> <span class='ocrx_word' id='word_1_47' title='bbox 435 668 567 715; x_wconf 85' lang='lat' dir='ltr'><strong>atque</strong></span> <span class='ocrx_word' id='word_1_48' title='bbox 581 660 685 702; x_wconf 93' lang='lat' dir='ltr'><strong>inde</strong></span> <span class='ocrx_word' id='word_1_49' title='bbox 702 660 843 701; x_wconf 75' lang='lat' dir='ltr'><strong>ferast</strong></span> <span class='ocrx_word' id='word_1_50' title='bbox 871 658 1022 708; x_wconf 87' lang='lat' dir='ltr'><strong>liceat,</strong></span> <span class='ocrx_word' id='word_1_51' title='bbox 1042 671 1208 712; x_wconf 86' lang='lat' dir='ltr'><strong>precor,</strong></span> <span class='ocrx_word' id='word_1_52' title='bbox 1219 659 1372 701; x_wconf 88' lang='lat' dir='ltr'><strong>ordine</strong></span> <span class='ocrx_word' id='word_1_53' title='bbox 1393 659 1498 702; x_wconf 90' lang='lat' dir='ltr'><strong>belli</strong></span> 
     </span>
     <span class='ocr_line' id='line_1_8' title="bbox 294 726 1306 783; baseline -0.002 -14"><span class='ocrx_word' id='word_1_54' title='bbox 294 729 524 783; x_wconf 84' lang='lat' dir='ltr'><strong>Pugnaces</strong></span> <span class='ocrx_word' id='word_1_55' title='bbox 542 728 685 770; x_wconf 88' lang='lat' dir='ltr'><strong>efflare</strong></span> <span class='ocrx_word' id='word_1_56' title='bbox 703 726 888 777; x_wconf 84' lang='lat' dir='ltr'><strong>animas,</strong></span> <span class='ocrx_word' id='word_1_57' title='bbox 907 731 954 768; x_wconf 86' lang='lat' dir='ltr'><strong>et</strong></span> <span class='ocrx_word' id='word_1_58' title='bbox 971 726 1151 768; x_wconf 85' lang='lat' dir='ltr'><strong>reddere</strong></span> <span class='ocrx_word' id='word_1_59' title='bbox 1172 726 1306 768; x_wconf 89' lang='lat' dir='ltr'><strong>coelo.</strong></span> 
     </span>
    </p>

    <p class='ocr_par' dir='ltr' id='par_1_5' title="bbox 290 793 1737 983">
     <span class='ocr_line' id='line_1_9' title="bbox 291 793 1737 850; baseline -0.001 -11"><span class='ocrx_word' id='word_1_60' title='bbox 291 796 365 839; x_wconf 89' lang='lat' dir='ltr'><strong>Ne</strong></span> <span class='ocrx_word' id='word_1_61' title='bbox 383 810 490 850; x_wconf 87' lang='lat' dir='ltr'><strong>rape</strong></span> <span class='ocrx_word' id='word_1_62' title='bbox 508 800 598 838; x_wconf 83' lang='lat' dir='ltr'><strong>tam</strong></span> <span class='ocrx_word' id='word_1_63' title='bbox 619 794 780 836; x_wconf 82' lang='lat' dir='ltr'><strong>subitis</strong></span> <span class='ocrx_word' id='word_1_64' title='bbox 800 793 1014 848; x_wconf 84' lang='lat' dir='ltr'><strong>spirantia</strong></span> <span class='ocrx_word' id='word_1_65' title='bbox 1031 807 1222 847; x_wconf 81' lang='lat' dir='ltr'><strong>corpora</strong></span> <span class='ocrx_word' id='word_1_66' title='bbox 1238 793 1398 845; x_wconf 84' lang='lat' dir='ltr'><strong>bustis,</strong></span> <span class='ocrx_word' id='word_1_67' title='bbox 1650 794 1737 838; x_wconf 78' lang='lat'><strong>325</strong></span> 
     </span>
     <span class='ocr_line' id='line_1_10' title="bbox 290 861 1711 920; baseline -0.003 -14"><span class='ocrx_word' id='word_1_68' title='bbox 290 864 364 906; x_wconf 90' lang='lat' dir='ltr'><strong>Ne</strong></span> <span class='ocrx_word' id='word_1_69' title='bbox 384 876 594 920; x_wconf 86' lang='lat' dir='ltr'><strong>propera:</strong></span> <span class='ocrx_word' id='word_1_70' title='bbox 625 861 847 904; x_wconf 86' lang='lat' dir='ltr'><strong>veniemus</strong></span> <span class='ocrx_word' id='word_1_71' title='bbox 862 861 993 911; x_wconf 86' lang='lat' dir='ltr'><strong>enim,</strong></span> <span class='ocrx_word' id='word_1_72' title='bbox 1015 874 1101 915; x_wconf 93' lang='lat' dir='ltr'><strong>quo</strong></span> <span class='ocrx_word' id='word_1_73' title='bbox 1120 861 1259 902; x_wconf 88' lang='lat' dir='ltr'><strong>limite</strong></span> <span class='ocrx_word' id='word_1_74' title='bbox 1276 861 1440 913; x_wconf 85' lang='lat' dir='ltr'><strong>cuncti,</strong></span> <span class='ocrx_word' id='word_1_75' title='bbox 1699 863 1711 877; x_wconf 73' lang='grc'><strong>’·</strong></span> 
     </span>
     <span class='ocr_line' id='line_1_11' title="bbox 291 929 1339 983; baseline -0.005 -9"><span class='ocrx_word' id='word_1_76' title='bbox 291 932 392 983; x_wconf 83' lang='lat' dir='ltr'><strong>Qua</strong></span> <span class='ocrx_word' id='word_1_77' title='bbox 411 932 518 973; x_wconf 88' lang='lat' dir='ltr'><strong>licet</strong></span> <span class='ocrx_word' id='word_1_78' title='bbox 535 930 598 972; x_wconf 88' lang='lat' dir='ltr'><strong>ire</strong></span> <span class='ocrx_word' id='word_1_79' title='bbox 614 930 711 972; x_wconf 83' lang='lat' dir='ltr'><strong>via:</strong></span> <span class='ocrx_word' id='word_1_80' title='bbox 741 932 908 971; x_wconf 83' lang='lat' dir='ltr'><strong>tantum</strong></span> <span class='ocrx_word' id='word_1_81' title='bbox 927 932 1114 970; x_wconf 84' lang='lat' dir='ltr'><strong>exorata</strong></span> <span class='ocrx_word' id='word_1_82' title='bbox 1134 929 1339 981; x_wconf 85' lang='lat' dir='ltr'><strong>Pelasgis</strong></span> 
     </span>
    </p>

    <p class='ocr_par' dir='ltr' id='par_1_6' title="bbox 289 995 1510 1051">
     <span class='ocr_line' id='line_1_12' title="bbox 289 995 1510 1051; baseline -0.002 -10"><span class='ocrx_word' id='word_1_83' title='bbox 289 1000 410 1041; x_wconf 84' lang='lat' dir='ltr'><strong>Siste</strong></span> <span class='ocrx_word' id='word_1_84' title='bbox 428 999 567 1040; x_wconf 92' lang='lat' dir='ltr'><strong>levem</strong></span> <span class='ocrx_word' id='word_1_85' title='bbox 584 1009 801 1051; x_wconf 88' lang='lat' dir='ltr'><strong>campum,</strong></span> <span class='ocrx_word' id='word_1_86' title='bbox 820 995 988 1037; x_wconf 86' lang='lat' dir='ltr'><strong>celeres</strong></span> <span class='ocrx_word' id='word_1_87' title='bbox 1006 1008 1090 1037; x_wconf 90' lang='lat' dir='ltr'><strong>neu</strong></span> <span class='ocrx_word' id='word_1_88' title='bbox 1107 995 1301 1050; x_wconf 84' lang='lat' dir='ltr'><strong>praecipe</strong></span> <span class='ocrx_word' id='word_1_89' title='bbox 1322 995 1510 1038; x_wconf 87' lang='lat' dir='ltr'><strong>Parcas.</strong></span> 
     </span>
    </p>

    <p class='ocr_par' dir='ltr' id='par_1_7' title="bbox 287 1063 1736 1253">
     <span class='ocr_line' id='line_1_13' title="bbox 287 1063 1643 1120; baseline -0.003 -11"><span class='ocrx_word' id='word_1_90' title='bbox 287 1065 349 1108; x_wconf 89' lang='lat' dir='ltr'><strong>At</strong></span> <span class='ocrx_word' id='word_1_91' title='bbox 368 1070 416 1109; x_wconf 87' lang='lat' dir='ltr'><strong>tu</strong></span> <span class='ocrx_word' id='word_1_92' title='bbox 437 1078 539 1108; x_wconf 88' lang='lat' dir='ltr'><strong>care</strong></span> <span class='ocrx_word' id='word_1_93' title='bbox 560 1064 687 1114; x_wconf 91' lang='lat' dir='ltr'><strong>Deis,</strong></span> <span class='ocrx_word' id='word_1_94' title='bbox 703 1076 830 1118; x_wconf 89' lang='lat' dir='ltr'><strong>quem</strong></span> <span class='ocrx_word' id='word_1_95' title='bbox 851 1076 938 1105; x_wconf 92' lang='lat' dir='ltr'><strong>non</strong></span> <span class='ocrx_word' id='word_1_96' title='bbox 959 1075 1116 1105; x_wconf 88' lang='lat' dir='ltr'><strong>manus</strong></span> <span class='ocrx_word' id='word_1_97' title='bbox 1136 1063 1242 1113; x_wconf 88' lang='lat' dir='ltr'><strong>ulla,</strong></span> <span class='ocrx_word' id='word_1_98' title='bbox 1262 1076 1346 1106; x_wconf 90' lang='lat' dir='ltr'><strong>nec</strong></span> <span class='ocrx_word' id='word_1_99' title='bbox 1367 1075 1496 1106; x_wconf 86' lang='lat' dir='ltr'><strong>enses</strong></span> <span class='ocrx_word' id='word_1_100' title='bbox 1639 1114 1643 1120; x_wconf 31' lang='grc' dir='ltr'>Ι</span> 
     </span>
     <span class='ocr_line' id='line_1_14' title="bbox 288 1130 1736 1184; baseline -0.006 -7"><span class='ocrx_word' id='word_1_101' title='bbox 288 1133 472 1184; x_wconf 88' lang='lat' dir='ltr'><strong>Sidonii,</strong></span> <span class='ocrx_word' id='word_1_102' title='bbox 493 1131 574 1173; x_wconf 90' lang='lat' dir='ltr'><strong>sed</strong></span> <span class='ocrx_word' id='word_1_103' title='bbox 593 1143 751 1184; x_wconf 85' lang='lat' dir='ltr'><strong>magna</strong></span> <span class='ocrx_word' id='word_1_104' title='bbox 771 1130 867 1171; x_wconf 86' lang='lat' dir='ltr'><strong>sinu</strong></span> <span class='ocrx_word' id='word_1_105' title='bbox 889 1130 1061 1172; x_wconf 85' lang='lat' dir='ltr'><strong>Natura</strong></span> <span class='ocrx_word' id='word_1_106' title='bbox 1079 1130 1243 1180; x_wconf 81' lang='lat' dir='ltr'><strong>solute,</strong></span> <span class='ocrx_word' id='word_1_107' title='bbox 1638 1130 1736 1181; x_wconf 34' lang='grc'><strong>,330</strong></span> 
     </span>
     <span class='ocr_line' id='line_1_15' title="bbox 287 1190 1693 1253; baseline -0.004 -9"><span class='ocrx_word' id='word_1_108' title='bbox 287 1202 382 1244; x_wconf 90' lang='lat' dir='ltr'><strong>Ceu</strong></span> <span class='ocrx_word' id='word_1_109' title='bbox 404 1207 447 1243; x_wconf 86' lang='lat' dir='ltr'><strong>te</strong></span> <span class='ocrx_word' id='word_1_110' title='bbox 466 1198 678 1253; x_wconf 86' lang='lat' dir='ltr'><strong>Cyrrhaeo</strong></span> <span class='ocrx_word' id='word_1_111' title='bbox 693 1197 890 1239; x_wconf 86' lang='lat' dir='ltr'><strong>meritum</strong></span> <span class='ocrx_word' id='word_1_112' title='bbox 910 1197 1304 1249; x_wconf 65' lang='lat' dir='ltr'><strong>tumularetjhiatm</strong></span> <span class='ocrx_word' id='word_1_113' title='bbox 1632 1190 1634 1192; x_wconf 34' lang='lat'><strong><em>¹</em></strong></span> <span class='ocrx_word' id='word_1_114' title='bbox 1691 1198 1693 1200; x_wconf 73' lang='grc'><strong><em>’</em></strong></span> 
     </span>
    </p>
   </div>
   <div class='ocr_carea' id='block_1_3' title="bbox 279 1313 1737 1697">
    <p class='ocr_par' dir='ltr' id='par_1_8' title="bbox 279 1313 1737 1697">
     <span class='ocr_line' id='line_1_16' title="bbox 284 1313 1735 1355; baseline 0 -12"><span class='ocrx_word' id='word_1_115' title='bbox 284 1313 494 1353; x_wconf 71' lang='lat' dir='ltr'><strong>dedignaris?</strong></span> <span class='ocrx_word' id='word_1_116' title='bbox 532 1314 630 1353; x_wconf 69' lang='lat' dir='ltr'><strong>Cuius</strong></span> <span class='ocrx_word' id='word_1_117' title='bbox 648 1325 721 1348; x_wconf 81' lang='lat' dir='ltr'><strong>vero</strong></span> <span class='ocrx_word' id='word_1_118' title='bbox 743 1315 880 1354; x_wconf 78' lang='lat' dir='ltr'><strong>sceleris,</strong></span> <span class='ocrx_word' id='word_1_119' title='bbox 901 1323 969 1353; x_wconf 90' lang='lat' dir='ltr'><strong>oro,</strong></span> <span class='ocrx_word' id='word_1_120' title='bbox 987 1323 1093 1355; x_wconf 74' lang='lat' dir='ltr'><strong>poenas</strong></span> <span class='ocrx_word' id='word_1_121' title='bbox 1109 1314 1201 1345; x_wconf 75' lang='lat' dir='ltr'><strong>inscii</strong></span> <span class='ocrx_word' id='word_1_122' title='bbox 1220 1314 1404 1355; x_wconf 72' lang='lat' dir='ltr'><strong>pendimus?</strong></span> <span class='ocrx_word' id='word_1_123' title='bbox 1424 1323 1464 1349; x_wconf 71' lang='lat' dir='ltr'><strong>an</strong></span> <span class='ocrx_word' id='word_1_124' title='bbox 1478 1313 1552 1355; x_wconf 73' lang='lat' dir='ltr'><strong>qnia</strong></span> <span class='ocrx_word' id='word_1_125' title='bbox 1570 1313 1735 1354; x_wconf 65' lang='lat' dir='ltr'><strong>peregrina</strong></span> 
     </span>
     <span class='ocr_line' id='line_1_17' title="bbox 286 1355 1735 1398; baseline 0 -12"><span class='ocrx_word' id='word_1_126' title='bbox 286 1356 373 1387; x_wconf 70' lang='lat' dir='ltr'><strong>natio</strong></span> <span class='ocrx_word' id='word_1_127' title='bbox 387 1356 446 1388; x_wconf 74' lang='lat' dir='ltr'><strong>huc</strong></span> <span class='ocrx_word' id='word_1_128' title='bbox 459 1357 640 1390; x_wconf 71' lang='lat' dir='ltr'><strong>advenimus</strong></span> <span class='ocrx_word' id='word_1_129' title='bbox 653 1369 673 1390; x_wconf 93' lang='lat' dir='ltr'><strong>a</strong></span> <span class='ocrx_word' id='word_1_130' title='bbox 688 1358 867 1398; x_wconf 76' lang='lat' dir='ltr'><strong>regionibus</strong></span> <span class='ocrx_word' id='word_1_131' title='bbox 887 1356 1042 1396; x_wconf 81' lang='lat' dir='ltr'><strong>Argivis?</strong></span> <span class='ocrx_word' id='word_1_132' title='bbox 1091 1357 1169 1388; x_wconf 83' lang='lat' dir='ltr'><strong>Tota</strong></span> <span class='ocrx_word' id='word_1_133' title='bbox 1183 1361 1268 1389; x_wconf 84' lang='lat' dir='ltr'><strong>terra</strong></span> <span class='ocrx_word' id='word_1_134' title='bbox 1283 1357 1389 1397; x_wconf 73' lang='lat' dir='ltr'><strong>patria</strong></span> <span class='ocrx_word' id='word_1_135' title='bbox 1403 1360 1449 1388; x_wconf 75' lang='lat' dir='ltr'><strong>est</strong></span> <span class='ocrx_word' id='word_1_136' title='bbox 1463 1356 1594 1395; x_wconf 73' lang='lat' dir='ltr'><strong>homini,</strong></span> <span class='ocrx_word' id='word_1_137' title='bbox 1605 1365 1661 1388; x_wconf 73' lang='lat' dir='ltr'><strong>nec</strong></span> <span class='ocrx_word' id='word_1_138' title='bbox 1675 1355 1735 1386; x_wconf 72' lang='lat' dir='ltr'><strong>eibi</strong></span> 
     </span>
     <span class='ocr_line' id='line_1_18' title="bbox 284 1397 1735 1442; baseline 0.001 -14"><span class='ocrx_word' id='word_1_139' title='bbox 284 1399 457 1438; x_wconf 79' lang='lat' dir='ltr'><strong>conveniat,</strong></span> <span class='ocrx_word' id='word_1_140' title='bbox 471 1401 596 1440; x_wconf 74' lang='lat' dir='ltr'><strong>optima,</strong></span> <span class='ocrx_word' id='word_1_141' title='bbox 611 1411 667 1432; x_wconf 78' lang='lat' dir='ltr'><strong>nos</strong></span> <span class='ocrx_word' id='word_1_142' title='bbox 687 1401 821 1442; x_wconf 78' lang='lat' dir='ltr'><strong>undique</strong></span> <span class='ocrx_word' id='word_1_143' title='bbox 835 1404 866 1432; x_wconf 81' lang='lat' dir='ltr'><strong>et</strong></span> <span class='ocrx_word' id='word_1_144' title='bbox 879 1400 990 1440; x_wconf 79' lang='lat' dir='ltr'><strong>ubique</strong></span> <span class='ocrx_word' id='word_1_145' title='bbox 1004 1402 1073 1431; x_wconf 72' lang='lat' dir='ltr'><strong>tuos</strong></span> <span class='ocrx_word' id='word_1_146' title='bbox 1087 1399 1263 1431; x_wconf 73' lang='lat' dir='ltr'><strong>discernere</strong></span> <span class='ocrx_word' id='word_1_147' title='bbox 1285 1399 1404 1431; x_wconf 75' lang='lat' dir='ltr'><strong>crudeli</strong></span> <span class='ocrx_word' id='word_1_148' title='bbox 1421 1398 1534 1437; x_wconf 78' lang='lat' dir='ltr'><strong>limite,</strong></span> <span class='ocrx_word' id='word_1_149' title='bbox 1554 1399 1638 1430; x_wconf 72' lang='lat' dir='ltr'><strong>velut</strong></span> <span class='ocrx_word' id='word_1_150' title='bbox 1656 1397 1735 1430; x_wconf 72' lang='lat' dir='ltr'><strong>viles</strong></span> 
     </span>
     <span class='ocr_line' id='line_1_19' title="bbox 282 1441 1735 1483; baseline 0.001 -12"><span class='ocrx_word' id='word_1_151' title='bbox 282 1444 403 1479; x_wconf 79' lang='lat' dir='ltr'><strong>gentes,</strong></span> <span class='ocrx_word' id='word_1_152' title='bbox 446 1443 550 1483; x_wconf 82' lang='lat' dir='ltr'><strong>AEqua</strong></span> <span class='ocrx_word' id='word_1_153' title='bbox 569 1444 615 1474; x_wconf 80' lang='lat' dir='ltr'><strong>sis</strong></span> <span class='ocrx_word' id='word_1_154' title='bbox 636 1444 786 1481; x_wconf 78' lang='lat' dir='ltr'><strong>omnibus,</strong></span> <span class='ocrx_word' id='word_1_155' title='bbox 806 1447 839 1474; x_wconf 84' lang='lat' dir='ltr'><strong>et</strong></span> <span class='ocrx_word' id='word_1_156' title='bbox 859 1443 931 1474; x_wconf 80' lang='lat' dir='ltr'><strong>hine</strong></span> <span class='ocrx_word' id='word_1_157' title='bbox 951 1445 1042 1482; x_wconf 80' lang='lat' dir='ltr'><strong>atque</strong></span> <span class='ocrx_word' id='word_1_158' title='bbox 1060 1442 1147 1473; x_wconf 72' lang='lat' dir='ltr'><strong>illinc</strong></span> <span class='ocrx_word' id='word_1_159' title='bbox 1164 1445 1268 1483; x_wconf 78' lang='lat' dir='ltr'><strong>portes</strong></span> <span class='ocrx_word' id='word_1_160' title='bbox 1280 1451 1379 1474; x_wconf 81' lang='lat' dir='ltr'><strong>arma.</strong></span> <span class='ocrx_word' id='word_1_161' title='bbox 1425 1442 1491 1474; x_wconf 70' lang='lat' dir='ltr'><strong>Fas</strong></span> <span class='ocrx_word' id='word_1_162' title='bbox 1509 1441 1566 1481; x_wconf 68' lang='lat' dir='ltr'><strong>eit,</strong></span> <span class='ocrx_word' id='word_1_163' title='bbox 1578 1450 1645 1480; x_wconf 83' lang='lat' dir='ltr'><strong>oro,</strong></span> <span class='ocrx_word' id='word_1_164' title='bbox 1665 1441 1735 1480; x_wconf 76' lang='lat' dir='ltr'><strong>lege</strong></span> 
     </span>
     <span class='ocr_line' id='line_1_20' title="bbox 284 1482 1737 1527; baseline 0.001 -14"><span class='ocrx_word' id='word_1_165' title='bbox 284 1482 358 1514; x_wconf 84' lang='lat' dir='ltr'><strong>belli</strong></span> <span class='ocrx_word' id='word_1_166' title='bbox 370 1484 516 1525; x_wconf 79' lang='lat' dir='ltr'><strong>expirare</strong></span> <span class='ocrx_word' id='word_1_167' title='bbox 530 1486 703 1518; x_wconf 78' lang='lat' dir='ltr'><strong>bellatrices</strong></span> <span class='ocrx_word' id='word_1_168' title='bbox 717 1486 838 1517; x_wconf 76' lang='lat' dir='ltr'><strong>animas</strong></span> <span class='ocrx_word' id='word_1_169' title='bbox 851 1496 889 1517; x_wconf 84' lang='lat' dir='ltr'><strong>ac</strong></span> <span class='ocrx_word' id='word_1_170' title='bbox 903 1484 1068 1527; x_wconf 68' lang='lat' dir='ltr'><strong>restituere</strong></span> <span class='ocrx_word' id='word_1_171' title='bbox 1079 1485 1161 1516; x_wconf 84' lang='lat' dir='ltr'><strong>coelo.</strong></span> <span class='ocrx_word' id='word_1_172' title='bbox 1186 1485 1238 1516; x_wconf 92' lang='lat' dir='ltr'><strong>Ne</strong></span> <span class='ocrx_word' id='word_1_173' title='bbox 1251 1485 1375 1523; x_wconf 76' lang='lat' dir='ltr'><strong>auferas</strong></span> <span class='ocrx_word' id='word_1_174' title='bbox 1386 1483 1521 1516; x_wconf 76' lang='lat' dir='ltr'><strong>viventia</strong></span> <span class='ocrx_word' id='word_1_175' title='bbox 1531 1492 1660 1524; x_wconf 74' lang='lat' dir='ltr'><strong>corpora</strong></span> <span class='ocrx_word' id='word_1_176' title='bbox 1670 1486 1737 1514; x_wconf 69' lang='lat' dir='ltr'><strong>tam</strong></span> 
     </span>
     <span class='ocr_line' id='line_1_21' title="bbox 283 1525 1733 1568; baseline 0.001 -12"><span class='ocrx_word' id='word_1_177' title='bbox 283 1527 455 1566; x_wconf 72' lang='lat' dir='ltr'><strong>repentinis</strong></span> <span class='ocrx_word' id='word_1_178' title='bbox 461 1527 639 1567; x_wconf 73' lang='lat' dir='ltr'><strong>funeribus.</strong></span> <span class='ocrx_word' id='word_1_179' title='bbox 685 1529 737 1560; x_wconf 90' lang='lat' dir='ltr'><strong>Ne</strong></span> <span class='ocrx_word' id='word_1_180' title='bbox 748 1528 882 1567; x_wconf 76' lang='lat' dir='ltr'><strong>festina.</strong></span> <span class='ocrx_word' id='word_1_181' title='bbox 929 1527 1015 1558; x_wconf 83' lang='lat' dir='ltr'><strong>Nam</strong></span> <span class='ocrx_word' id='word_1_182' title='bbox 1029 1537 1133 1558; x_wconf 71' lang='lat' dir='ltr'><strong>omnes</strong></span> <span class='ocrx_word' id='word_1_183' title='bbox 1158 1526 1283 1566; x_wconf 74' lang='lat' dir='ltr'><strong>ibimus,</strong></span> <span class='ocrx_word' id='word_1_184' title='bbox 1303 1533 1364 1568; x_wconf 75' lang='lat' dir='ltr'><strong>qua</strong></span> <span class='ocrx_word' id='word_1_185' title='bbox 1387 1526 1510 1565; x_wconf 67' lang='lat' dir='ltr'><strong>semita,</strong></span> <span class='ocrx_word' id='word_1_186' title='bbox 1534 1535 1593 1567; x_wconf 78' lang='lat' dir='ltr'><strong>quo</strong></span> <span class='ocrx_word' id='word_1_187' title='bbox 1607 1525 1665 1564; x_wconf 70' lang='lat' dir='ltr'><strong>sae</strong></span> <span class='ocrx_word' id='word_1_188' title='bbox 1684 1528 1733 1557; x_wconf 71' lang='lat' dir='ltr'><strong>eat</strong></span> 
     </span>
     <span class='ocr_line' id='line_1_22' title="bbox 281 1567 1733 1612; baseline 0.001 -14"><span class='ocrx_word' id='word_1_189' title='bbox 281 1569 394 1600; x_wconf 81' lang='lat' dir='ltr'><strong>vadere</strong></span> <span class='ocrx_word' id='word_1_190' title='bbox 408 1570 531 1603; x_wconf 82' lang='lat' dir='ltr'><strong>itinere.</strong></span> <span class='ocrx_word' id='word_1_191' title='bbox 575 1571 682 1603; x_wconf 81' lang='lat' dir='ltr'><strong>sotum</strong></span> <span class='ocrx_word' id='word_1_192' title='bbox 695 1572 818 1612; x_wconf 82' lang='lat' dir='ltr'><strong>placata</strong></span> <span class='ocrx_word' id='word_1_193' title='bbox 836 1569 959 1602; x_wconf 80' lang='lat' dir='ltr'><strong>Graecis</strong></span> <span class='ocrx_word' id='word_1_194' title='bbox 959 1570 1059 1611; x_wconf 84' lang='lat' dir='ltr'><strong>firma</strong></span> <span class='ocrx_word' id='word_1_195' title='bbox 1072 1569 1225 1600; x_wconf 74' lang='lat' dir='ltr'><strong>incertum</strong></span> <span class='ocrx_word' id='word_1_196' title='bbox 1237 1579 1388 1611; x_wconf 78' lang='lat' dir='ltr'><strong>campum,</strong></span> <span class='ocrx_word' id='word_1_197' title='bbox 1403 1578 1458 1600; x_wconf 77' lang='lat' dir='ltr'><strong>nec</strong></span> <span class='ocrx_word' id='word_1_198' title='bbox 1471 1567 1607 1609; x_wconf 76' lang='lat' dir='ltr'><strong>praeveni</strong></span> <span class='ocrx_word' id='word_1_199' title='bbox 1617 1569 1733 1605; x_wconf 70' lang='lat' dir='ltr'><strong>veloces</strong></span> 
     </span>
     <span class='ocr_line' id='line_1_23' title="bbox 282 1610 1733 1653; baseline -0.001 -12"><span class='ocrx_word' id='word_1_200' title='bbox 282 1610 412 1645; x_wconf 73' lang='lat' dir='ltr'><strong>Parcae.</strong></span> <span class='ocrx_word' id='word_1_201' title='bbox 455 1613 500 1644; x_wconf 80' lang='lat' dir='ltr'><strong>At</strong></span> <span class='ocrx_word' id='word_1_202' title='bbox 514 1617 549 1645; x_wconf 82' lang='lat' dir='ltr'><strong>tu</strong></span> <span class='ocrx_word' id='word_1_203' title='bbox 562 1617 665 1645; x_wconf 86' lang='lat' dir='ltr'><strong>amate</strong></span> <span class='ocrx_word' id='word_1_204' title='bbox 678 1613 865 1652; x_wconf 78' lang='lat' dir='ltr'><strong>numinibus,</strong></span> <span class='ocrx_word' id='word_1_205' title='bbox 880 1622 969 1653; x_wconf 82' lang='lat' dir='ltr'><strong>quem</strong></span> <span class='ocrx_word' id='word_1_206' title='bbox 983 1612 1068 1644; x_wconf 81' lang='lat' dir='ltr'><strong>nulla</strong></span> <span class='ocrx_word' id='word_1_207' title='bbox 1081 1621 1203 1649; x_wconf 76' lang='lat' dir='ltr'><strong>manus,</strong></span> <span class='ocrx_word' id='word_1_208' title='bbox 1212 1621 1268 1644; x_wconf 79' lang='lat' dir='ltr'><strong>nec</strong></span> <span class='ocrx_word' id='word_1_209' title='bbox 1276 1611 1378 1652; x_wconf 83' lang='lat' dir='ltr'><strong>gladii</strong></span> <span class='ocrx_word' id='word_1_210' title='bbox 1393 1611 1531 1644; x_wconf 75' lang='lat' dir='ltr'><strong>Thebani</strong></span> <span class='ocrx_word' id='word_1_211' title='bbox 1544 1610 1733 1650; x_wconf 78' lang='lat' dir='ltr'><strong>occiderunt,</strong></span> 
     </span>
     <span class='ocr_line' id='line_1_24' title="bbox 279 1653 1732 1697; baseline 0.001 -13"><span class='ocrx_word' id='word_1_212' title='bbox 279 1654 336 1685; x_wconf 76' lang='lat' dir='ltr'><strong>ced</strong></span> <span class='ocrx_word' id='word_1_213' title='bbox 351 1664 441 1695; x_wconf 83' lang='lat' dir='ltr'><strong>quem</strong></span> <span class='ocrx_word' id='word_1_214' title='bbox 452 1666 566 1696; x_wconf 85' lang='lat' dir='ltr'><strong>magna</strong></span> <span class='ocrx_word' id='word_1_215' title='bbox 581 1660 694 1688; x_wconf 79' lang='lat' dir='ltr'><strong>natura</strong></span> <span class='ocrx_word' id='word_1_216' title='bbox 707 1656 849 1697; x_wconf 78' lang='lat' dir='ltr'><strong>amplexa</strong></span> <span class='ocrx_word' id='word_1_217' title='bbox 859 1655 1029 1687; x_wconf 78' lang='lat' dir='ltr'><strong>dehiscenti</strong></span> <span class='ocrx_word' id='word_1_218' title='bbox 1039 1654 1173 1695; x_wconf 81' lang='lat' dir='ltr'><strong>gremio,</strong></span> <span class='ocrx_word' id='word_1_219' title='bbox 1187 1654 1233 1686; x_wconf 75' lang='lat' dir='ltr'><strong>ita</strong></span> <span class='ocrx_word' id='word_1_220' title='bbox 1243 1665 1278 1686; x_wconf 72' lang='lat' dir='ltr'><strong>ee</strong></span> <span class='ocrx_word' id='word_1_221' title='bbox 1291 1653 1524 1694; x_wconf 51' lang='lat' dir='ltr'><strong>rursu-&#39;jamin</strong></span> <span class='ocrx_word' id='word_1_222' title='bbox 1535 1656 1571 1686; x_wconf 71' lang='lat' dir='ltr'><strong>ut</strong></span> <span class='ocrx_word' id='word_1_223' title='bbox 1581 1653 1611 1685; x_wconf 75' lang='lat' dir='ltr'><strong>ei</strong></span> <span class='ocrx_word' id='word_1_224' title='bbox 1620 1656 1651 1686; x_wconf 77' lang='lat' dir='ltr'><strong>te</strong></span> <span class='ocrx_word' id='word_1_225' title='bbox 1661 1653 1732 1692; x_wconf 72' lang='lat' dir='ltr'><strong>dig-</strong></span> 
     </span>
    </p>
   </div>
   <div class='ocr_carea' id='block_1_4' title="bbox 886 1738 966 1750">
    <p class='ocr_par' dir='ltr' id='par_1_9' title="bbox 886 1738 966 1750">
     <span class='ocr_line' id='line_1_25' title="bbox 886 1738 966 1750; baseline -0.013 0"><span class='ocrx_word' id='word_1_226' title='bbox 886 1738 966 1750; x_wconf 60' lang='grc' dir='ltr'><strong>Μ’</strong></span> 
     </span>
    </p>
   </div>
   <div class='ocr_carea' id='block_1_5' title="bbox 968 1738 1131 1750">
    <p class='ocr_par' dir='ltr' id='par_1_10' title="bbox 968 1738 1131 1750">
     <span class='ocr_line' id='line_1_26' title="bbox 968 1738 1131 1750; baseline 0 1370"><span class='ocrx_word' id='word_1_227' title='bbox 968 1738 1131 1750; x_wconf 95' lang='lat' dir='ltr'><strong> </strong></span> 
     </span>
    </p>
   </div>
   <div class='ocr_carea' id='block_1_6' title="bbox 278 1803 1732 2101">
    <p class='ocr_par' dir='ltr' id='par_1_11' title="bbox 278 1803 1732 2101">
     <span class='ocr_line' id='line_1_27' title="bbox 280 1803 1732 1847; baseline -0.001 -12"><span class='ocrx_word' id='word_1_228' title='bbox 280 1808 336 1835; x_wconf 84' lang='lat' dir='ltr'><strong>est</strong></span> <span class='ocrx_word' id='word_1_229' title='bbox 350 1804 515 1844; x_wconf 83' lang='lat' dir='ltr'><strong>Deorum,</strong></span> <span class='ocrx_word' id='word_1_230' title='bbox 537 1805 596 1847; x_wconf 85' lang='lat' dir='ltr'><strong>qui</strong></span> <span class='ocrx_word' id='word_1_231' title='bbox 617 1809 740 1845; x_wconf 75' lang='lat' dir='ltr'><strong>regunt</strong></span> <span class='ocrx_word' id='word_1_232' title='bbox 763 1804 877 1837; x_wconf 61' lang='lat' dir='ltr'><strong>astra!</strong></span> <span class='ocrx_word' id='word_1_233' title='bbox 893 1804 1120 1837; x_wconf 57' lang='lat' dir='ltr'><strong>Barth—319</strong></span> <span class='ocrx_word' id='word_1_234' title='bbox 1143 1803 1280 1836; x_wconf 81' lang='lat' dir='ltr'><strong>Externi</strong></span> <span class='ocrx_word' id='word_1_235' title='bbox 1295 1803 1432 1836; x_wconf 77' lang='lat' dir='ltr'><strong>Inachiis</strong></span> <span class='ocrx_word' id='word_1_236' title='bbox 1451 1803 1510 1835; x_wconf 77' lang='lat' dir='ltr'><strong>huc</strong></span> <span class='ocrx_word' id='word_1_237' title='bbox 1530 1803 1732 1840; x_wconf 70' lang='lat' dir='ltr'><strong>adventamus</strong></span> 
     </span>
     <span class='ocr_line' id='line_1_28' title="bbox 278 1843 1732 1889; baseline -0.001 -11"><span class='ocrx_word' id='word_1_238' title='bbox 278 1847 318 1878; x_wconf 86' lang='lat' dir='ltr'><strong>ab</strong></span> <span class='ocrx_word' id='word_1_239' title='bbox 332 1848 417 1879; x_wconf 77' lang='lat' dir='ltr'><strong>arvis</strong></span> <span class='ocrx_word' id='word_1_240' title='bbox 432 1847 541 1879; x_wconf 84' lang='lat' dir='ltr'><strong>codex</strong></span> <span class='ocrx_word' id='word_1_241' title='bbox 555 1849 643 1880; x_wconf 89' lang='lat' dir='ltr'><strong>Dan.</strong></span> <span class='ocrx_word' id='word_1_242' title='bbox 659 1848 804 1887; x_wconf 82' lang='lat' dir='ltr'><strong>Heinsii,</strong></span> <span class='ocrx_word' id='word_1_243' title='bbox 817 1857 917 1889; x_wconf 86' lang='lat' dir='ltr'><strong>quem</strong></span> <span class='ocrx_word' id='word_1_244' title='bbox 931 1847 1008 1879; x_wconf 86' lang='lat' dir='ltr'><strong>vide</strong></span> <span class='ocrx_word' id='word_1_245' title='bbox 1023 1847 1064 1878; x_wconf 89' lang='lat' dir='ltr'><strong>ad</strong></span> <span class='ocrx_word' id='word_1_246' title='bbox 1083 1847 1257 1880; x_wconf 85' lang='lat' dir='ltr'><strong>Claudian.</strong></span> <span class='ocrx_word' id='word_1_247' title='bbox 1271 1846 1374 1888; x_wconf 82' lang='lat' dir='ltr'><strong>Rapt.</strong></span> <span class='ocrx_word' id='word_1_248' title='bbox 1388 1846 1550 1887; x_wconf 74' lang='lat' dir='ltr'><strong>Proserp.</strong></span> <span class='ocrx_word' id='word_1_249' title='bbox 1567 1854 1610 1878; x_wconf 83' lang='lat'><strong>11.</strong></span> <span class='ocrx_word' id='word_1_250' title='bbox 1624 1843 1732 1877; x_wconf 82' lang='lat' dir='ltr'><strong>Praef.</strong></span> 
     </span>
     <span class='ocr_line' id='line_1_29' title="bbox 279 1887 1731 1932; baseline -0.001 -12"><span class='ocrx_word' id='word_1_251' title='bbox 279 1892 416 1921; x_wconf 79' lang='grc'><strong>9.-321</strong></span> <span class='ocrx_word' id='word_1_252' title='bbox 442 1889 544 1922; x_wconf 87' lang='lat' dir='ltr'><strong>Aldd.</strong></span> <span class='ocrx_word' id='word_1_253' title='bbox 558 1891 670 1922; x_wconf 85' lang='lat' dir='ltr'><strong>Colin.</strong></span> <span class='ocrx_word' id='word_1_254' title='bbox 686 1891 820 1931; x_wconf 84' lang='lat' dir='ltr'><strong>Gryph.</strong></span> <span class='ocrx_word' id='word_1_255' title='bbox 837 1894 872 1921; x_wconf 83' lang='lat' dir='ltr'><strong>et</strong></span> <span class='ocrx_word' id='word_1_256' title='bbox 895 1890 996 1921; x_wconf 87' lang='lat' dir='ltr'><strong>Basil.</strong></span> <span class='ocrx_word' id='word_1_257' title='bbox 1010 1890 1206 1930; x_wconf 77' lang='lat' dir='ltr'><strong>distinguere</strong></span> <span class='ocrx_word' id='word_1_258' title='bbox 1209 1889 1311 1932; x_wconf 81' lang='lat' dir='ltr'><strong>finem</strong></span> <span class='ocrx_word' id='word_1_259' title='bbox 1321 1900 1334 1927; x_wconf 72' lang='lat'><strong>,0</strong></span> <span class='ocrx_word' id='word_1_260' title='bbox 1356 1888 1507 1921; x_wconf 85' lang='lat' dir='ltr'><strong>correxit</strong></span> <span class='ocrx_word' id='word_1_261' title='bbox 1528 1887 1731 1920; x_wconf 75' lang='lat' dir='ltr'><strong>Bernartius</strong></span> 
     </span>
     <span class='ocr_line' id='line_1_30' title="bbox 280 1929 1730 1974; baseline -0.001 -12"><span class='ocrx_word' id='word_1_262' title='bbox 280 1941 323 1962; x_wconf 88' lang='lat' dir='ltr'><strong>ex</strong></span> <span class='ocrx_word' id='word_1_263' title='bbox 340 1932 550 1965; x_wconf 80' lang='lat' dir='ltr'><strong>codd.—322</strong></span> <span class='ocrx_word' id='word_1_264' title='bbox 576 1933 719 1974; x_wconf 80' lang='lat' dir='ltr'><strong>Undique</strong></span> <span class='ocrx_word' id='word_1_265' title='bbox 729 1933 839 1974; x_wconf 81' lang='lat' dir='ltr'><strong>ubique</strong></span> <span class='ocrx_word' id='word_1_266' title='bbox 854 1933 916 1963; x_wconf 77' lang='lat' dir='ltr'><strong>tuis</strong></span> <span class='ocrx_word' id='word_1_267' title='bbox 932 1933 1036 1973; x_wconf 86' lang='lat' dir='ltr'><strong>Lang.</strong></span> <span class='ocrx_word' id='word_1_268' title='bbox 1053 1933 1155 1964; x_wconf 86' lang='lat' dir='ltr'><strong>Laur.</strong></span> <span class='ocrx_word' id='word_1_269' title='bbox 1171 1932 1305 1964; x_wconf 83' lang='lat' dir='ltr'><strong>Busiid.</strong></span> <span class='ocrx_word' id='word_1_270' title='bbox 1321 1932 1471 1972; x_wconf 74' lang='lat' dir='ltr'><strong>Lipsian.</strong></span> <span class='ocrx_word' id='word_1_271' title='bbox 1487 1931 1609 1962; x_wconf 80' lang='lat' dir='ltr'><strong>Petav.</strong></span> <span class='ocrx_word' id='word_1_272' title='bbox 1627 1929 1730 1961; x_wconf 72' lang='lat' dir='ltr'><strong>Aidd.</strong></span> 
     </span>
     <span class='ocr_line' id='line_1_31' title="bbox 281 1972 1732 2016; baseline -0.001 -11"><span class='ocrx_word' id='word_1_273' title='bbox 281 1974 391 2007; x_wconf 85' lang='lat' dir='ltr'><strong>Colin.</strong></span> <span class='ocrx_word' id='word_1_274' title='bbox 407 1975 539 2016; x_wconf 85' lang='lat' dir='ltr'><strong>Grypb.</strong></span> <span class='ocrx_word' id='word_1_275' title='bbox 557 1976 662 2008; x_wconf 73' lang='lat' dir='ltr'><strong>Basn.</strong></span> <span class='ocrx_word' id='word_1_276' title='bbox 684 1976 801 2007; x_wconf 83' lang='lat' dir='ltr'><strong>Plant.</strong></span> <span class='ocrx_word' id='word_1_277' title='bbox 818 1974 1047 2015; x_wconf 86' lang='lat' dir='ltr'><strong>Lindenbrog.</strong></span> <span class='ocrx_word' id='word_1_278' title='bbox 1070 1975 1213 2007; x_wconf 81' lang='lat' dir='ltr'><strong>Gevart.</strong></span> <span class='ocrx_word' id='word_1_279' title='bbox 1236 1974 1394 2007; x_wconf 84' lang='lat' dir='ltr'><strong>Grasser.</strong></span> <span class='ocrx_word' id='word_1_280' title='bbox 1410 1979 1446 2006; x_wconf 81' lang='lat' dir='ltr'><strong>et</strong></span> <span class='ocrx_word' id='word_1_281' title='bbox 1461 1972 1606 2005; x_wconf 73' lang='lat' dir='ltr'><strong>A&#39;msret.</strong></span> <span class='ocrx_word' id='word_1_282' title='bbox 1620 1972 1732 2014; x_wconf 71' lang='lat' dir='ltr'><strong>ubique</strong></span> 
     </span>
     <span class='ocr_line' id='line_1_32' title="bbox 278 2015 1731 2051; baseline -0.001 -4"><span class='ocrx_word' id='word_1_283' title='bbox 278 2018 348 2047; x_wconf 73' lang='lat' dir='ltr'><strong>tuos</strong></span> <span class='ocrx_word' id='word_1_284' title='bbox 365 2018 455 2049; x_wconf 87' lang='lat' dir='ltr'><strong>Dan.</strong></span> <span class='ocrx_word' id='word_1_285' title='bbox 471 2019 552 2051; x_wconf 82' lang='lat' dir='ltr'><strong>Put.</strong></span> <span class='ocrx_word' id='word_1_286' title='bbox 567 2019 706 2050; x_wconf 77' lang='lat' dir='ltr'><strong>Behott.</strong></span> <span class='ocrx_word' id='word_1_287' title='bbox 723 2021 753 2050; x_wconf 95' lang='lat'><strong>1.</strong></span> <span class='ocrx_word' id='word_1_288' title='bbox 769 2021 801 2050; x_wconf 85' lang='lat'><strong>2.</strong></span> <span class='ocrx_word' id='word_1_289' title='bbox 821 2019 978 2049; x_wconf 85' lang='lat' dir='ltr'><strong>Petrens.</strong></span> <span class='ocrx_word' id='word_1_290' title='bbox 995 2018 1081 2050; x_wconf 87' lang='lat' dir='ltr'><strong>Exc.</strong></span> <span class='ocrx_word' id='word_1_291' title='bbox 1099 2017 1245 2050; x_wconf 82' lang='lat' dir='ltr'><strong>eantab.</strong></span> <span class='ocrx_word' id='word_1_292' title='bbox 1261 2018 1411 2049; x_wconf 87' lang='lat' dir='ltr'><strong>Gronov.</strong></span> <span class='ocrx_word' id='word_1_293' title='bbox 1435 2016 1553 2048; x_wconf 80' lang='lat' dir='ltr'><strong>Barth.</strong></span> <span class='ocrx_word' id='word_1_294' title='bbox 1569 2015 1676 2047; x_wconf 80' lang='lat' dir='ltr'><strong>Veen.</strong></span> <span class='ocrx_word' id='word_1_295' title='bbox 1692 2019 1731 2047; x_wconf 84' lang='lat' dir='ltr'><strong>et</strong></span> 
     </span>
     <span class='ocr_line' id='line_1_33' title="bbox 279 2058 1726 2101; baseline -0.001 -11"><span class='ocrx_word' id='word_1_296' title='bbox 279 2059 408 2101; x_wconf 86' lang='lat' dir='ltr'><strong>Delph.</strong></span> <span class='ocrx_word' id='word_1_297' title='bbox 419 2060 508 2093; x_wconf 86' lang='lat' dir='ltr'><strong>Vide</strong></span> <span class='ocrx_word' id='word_1_298' title='bbox 522 2061 606 2093; x_wconf 91' lang='lat' dir='ltr'><strong>Not.</strong></span> <span class='ocrx_word' id='word_1_299' title='bbox 618 2062 809 2093; x_wconf 68' lang='lat' dir='ltr'><strong>Van—327</strong></span> <span class='ocrx_word' id='word_1_300' title='bbox 833 2061 842 2079; x_wconf 91' lang='lat'>‘</span> <span class='ocrx_word' id='word_1_301' title='bbox 860 2060 901 2092; x_wconf 92' lang='lat' dir='ltr'><strong>ln</strong></span> <span class='ocrx_word' id='word_1_302' title='bbox 918 2060 1048 2101; x_wconf 88' lang='lat' dir='ltr'><strong>optimo</strong></span> <span class='ocrx_word' id='word_1_303' title='bbox 1062 2060 1227 2092; x_wconf 84' lang='lat' dir='ltr'><strong>librorum</strong></span> <span class='ocrx_word' id='word_1_304' title='bbox 1241 2060 1340 2092; x_wconf 73' lang='lat' dir='ltr'><strong>claris</strong></span> <span class='ocrx_word' id='word_1_305' title='bbox 1354 2058 1462 2092; x_wconf 80' lang='lat' dir='ltr'><strong>literis</strong></span> <span class='ocrx_word' id='word_1_306' title='bbox 1475 2058 1638 2100; x_wconf 81' lang='lat' dir='ltr'><strong>scriptum</strong></span> <span class='ocrx_word' id='word_1_307' title='bbox 1653 2061 1726 2090; x_wconf 78' lang='lat' dir='ltr'><strong>est:</strong></span> 
     </span>
    </p>
   </div>
   <div class='ocr_carea' id='block_1_7' title="bbox 932 2156 1077 2188">
    <p class='ocr_par' dir='ltr' id='par_1_12' title="bbox 932 2156 1077 2188">
     <span class='ocr_line' id='line_1_34' title="bbox 932 2156 1077 2188; baseline 0 0"><span class='ocrx_word' id='word_1_308' title='bbox 932 2157 965 2188; x_wconf 88' lang='lat' dir='ltr'>N</span> <span class='ocrx_word' id='word_1_309' title='bbox 970 2156 1077 2188; x_wconf 82' lang='lat' dir='ltr'><strong>OTAE</strong></span> 
     </span>
    </p>
   </div>
   <div class='ocr_carea' id='block_1_8' title="bbox 273 2219 1728 2463">
    <p class='ocr_par' dir='ltr' id='par_1_13' title="bbox 318 2219 1388 2261">
     <span class='ocr_line' id='line_1_35' title="bbox 318 2219 1388 2261; baseline 0 -9"><span class='ocrx_word' id='word_1_310' title='bbox 318 2222 382 2251; x_wconf 81' lang='lat'><strong>319</strong></span> <span class='ocrx_word' id='word_1_311' title='bbox 405 2219 560 2261; x_wconf 76' lang='lat' dir='ltr'><strong>Inachiis]</strong></span> <span class='ocrx_word' id='word_1_312' title='bbox 581 2220 728 2261; x_wconf 76' lang='lat' dir='ltr'><strong>Argivis.</strong></span> <span class='ocrx_word' id='word_1_313' title='bbox 1030 2220 1127 2252; x_wconf 89' lang='lat' dir='ltr'><strong>dunt.</strong></span> <span class='ocrx_word' id='word_1_314' title='bbox 1150 2220 1256 2251; x_wconf 85' lang='lat' dir='ltr'><strong>Theb.</strong></span> <span class='ocrx_word' id='word_1_315' title='bbox 1278 2229 1318 2251; x_wconf 83' lang='lat'><strong>11.</strong></span> <span class='ocrx_word' id='word_1_316' title='bbox 1334 2222 1388 2252; x_wconf 79' lang='lat'><strong>63.</strong></span> 
     </span>
    </p>

    <p class='ocr_par' dir='ltr' id='par_1_14' title="bbox 273 2268 1728 2463">
     <span class='ocr_line' id='line_1_36' title="bbox 316 2268 1727 2312; baseline -0.002 -10"><span class='ocrx_word' id='word_1_317' title='bbox 316 2273 379 2304; x_wconf 79' lang='lat'><strong>321</strong></span> <span class='ocrx_word' id='word_1_318' title='bbox 406 2272 566 2312; x_wconf 84' lang='lat' dir='ltr'><strong>Tanquam</strong></span> <span class='ocrx_word' id='word_1_319' title='bbox 580 2271 709 2303; x_wconf 79' lang='lat' dir='ltr'><strong>humiles</strong></span> <span class='ocrx_word' id='word_1_320' title='bbox 721 2270 862 2312; x_wconf 77' lang='lat' dir='ltr'><strong>populos]</strong></span> <span class='ocrx_word' id='word_1_321' title='bbox 896 2271 975 2304; x_wconf 86' lang='lat' dir='ltr'><strong>Non</strong></span> <span class='ocrx_word' id='word_1_322' title='bbox 1072 2273 1135 2302; x_wconf 75' lang='lat'><strong>825</strong></span> <span class='ocrx_word' id='word_1_323' title='bbox 1158 2270 1280 2302; x_wconf 67' lang='lat' dir='ltr'><strong>subitis</strong></span> <span class='ocrx_word' id='word_1_324' title='bbox 1290 2269 1404 2310; x_wconf 74' lang='lat' dir='ltr'><strong>bustis]</strong></span> <span class='ocrx_word' id='word_1_325' title='bbox 1427 2268 1626 2310; x_wconf 73' lang='lat' dir='ltr'><strong>Properatis</strong></span> <span class='ocrx_word' id='word_1_326' title='bbox 1639 2277 1727 2300; x_wconf 82' lang='lat' dir='ltr'><strong>mor-</strong></span> 
     </span>
     <span class='ocr_line' id='line_1_37' title="bbox 276 2318 1728 2363; baseline 0 -11"><span class='ocrx_word' id='word_1_327' title='bbox 276 2321 367 2352; x_wconf 86' lang='lat' dir='ltr'><strong>enim</strong></span> <span class='ocrx_word' id='word_1_328' title='bbox 386 2325 453 2352; x_wconf 81' lang='lat' dir='ltr'><strong>tam</strong></span> <span class='ocrx_word' id='word_1_329' title='bbox 470 2321 554 2353; x_wconf 77' lang='lat' dir='ltr'><strong>viles</strong></span> <span class='ocrx_word' id='word_1_330' title='bbox 577 2325 614 2353; x_wconf 81' lang='lat' dir='ltr'><strong>et</strong></span> <span class='ocrx_word' id='word_1_331' title='bbox 639 2321 767 2362; x_wconf 83' lang='lat' dir='ltr'><strong>abjecti</strong></span> <span class='ocrx_word' id='word_1_332' title='bbox 794 2331 922 2362; x_wconf 84' lang='lat' dir='ltr'><strong>sumus,</strong></span> <span class='ocrx_word' id='word_1_333' title='bbox 937 2326 975 2353; x_wconf 85' lang='lat' dir='ltr'><strong>ut</strong></span> <span class='ocrx_word' id='word_1_334' title='bbox 1029 2321 1133 2361; x_wconf 85' lang='lat' dir='ltr'><strong>tibus,</strong></span> <span class='ocrx_word' id='word_1_335' title='bbox 1163 2322 1247 2363; x_wconf 77' lang='lat' dir='ltr'><strong>quas</strong></span> <span class='ocrx_word' id='word_1_336' title='bbox 1274 2320 1375 2352; x_wconf 79' lang='lat' dir='ltr'><strong>busta</strong></span> <span class='ocrx_word' id='word_1_337' title='bbox 1398 2318 1558 2360; x_wconf 77' lang='lat' dir='ltr'><strong>consequi</strong></span> <span class='ocrx_word' id='word_1_338' title='bbox 1574 2327 1617 2351; x_wconf 88' lang='lat' dir='ltr'><strong>ex</strong></span> <span class='ocrx_word' id='word_1_339' title='bbox 1635 2327 1728 2353; x_wconf 80' lang='lat' dir='ltr'><strong>more</strong></span> 
     </span>
     <span class='ocr_line' id='line_1_38' title="bbox 273 2369 1728 2412; baseline -0.001 -10"><span class='ocrx_word' id='word_1_340' title='bbox 273 2375 342 2403; x_wconf 92' lang='lat' dir='ltr'><strong>tam</strong></span> <span class='ocrx_word' id='word_1_341' title='bbox 366 2381 458 2404; x_wconf 82' lang='lat' dir='ltr'><strong>saevo</strong></span> <span class='ocrx_word' id='word_1_342' title='bbox 482 2371 550 2403; x_wconf 90' lang='lat' dir='ltr'><strong>fine</strong></span> <span class='ocrx_word' id='word_1_343' title='bbox 576 2372 619 2402; x_wconf 91' lang='lat' dir='ltr'><strong>ab</strong></span> <span class='ocrx_word' id='word_1_344' title='bbox 635 2372 709 2403; x_wconf 80' lang='lat' dir='ltr'><strong>aliis</strong></span> <span class='ocrx_word' id='word_1_345' title='bbox 727 2371 891 2412; x_wconf 77' lang='lat' dir='ltr'><strong>distingui</strong></span> <span class='ocrx_word' id='word_1_346' title='bbox 916 2371 974 2403; x_wconf 88' lang='lat' dir='ltr'><strong>de·</strong></span> <span class='ocrx_word' id='word_1_347' title='bbox 1029 2372 1150 2404; x_wconf 79' lang='lat' dir='ltr'><strong>solent.</strong></span> <span class='ocrx_word' id='word_1_348' title='bbox 1194 2370 1374 2403; x_wconf 83' lang='lat' dir='ltr'><strong>Cadavera</strong></span> <span class='ocrx_word' id='word_1_349' title='bbox 1398 2369 1489 2401; x_wconf 85' lang='lat' dir='ltr'><strong>enim</strong></span> <span class='ocrx_word' id='word_1_350' title='bbox 1519 2373 1728 2401; x_wconf 81' lang='lat' dir='ltr'><strong>mortuorum</strong></span> 
     </span>
     <span class='ocr_line' id='line_1_39' title="bbox 274 2420 1280 2463; baseline 0 -11"><span class='ocrx_word' id='word_1_351' title='bbox 274 2421 427 2454; x_wconf 82' lang='lat' dir='ltr'><strong>beamus.</strong></span> <span class='ocrx_word' id='word_1_352' title='bbox 469 2422 548 2453; x_wconf 87' lang='lat' dir='ltr'><strong>Hoc</strong></span> <span class='ocrx_word' id='word_1_353' title='bbox 572 2421 659 2453; x_wconf 78' lang='lat' dir='ltr'><strong>dixit</strong></span> <span class='ocrx_word' id='word_1_354' title='bbox 682 2425 824 2463; x_wconf 84' lang='lat' dir='ltr'><strong>propter</strong></span> <span class='ocrx_word' id='word_1_355' title='bbox 845 2421 974 2454; x_wconf 80' lang='lat' dir='ltr'><strong>hiatum</strong></span> <span class='ocrx_word' id='word_1_356' title='bbox 1028 2420 1280 2452; x_wconf 83' lang='lat' dir='ltr'><strong>cremabantur.</strong></span> 
     </span>
    </p>
   </div>
   <div class='ocr_carea' id='block_1_9' title="bbox 270 2469 1725 2761">
    <p class='ocr_par' dir='ltr' id='par_1_15' title="bbox 270 2469 1725 2554">
     <span class='ocr_line' id='line_1_40' title="bbox 273 2469 1725 2513; baseline -0.001 -10"><span class='ocrx_word' id='word_1_357' title='bbox 273 2475 392 2511; x_wconf 67' lang='lat' dir='ltr'><strong>term,</strong></span> <span class='ocrx_word' id='word_1_358' title='bbox 428 2481 494 2513; x_wconf 87' lang='lat' dir='ltr'><strong>quo</strong></span> <span class='ocrx_word' id='word_1_359' title='bbox 529 2471 755 2513; x_wconf 79' lang='lat' dir='ltr'><strong>Amphiaraus</strong></span> <span class='ocrx_word' id='word_1_360' title='bbox 791 2470 972 2512; x_wconf 84' lang='lat' dir='ltr'><strong>absorptus</strong></span> <span class='ocrx_word' id='word_1_361' title='bbox 1071 2473 1134 2502; x_wconf 80' lang='lat'><strong>328</strong></span> <span class='ocrx_word' id='word_1_362' title='bbox 1157 2470 1242 2502; x_wconf 72' lang='lat' dir='ltr'><strong>Siste</strong></span> <span class='ocrx_word' id='word_1_363' title='bbox 1255 2471 1350 2502; x_wconf 82' lang='lat' dir='ltr'><strong>levem</strong></span> <span class='ocrx_word' id='word_1_364' title='bbox 1363 2469 1519 2512; x_wconf 78' lang='lat' dir='ltr'><strong>campum]</strong></span> <span class='ocrx_word' id='word_1_365' title='bbox 1541 2469 1666 2510; x_wconf 85' lang='lat' dir='ltr'><strong>Firma,</strong></span> <span class='ocrx_word' id='word_1_366' title='bbox 1681 2479 1725 2502; x_wconf 87' lang='lat' dir='ltr'><strong>ne</strong></span> 
     </span>
     <span class='ocr_line' id='line_1_41' title="bbox 270 2520 1333 2554; baseline 0.001 -2"><span class='ocrx_word' id='word_1_367' title='bbox 270 2525 340 2554; x_wconf 84' lang='lat' dir='ltr'><strong>est.</strong></span> <span class='ocrx_word' id='word_1_368' title='bbox 889 2545 898 2551; x_wconf 75' lang='lat'>.</span> <span class='ocrx_word' id='word_1_369' title='bbox 1026 2521 1150 2553; x_wconf 88' lang='lat' dir='ltr'><strong>iterum</strong></span> <span class='ocrx_word' id='word_1_370' title='bbox 1167 2520 1333 2553; x_wconf 81' lang='lat' dir='ltr'><strong>discedat.</strong></span> 
     </span>
    </p>

    <p class='ocr_par' dir='ltr' id='par_1_16' title="bbox 275 2569 1610 2663">
     <span class='ocr_line' id='line_1_42' title="bbox 315 2569 1610 2612; baseline 0.001 -11"><span class='ocrx_word' id='word_1_371' title='bbox 315 2572 378 2601; x_wconf 80' lang='lat'><strong>322</strong></span> <span class='ocrx_word' id='word_1_372' title='bbox 403 2570 535 2603; x_wconf 74' lang='lat' dir='ltr'><strong>Mamas</strong></span> <span class='ocrx_word' id='word_1_373' title='bbox 548 2571 732 2612; x_wconf 76' lang='lat' dir='ltr'><strong>communis]</strong></span> <span class='ocrx_word' id='word_1_374' title='bbox 754 2571 796 2603; x_wconf 93' lang='lat' dir='ltr'><strong>Id</strong></span> <span class='ocrx_word' id='word_1_375' title='bbox 812 2575 878 2612; x_wconf 80' lang='lat' dir='ltr'><strong>est,</strong></span> <span class='ocrx_word' id='word_1_376' title='bbox 890 2580 972 2603; x_wconf 88' lang='lat' dir='ltr'><strong>neu·</strong></span> <span class='ocrx_word' id='word_1_377' title='bbox 1069 2573 1132 2602; x_wconf 79' lang='lat'><strong>829</strong></span> <span class='ocrx_word' id='word_1_378' title='bbox 1157 2570 1219 2611; x_wconf 80' lang='lat' dir='ltr'><strong>Tu]</strong></span> <span class='ocrx_word' id='word_1_379' title='bbox 1242 2569 1451 2612; x_wconf 62' lang='lat' dir='ltr'><strong>Amphiarae</strong></span> <span class='ocrx_word' id='word_1_380' title='bbox 1465 2570 1610 2602; x_wconf 71' lang='lat' dir='ltr'><strong>seilicet.</strong></span> 
     </span>
     <span class='ocr_line' id='line_1_43' title="bbox 275 2620 1475 2663; baseline 0.001 -12"><span class='ocrx_word' id='word_1_381' title='bbox 275 2620 359 2652; x_wconf 82' lang='lat' dir='ltr'><strong>ttius</strong></span> <span class='ocrx_word' id='word_1_382' title='bbox 375 2621 493 2661; x_wconf 85' lang='lat' dir='ltr'><strong>popuii</strong></span> <span class='ocrx_word' id='word_1_383' title='bbox 510 2626 625 2663; x_wconf 78' lang='lat' dir='ltr'><strong>partes</strong></span> <span class='ocrx_word' id='word_1_384' title='bbox 641 2621 769 2655; x_wconf 76' lang='lat' dir='ltr'><strong>foveas.</strong></span> <span class='ocrx_word' id='word_1_385' title='bbox 1067 2623 1131 2653; x_wconf 76' lang='lat'><strong>330</strong></span> <span class='ocrx_word' id='word_1_386' title='bbox 1153 2620 1292 2661; x_wconf 78' lang='lat' dir='ltr'><strong>Sidonii]</strong></span> <span class='ocrx_word' id='word_1_387' title='bbox 1314 2621 1475 2653; x_wconf 84' lang='lat' dir='ltr'><strong>Thebani.</strong></span> 
     </span>
    </p>

    <p class='ocr_par' dir='ltr' id='par_1_17' title="bbox 272 2669 1724 2761">
     <span class='ocr_line' id='line_1_44' title="bbox 314 2669 1723 2712; baseline -0.001 -10"><span class='ocrx_word' id='word_1_388' title='bbox 314 2673 378 2702; x_wconf 79' lang='lat'><strong>323</strong></span> <span class='ocrx_word' id='word_1_389' title='bbox 405 2671 526 2703; x_wconf 84' lang='lat' dir='ltr'><strong>Ordine</strong></span> <span class='ocrx_word' id='word_1_390' title='bbox 549 2671 637 2712; x_wconf 83' lang='lat' dir='ltr'><strong>belli]</strong></span> <span class='ocrx_word' id='word_1_391' title='bbox 668 2671 710 2703; x_wconf 90' lang='lat' dir='ltr'><strong>Id</strong></span> <span class='ocrx_word' id='word_1_392' title='bbox 737 2675 802 2712; x_wconf 84' lang='lat' dir='ltr'><strong>est,</strong></span> <span class='ocrx_word' id='word_1_393' title='bbox 821 2671 911 2704; x_wconf 81' lang='lat' dir='ltr'><strong>ferro</strong></span> <span class='ocrx_word' id='word_1_394' title='bbox 934 2675 971 2704; x_wconf 83' lang='lat' dir='ltr'><strong>et</strong></span> <span class='ocrx_word' id='word_1_395' title='bbox 1066 2673 1128 2703; x_wconf 76' lang='lat'><strong>831</strong></span> <span class='ocrx_word' id='word_1_396' title='bbox 1155 2671 1306 2712; x_wconf 76' lang='lat' dir='ltr'><strong>Cyrrhaeo</strong></span> <span class='ocrx_word' id='word_1_397' title='bbox 1335 2669 1440 2711; x_wconf 76' lang='lat' dir='ltr'><strong>hiatu]</strong></span> <span class='ocrx_word' id='word_1_398' title='bbox 1476 2669 1519 2702; x_wconf 92' lang='lat' dir='ltr'><strong>Id</strong></span> <span class='ocrx_word' id='word_1_399' title='bbox 1547 2673 1613 2709; x_wconf 71' lang='lat' dir='ltr'><strong>est,</strong></span> <span class='ocrx_word' id='word_1_400' title='bbox 1636 2670 1723 2711; x_wconf 79' lang='lat' dir='ltr'><strong>Cyr-</strong></span> 
     </span>
     <span class='ocr_line' id='line_1_45' title="bbox 272 2719 1724 2761; baseline 0.001 -10"><span class='ocrx_word' id='word_1_401' title='bbox 272 2720 387 2761; x_wconf 86' lang='lat' dir='ltr'><strong>armis,</strong></span> <span class='ocrx_word' id='word_1_402' title='bbox 400 2730 466 2752; x_wconf 89' lang='lat' dir='ltr'><strong>non</strong></span> <span class='ocrx_word' id='word_1_403' title='bbox 482 2722 576 2753; x_wconf 84' lang='lat' dir='ltr'><strong>hiatu</strong></span> <span class='ocrx_word' id='word_1_404' title='bbox 591 2726 704 2754; x_wconf 64' lang='lat' dir='ltr'><strong>terrae.</strong></span> <span class='ocrx_word' id='word_1_405' title='bbox 1025 2721 1116 2753; x_wconf 79' lang='lat' dir='ltr'><strong>rhaeo</strong></span> <span class='ocrx_word' id='word_1_406' title='bbox 1130 2725 1240 2752; x_wconf 84' lang='lat' dir='ltr'><strong>antro.</strong></span> <span class='ocrx_word' id='word_1_407' title='bbox 1283 2720 1363 2752; x_wconf 88' lang='lat' dir='ltr'><strong>Nou</strong></span> <span class='ocrx_word' id='word_1_408' title='bbox 1379 2721 1470 2753; x_wconf 87' lang='lat' dir='ltr'><strong>euim</strong></span> <span class='ocrx_word' id='word_1_409' title='bbox 1483 2720 1629 2753; x_wconf 83' lang='lat' dir='ltr'><strong>decebat</strong></span> <span class='ocrx_word' id='word_1_410' title='bbox 1642 2719 1724 2752; x_wconf 85' lang='lat' dir='ltr'><strong>Am-</strong></span> 
     </span>
    </p>
   </div>
   <div class='ocr_carea' id='block_1_10' title="bbox 311 2771 1722 2814">
    <p class='ocr_par' dir='ltr' id='par_1_18' title="bbox 311 2771 1722 2814">
     <span class='ocr_line' id='line_1_46' title="bbox 311 2771 1722 2814; baseline 0.001 -13"><span class='ocrx_word' id='word_1_411' title='bbox 311 2772 374 2802; x_wconf 74' lang='lat'><strong>324</strong></span> <span class='ocrx_word' id='word_1_412' title='bbox 400 2771 445 2802; x_wconf 84' lang='lat' dir='ltr'><strong>Et</strong></span> <span class='ocrx_word' id='word_1_413' title='bbox 460 2772 586 2803; x_wconf 83' lang='lat' dir='ltr'><strong>reddere</strong></span> <span class='ocrx_word' id='word_1_414' title='bbox 600 2771 688 2812; x_wconf 78' lang='lat' dir='ltr'><strong>coelo]</strong></span> <span class='ocrx_word' id='word_1_415' title='bbox 719 2771 815 2804; x_wconf 89' lang='lat' dir='ltr'><strong>Unde</strong></span> <span class='ocrx_word' id='word_1_416' title='bbox 831 2771 970 2807; x_wconf 82' lang='lat' dir='ltr'><strong>descen·</strong></span> <span class='ocrx_word' id='word_1_417' title='bbox 1025 2771 1211 2814; x_wconf 80' lang='lat' dir='ltr'><strong>phiaraum,</strong></span> <span class='ocrx_word' id='word_1_418' title='bbox 1242 2775 1311 2804; x_wconf 79' lang='lat' dir='ltr'><strong>tam</strong></span> <span class='ocrx_word' id='word_1_419' title='bbox 1334 2771 1506 2804; x_wconf 84' lang='lat' dir='ltr'><strong>celebrem</strong></span> <span class='ocrx_word' id='word_1_420' title='bbox 1537 2777 1663 2814; x_wconf 73' lang='lat' dir='ltr'><strong>vatem,</strong></span> <span class='ocrx_word' id='word_1_421' title='bbox 1686 2772 1722 2804; x_wconf 86' lang='lat' dir='ltr'><strong>in</strong></span> 
     </span>
    </p>
   </div>
   <div class='ocr_carea' id='block_1_11' title="bbox 1799 2532 1826 2551">
    <p class='ocr_par' dir='ltr' id='par_1_19' title="bbox 1799 2532 1826 2551">
     <span class='ocr_line' id='line_1_47' title="bbox 1799 2532 1826 2551; baseline 0 -8"><span class='ocrx_word' id='word_1_422' title='bbox 1799 2532 1826 2551; x_wconf 56' lang='lat'><strong>*-</strong></span> 
     </span>
    </p>
   </div>
  </div>
 </body>
</html>
