1846 3120
253 214 368 256 1162
748 223 790 254 ι).
822 219 1013 254 immun
1046 220 1211 254 s'rA'rn

254 320 360 363 Non
380 320 510 362 aliter
530 331 662 362 cursu
683 319 868 373 rapidae,
888 322 1021 374 atque
1038 318 1224 376 immane
1242 318 1478 363 frementes

253 388 528 430 Transiliunt
547 399 749 440 campos,
767 388 1052 440 aurigamque
1068 386 1229 441 impete
1247 391 1392 438 vasto,
1545 392 1548 395 “
1620 385 1708 430 585

253 453 541 508 Amphiarae,
563 456 687 494 tuum
706 452 809 508 (uec
830 452 970 506 defuit
985 466 1127 503 omen,
1147 453 1305 494 heriles

255 521 388 563 Forte
410 520 450 561 is
471 519 637 573 primus
655 532 796 573 equos
816 524 973 572 stagna
994 519 1052 561 ad
1073 519 1222 562 vicina
1241 518 1466 574 trahebat)

255 587 532 641 Corripiunt:
562 598 670 628 mox
688 586 944 628 Taenarium
963 587 1040 640 qui
1059 585 1290 640 proximus
1310 586 1439 630 Idam

255 656 542 708 AEtolumque
562 652 816 696 Acamanta
838 657 1062 708 premunt:
1090 653 1194 707 fuga
1214 657 1340 697 torva
1359 667 1437 710 per
1454 666 1583 710 agros

256 720 570 775 Cornipedum,
584 720 680 762 visa
701 720 842 762 donec
862 720 1110 762 flammatus
1130 719 1360 763 Aconteus
1621 721 1709 764 590

257 788 411 842 Strage
429 788 586 837 virum,
606 787 679 828 cui
701 778 829 829 sueta
843 787 958 828 feras
978 790 1250 841 prosternere
1265 788 1424 840 virtus,

256 855 424 911 (Arcas
439 852 570 908 erat,)
590 854 745 895 densis
759 854 857 908 jam
876 854 969 897 fida
988 853 1046 895 ad
1070 854 1237 896 moenia
1256 867 1412 898 versas

256 922 511 977 Insequitur
531 921 650 972 telis,
669 922 942 976 multumque
961 921 1122 963 hastile
1143 933 1369 963 resumens

255 989 360 1039 Ter,
381 993 550 1043 quater,
570 987 765 1030 adducto
785 1001 866 1042 per
885 993 1022 1042 terga,
1041 1000 1120 1042 per
1139 988 1219 1029 ilia
1238 988 1328 1031 telo

255 1056 506 1109 Transigit:
537 1055 628 1096 illae
648 1060 799 1096 autem
818 1055 952 1108 longo
973 1068 1074 1097 cum
1097 1055 1236 1097 limite
1255 1055 1342 1098 fusi
1624 1057 1711 1101 595

257 1122 512 1177 Sanguinis,
532 1121 590 1163 ad
610 1127 763 1176 portas
783 1123 1001 1176 utrimque
1022 1122 1221 1165 extantia
1240 1122 1407 1165 ducunt

257 1190 443 1245 Spicula
462 1189 758 1243 semianimeS‚
778 1189 1031 1243 gemituque
1049 1189 1242 1231 imitante
1261 1191 1480 1244 querelas,

258 1258 426 1300 Saucia
444 1256 620 1298 dilectis
640 1257 859 1298 aeclinant
877 1260 1064 1312 pectora
1085 1257 1238 1298 muris.

255 1324 447 1380 Templa
466 1328 614 1379 puteS‚
634 1324 876 1378 urbemque
897 1325 1011 1378 rapi,
1032 1324 1295 1379 facibusque
1313 1302 1516 1369 nefandis

253 1455 433 1506 proecipites
446 1465 550 1492 cursu,
572 1458 604 1488 et
615 1455 804 1495 frendentes
816 1456 968 1489 horrendo
981 1457 1070 1488 modo
1084 1459 1146 1496 tra]
1138 1440 1248 1489 'iciant
1260 1465 1368 1497 agros,
1387 1458 1420 1489 et
1432 1456 1584 1489 invadunt
1596 1463 1713 1495 magna

255 1498 291 1530 vi
314 1502 401 1530 tuum
422 1499 580 1538 aurigam,
603 1508 620 1529 ο
629 1499 848 1547 Amphiarae':
870 1498 941 1541 (nec
962 1498 1061 1538 defuit
1081 1498 1284 1540 praesagium,
1293 1499 1408 1537 forte
1394 1510 1424 1532 ιε
1441 1499 1563 1541 primm
1582 1497 1712 1530 ducebat

252 1550 349 1582 equos
362 1542 479 1572 domini
490 1542 530 1572 ad
543 1540 703 1581 proximas
716 1551 829 1583 aquas.
824 1542 850 1583 ·)
873 1551 947 1574 mox
960 1545 1075 1581 urgent
1090 1542 1179 1574 Idam
1196 1542 1387 1582 rmum-ium,
1400 1543 1454 1583 qui
1469 1550 1565 1583 prope
1578 1543 1659 1581 erat,
1680 1543 1712 1571 et

257 1584 436 1615 Acamanta
449 1584 599 1615 AEtolum.
648 1584 736 1615 Trux
746 1583 838 1634 ’fuga
853 1594 997 1625 equorum
1011 1584 1058 1627 fit
1079 1594 1136 1625 per
1149 1594 1281 1634 campas,
1293 1585 1388 1616 donee
1402 1584 1557 1616 Aeonem
1569 1591 1715 1614 acceium

257 1625 320 1666 ira,
333 1627 416 1658 caede
430 1625 587 1658 hominum
602 1626 682 1666 visa,
701 1626 753 1658 cui
766 1627 858 1658 solita
881 1629 950 1658 erat
964 1627 1140 1659 dexteritas
1163 1626 1346 1665 dejiciendis
1362 1626 1461 1668 feris,
1477 1626 1606 1676 (Arm
1615 1624 1713 1664 eran)

258 1668 434 1709 insequitur
448 1669 520 1700 illas
533 1668 649 1700 crebris
662 1668 790 1709 sagittis
803 1669 874 1709 jam
887 1670 1052 1702 redeuntes
1071 1670 1113 1701 ad
1135 1673 1224 1701 notae
1247 1679 1362 1708 muros,
1387 1673 1419 1702 et
1438 1669 1550 1702 sunnin
1574 1668 1714 1700 vicissim

257 1710 366 1742 multis
381 1712 465 1752 telis,
479 1714 527 1743 ter
536 1715 702 1752 quaterque
716 1712 788 1743 illas
803 1711 979 1762 transfixit,
988 1712 1116 1751 traiecto
1123 1711 1214 1750 ferro
1227 1722 1282 1752 per
1293 1715 1418 1752 tergum
1427 1715 1459 1744 et
1470 1721 1526 1753 per
1540 1710 1608 1742 ilia.
1640 1709 1713 1741 lua

256 1757 359 1785 autem
373 1753 622 1793 semiexeangues
636 1754 750 1793 serunt
765 1755 805 1786 ad
826 1757 933 1796 portas
944 1754 1053 1793 jacula
1067 1755 1223 1795 utrimque
1236 1754 1459 1795 prominentia,
1473 1763 1544 1785 cum
1556 1753 1651 1792 longa
1662 1761 1714 1784 se·

257 1795 338 1827 mita
350 1798 454 1838 sparsi
467 1797 601 1836 cruoris,
614 1800 646 1828 et
662 1797 785 1836 gemitu
798 1797 962 1828 oemulante
975 1800 1127 1838 questum,
1145 1797 1306 1838 applicant
1318 1797 1479 1829 rulnerata
1490 1798 1616 1838 pectora
1627 1793 1714 1826 caris

257 1838 367 1870 muris.
414 1839 565 1871 Crederes
591 1839 719 1871 delubra
743 1839 960 1880 civitatemque
984 1839 1173 1881 expugnari,
1199 1843 1230 1871 et
1256 1840 1361 1872 aemon
1387 1838 1546 1872 Tloebam
1573 1836 1713 1870 comburi

870 1944 1109 1958 NOONOOMOO

258 2013 375 2044 cadunt
390 2021 475 2043 unus
490 2011 613 2043 Behot.
615 2013 722 2043 -586
744 2011 754 2030 ‘
765 2010 845 2043 Sola
856 2011 931 2043 haee
946 2011 1051 2043 verba
1065 2009 1136 2053 (nec
1157 2010 1256 2049 defuit
1271 2008 1375 2052 omen)
1397 2008 1596 2051 parenthesi
1620 2008 1714 2042 elau-

258 2055 373 2086 denda
387 2053 491 2086 sunt!
514 2054 630 2086 Barth.
633 2057 739 2086 -589
760 2053 955 2086 Athamanta
968 2053 1048 2085 edd.
1065 2058 1150 2086 vett.
1172 2053 1373 2086 Achamanta
1389 2053 1478 2084 Dan.
1493 2052 1575 2085 Put.
1590 2055 1628 2084 et
1648 2051 1716 2084 Pe·

259 2101 330 2129 tav.
352 2097 533 2129 Adamanta
548 2106 664 2136 margo
688 2097 742 2128 ed.
769 2096 888 2128 Barth.
915 2105 959 2127 ex
985 2096 1104 2128 codice
1128 2096 1372 2137 manuscripto.
1373 2098 1480 2127 -590
1504 2094 1715 2136 Cornipedem

257 2139 328 2171 visa
342 2144 407 2171 est.-
429 2141 539 2178 donec,
557 2141 611 2180 ᾅτ.
635 2139 724 2172 Dan.
747 2139 829 2175 Pnt.
857 2138 981 2171 Petav.
1008 2139 1114 2180 Lang.
1139 2139 1242 2171 Laur.
1270 2138 1399 2170 Buslid.
1415 2137 1568 2180 Lipaian.
1584 2141 1622 2169 et
1635 2135 1716 2169 edd.

259 2187 345 2214 vett.
359 2181 397 2214 τὸ
421 2186 468 2214 est
493 2191 559 2213 non
583 2173 711 2213 habent
737 2182 868 2223 aliquot
890 2181 1069 2213 Barthiani
1084 2186 1120 2213 et
1135 2182 1276 2213 Behott.
1292 2183 1323 2213 1.
1337 2183 1371 2213 2.
1386 2190 1461 2213 curn
1478 2179 1558 2213 edd.
1570 2178 1716 2212 Amstel.

260 2225 414 2257 Gronov.
439 2225 557 2256 Barth.
584 2224 695 2256 Veen.
719 2228 756 2255 et
773 2224 910 2279 Delph.
952 2224 1168 2256 ‘Veritatem
1191 2225 1255 2255 hoc
1280 2224 1356 2256 loco
1385 2223 1538 2256 restituit
1565 2221 1714 2262 optimus

257 2267 444 2299 librorum:
470 2267 676 2308 Cornipedum
690 2266 770 2298 visu.
773 2265 918 2298 Barth
920 2269 1027 2298 —592
1052 2266 1154 2298 Aldd.
1170 2266 1279 2298 Coiiu.
1296 2264 1713 2307 Gryph.etBasi1.ver-aae.

258 2312 367 2341 ——594
390 2311 497 2350 Lang.
526 2311 629 2341 Laur.
653 2309 787 2341 Busiid.
812 2309 963 2349 Lipsian.
992 2310 1085 2342 Dan.
1102 2310 1182 2341 Put.
1198 2310 1321 2341 PetaV.
1338 2312 1374 2340 et
1389 2307 1468 2340 edd.
1483 2311 1570 2340 vett.
1589 2305 1717 2348 peritia

247 2351 354 2388 ferro.
397 2352 460 2383 ‘In
477 2351 550 2384 ains
566 2352 691 2392 legitur
708 2353 790 2383 teto.-
812 2351 958 2391 inscite3
978 2351 1052 2391 jam
1064 2352 1153 2383 enim
1166 2351 1255 2383 dixit
1276 2350 1373 2383 telis:
1400 2350 1520 2382 Barth.
1543 2350 1603 2382 telo
1621 2348 1717 2380 exhi-

257 2393 343 2427 bent
357 2395 498 2427 Behott.
516 2397 547 2426 1.
563 2397 596 2427 2.
620 2394 766 2427 Amstel.
793 2395 946 2427 Gronov.
970 2394 1089 2427 Barth.
1106 2394 1212 2426 Veen.
1235 2398 1271 2426 et
1297 2394 1422 2435 Delph.
1424 2395 1529 2425 -595
1555 2390 1717 2425 'transicit

916 2489 1058 2523 NOTAE

303 2557 366 2586 585
391 2552 525 2595 Impete]
558 2554 625 2585 Pro
654 2553 797 2596 impetu.
839 2554 898 2587 Sic
925 2557 963 2587 et
1058 2557 1123 2587 592
1144 2553 1246 2586 Arcas
1259 2552 1343 2594 erat]
1381 2551 1535 2585 Arcade·
1554 2550 1644 2583 enim
1662 2559 1717 2582 sa·
1744 2556 1748 2559 ·

263 2604 455 2636 Lucretius.
1014 2604 1163 2646 gittandi
1180 2604 1390 2647 peritissimi.
1433 2603 1518 2635 Fida
1531 2603 1573 2635 ad
1585 2600 1715 2642 Μία]

304 2657 369 2686 686
393 2654 462 2686 Nec
475 2653 576 2693 defuit
590 2657 691 2698 omen]
726 2656 818 2690 Quia
832 2657 961 2698 primus
1014 2654 1162 2687 Thebas.
1195 2653 1260 2687 'Sic
1275 2652 1365 2685 infra
1389 2653 1400 2672 ‘
1414 2651 1550 2684 dilectis
1565 2648 1694 2682 muriae

262 2703 389 2737 ducum
417 2704 520 2746 periit
549 2703 789 2749 Amphiaraus,
811 2710 850 2740 ut
872 2706 963 2740 infra
1057 2707 1123 2738 696
1148 2703 1328 2746 Utrimque]
1353 2702 1466 2744 Supra
1479 2706 1518 2734 et
1533 2698 1636 2732 infra.

263 2754 450 2788 videbitur.
1274 2766 1277 2769 ’
