1858 3112
254 221 369 273 1696

254 338 336 360 num
361 336 458 369 opus.
481 326 577 366 Virg.
611 325 621 344 ⁸
638 324 793 358 Bacchas
818 335 953 366 semper

255 378 446 411 frondentis
472 376 633 409 acanthi.’
666 377 746 410 vid.
766 377 856 410 Plin.
885 377 954 410 Do-

255 429 333 462 mit„

297 482 340 511 40
363 478 530 510 famulare
559 479 686 521 timens]
711 479 850 512 Erravit
879 489 954 520 gra-

252 530 345 561 viter
359 529 511 561 hocloco
524 529 574 560 vir
588 529 724 570 doctus,
734 530 790 572 qni
805 529 954 568 rosamu-

254 581 320 611 lare
344 579 399 611 hic
422 579 562 616 verbum
588 579 736 613 activum
764 589 839 612 esse
866 580 955 612 exis·

254 630 403 670 timavit,
429 639 504 664 nam
529 629 796 669 ‘famularis’et
818 632 828 648 ‘
847 629 954 662 famu-

253 681 326 712 lare
338 679 348 694 ’
365 690 487 715 nomen
502 680 759 715 usitatissimum
775 686 840 712 est.
868 680 955 712 Nos-

255 734 311 762 ter
327 730 507 763 Achilleid.
524 740 565 762 11.
591 731 601 748 ‘
617 731 758 764 Mensas
781 729 954 762 famularis

256 779 355 812 turba
367 784 529 822 torosque
544 780 714 822 Instruit!
759 781 825 812 Est
841 784 954 812 autem

252 830 406 868 famulare
429 831 551 871 timens,
573 831 663 863 idem
689 830 743 862 hic
769 831 858 872 quod
889 831 898 848 ‘
917 830 957 862 ti-

254 890 351 918 mens
381 882 475 912 more
510 880 666 913 famulari
695 885 732 912 et
761 879 955 912 serviliter-,¹

252 930 311 963 Sic
325 931 433 965 Theb.
450 941 502 964 ιν.
519 931 563 964 de
585 932 728 963 Bellona
750 930 819 962 ait:
843 931 855 948 ‘
870 931 957 962 Tur-

253 982 342 1016 male
353 981 525 1023 fremens,²
535 981 570 1013 id
584 986 649 1022 est,
657 983 667 1000 ‘
680 982 790 1013 instar
801 985 920 1013 turmae
934 979 958 1013 :'

255 1033 265 1051 ‘
281 1033 366 1071 Mox
383 1037 419 1066 et
434 1037 545 1065 castra
561 1033 667 1073 subit,
681 1031 843 1075 ferroque
859 1042 956 1064 auro-

254 1092 322 1124 que
359 1083 510 1115 coruscis
540 1083 655 1115 Mixta
687 1083 781 1123 viris,
810 1083 956 1119 turmale

254 1131 398 1168 fremit!
427 1133 560 1171 Gerar-t.
582 1133 676 1173 Auge
700 1132 864 1173 Maenalis]
892 1132 956 1164 Ar-

254 1191 324 1215 cas.
349 1183 439 1215 Nam
467 1178 636 1215 Hercules
651 1183 685 1214 in
703 1183 885 1215 Arcadiam
907 1193 956 1214 re-

254 1242 390 1273 gressus
422 1232 465 1265 ad
496 1232 622 1267 Aleum
652 1242 770 1274 regem
802 1232 957 1273 divertit,

253 1284 353 1325 cujus
377 1283 481 1316 filiam
508 1283 631 1326 Augen
664 1285 752 1316 clam
783 1283 955 1324 gravidam

252 1333 378 1365 factam
406 1335 555 1375 reliquit.
597 1334 742 1366 Invocat
771 1334 955 1366 Herculem

253 1389 294 1416 ut
309 1384 426 1416 veniat
443 1389 511 1419 tam
534 1384 649 1417 hilaris
673 1395 771 1426 quam
787 1383 855 1416 fuit
877 1389 956 1425 post

182 1465 194 1470 ⁴
254 1435 383 1471 coitum
401 1445 476 1469 cum
493 1434 606 1475 Auge,
622 1435 679 1476 qni
696 1435 854 1476 quoniam
868 1435 954 1466 clam

253 1484 334 1525 fuit,
361 1486 488 1526 majore
517 1495 593 1516 eum
624 1483 739 1517 affecit
765 1485 955 1525 voluptate.

257 1535 442 1575 Confectum
458 1535 592 1577 thyasis]
615 1535 756 1567 Lassum
773 1535 955 1567 saltatione

253 1589 289 1622 et
306 1587 548 1619 bacchatione:
572 1596 649 1618 nam
661 1586 800 1627 tllyasus
812 1586 955 1618 bacclia-

252 1635 383 1668 tionem
399 1635 586 1678 significat‚
602 1646 621 1667 a
635 1634 707 1676 θύω,
723 1635 812 1677 qnod
829 1641 882 1668 est
896 1635 954 1667 im-

249 1687 466 1728 petumfacio.
491 1686 623 1719 Domit.

294 1739 337 1769 45
364 1736 514 1778 Thespius
541 1736 697 1777 obstupuit
728 1737 821 1768 toties
852 1736 954 1777 socer]

252 1787 323 1820 Hic
349 1787 606 1827 Thespiensium
636 1787 723 1827 Rex,
750 1796 816 1818 non
848 1786 954 1821 Thes-

253 1838 341 1878 pius,
355 1837 415 1869 sed
426 1838 583 1869 Thestius
595 1842 738 1869 vocatur
755 1837 797 1869 ab
815 1836 954 1878 Apollo·

253 1887 337 1920 doro
359 1888 451 1919 Bibl.
468 1887 529 1920 lib.
543 1897 584 1919 11.
599 1888 696 1928 cujus
723 1893 877 1925 armenta
901 1889 954 1920 leo

252 1937 482 1970 Cithaeronius
508 1937 756 1977 discerpserat:
782 1938 823 1968 ad
854 1948 953 1979 quem

251 1987 527 2029 persequendum
549 1986 744 2028 profectum
768 1988 952 2019 Herculem

250 2036 401 2078 hospitio
431 2037 593 2078 suscepit
615 2046 678 2078 per
706 2033 954 2078 qninquaginta

250 2086 338 2126 dies,
353 2086 453 2128 eique
469 2096 530 2128 pro
546 2087 653 2118 leonis
669 2086 846 2119 interfecti
867 2097 953 2128 prae-

252 2137 321 2169 mio
334 2136 488 2179 quotidie
501 2147 631 2169 nname
641 2140 694 2169 50.
705 2136 839 2169 filiabus
851 2147 953 2178 spon-

251 2186 372 2227 debat,
387 2191 424 2219 et
446 2187 542 2229 quasi
566 2187 735 2219 usuariam
763 2187 953 2228 praebebat.

252 2238 321 2276 Eas
344 2246 427 2273 vero
455 2241 654 2278 susceperat
679 2246 722 2268 ex
746 2237 952 2277 Megamede

250 2286 369 2318 Arnaei
380 2285 462 2327 filia,
474 2292 509 2318 et
520 2286 671 2328 singulas
681 2287 843 2327 praeciara
857 2288 952 2328 prole

251 2342 415 2379 parentes
450 2337 568 2370 videre
602 2338 636 2368 in
666 2337 755 2368 votis
791 2337 951 2371 habebat.

249 2387 425 2419 ἐσπούδασε
439 2386 472 2419 δὲ
487 2386 591 2419 πάσας
602 2387 632 2427 ἐξ
644 2386 832 2429 ’Ἡρακλέους
844 2399 950 2420 τεκνο-

250 2437 448 2475 ποιήσασθαι.
493 2438 604 2470 Porro
621 2438 631 2456 ‘
648 2447 767 2478 vagam
794 2443 929 2471 noctem
942 2438 951 2453 ²

250 2488 404 2527 appellat
429 2487 472 2519 ob
498 2487 716 2519 concubitum
748 2497 881 2529 vagum,
906 2488 949 2520 de

250 2546 318 2577 quo
344 2537 469 2569 Horat.
484 2537 527 2569 ad
551 2538 716 2570 Pisones:
732 2538 742 2556 ‘
757 2538 949 2570 Concubitu

249 2585 431 2627 prohibere
459 2597 558 2628 vago,
582 2587 665 2621 dare
687 2588 767 2630 jura
792 2589 949 2621 maritis.’

185 2674 189 2677 μ
249 2636 379 2668 Mareu.

291 2690 333 2719 45
367 2686 471 2718 Veloci
501 2688 613 2729 lustro]
657 2689 769 2721 Velox
805 2689 947 2722 lustrum

249 2740 327 2768 erat
342 2736 422 2775 illic,
439 2737 597 2778 qnoniam
613 2747 688 2770 cnm
711 2738 882 2780 Olympici
899 2740 948 2770 lu-

248 2785 283 2817 di
298 2790 379 2827 post
399 2786 638 2829 Olympiadem
661 2798 720 2820 seu
736 2789 879 2823 lustrum
895 2799 948 2822 ce·

714 232 855 264 NO‘rAE
887 231 1154 274 VARIORQM
1188 231 1244 276 lN·

1005 325 1130 362 lebrari
1154 325 1297 366 soleant,
1319 323 1389 361 ludi
1411 324 1573 358 Herculis
1593 325 1708 368 singu·

1004 375 1046 409 lis
1076 375 1171 407 annis
1199 376 1231 408 ei
1262 384 1283 407 a
1304 375 1418 413 Pollio
1440 375 1704 414 exhibebantur.

1005 426 1127 459 Domie.

1046 480 1089 509 46
1113 476 1180 509 Hic
1195 476 1331 518 templis]
1353 477 1526 518 Nepotem
1541 476 1646 514 Pollii
1661 486 1707 513 ex

1004 527 1117 559 Pollia
1145 527 1247 561 tiliam
1274 527 1449 567 intelligit,
1469 527 1528 568 qui
1551 537 1637 569 puer
1651 537 1706 564 aa·

1005 579 1126 611 cei-dos
1143 578 1296 611 initiatus
1313 582 1388 613 erat
1403 578 1560 620 Herculi,
1571 579 1637 613 boc
1651 583 1707 612 est

1005 629 1094 669 quod
1111 629 1230 665 scribit
1246 629 1434 669 Diodorus,
1448 629 1481 660 in
1498 639 1582 670 agro
1596 630 1707 663 Ῑιοοιιφ

1006 679 1078 711 tino
1107 679 1203 710 ludos
1229 678 1430 720 olympicos
1453 679 1631 716 institutos
1653 677 1707 717 fn·

1006 728 1071 761 isse
1102 729 1258 769 Herculi,
1294 730 1467 770 palaestrae
1502 729 1638 767 ,scilicet
1670 733 1708 762 et

1006 788 1184 820 equorum,
1197 783 1290 811 tanta
1301 780 1446 815 numinis
1459 780 1656 821 prasentia,
1666 783 1706 815 ut

1006 829 1034 860 si
1046 829 1369 870 intermitterentur,
1382 830 1479 872 pueri
1490 830 1580 865 illius
1592 839 1706 865 sacer-

1006 877 1103 910 dotes
1118 879 1203 911 muti
1218 879 1351 920 fierent,
1367 890 1434 922 quo
1449 873 1569 916 morbo
1584 881 1708 917 libera·

1005 927 1132 961 bantur
1160 930 1259 965 simul
1286 939 1327 962 ac
1355 939 1452 965 sacra
1486 929 1706 973 repetebant.

1006 979 1074 1015 Hic
1089 989 1223 1021 qnoque
1239 989 1325 1021 puer
1335 983 1388 1013 est
1399 979 1560 1017 sacerdos
1572 980 1708 1020 Hercu,

1005 1029 1059 1070 lis,
1076 1034 1113 1061 nt
1128 1034 1203 1062 erat
1218 1030 1252 1062 in
1265 1039 1348 1072 agro
1363 1030 1541 1066 Leontino.
1562 1024 1663 1066 Idmss

1008 1107 1010 1109 ,
1048 1083 1090 1112 48
1120 1082 1225 1123 Atque
1239 1082 1417 1115 exanimata
1430 1083 1564 1124 doleres]
1590 1082 1707 1116 Quare

1006 1129 1091 1162 dicit
1108 1131 1294 1163 Herculem
1319 1132 1468 1164 doluisse
1483 1132 1651 1167 dracones
1665 1133 1704 1165 it„

1005 1179 1056 1211 los
1085 1189 1105 1211 a
1132 1190 1168 1212 se
1198 1181 1352 1213 occisos?
1397 1181 1613 1223 Interpretes
1642 1182 1707 1222 lton

1006 1228 1160 1262 referunt
1173 1230 1215 1263 ad
1226 1231 1492 1273 magnitudinem
1502 1231 1606 1267 animi
1617 1232 1708 1269 Her·

1006 1281 1091 1312 culis
1107 1281 1216 1314 adhuc
1234 1281 1367 1323 pumili,
1393 1282 1452 1324 qui
1477 1281 1618 1318 dolebat
1633 1283 1708 1316 bos·

1005 1334 1057 1362 tes
1070 1340 1146 1363 suos
1167 1340 1243 1362 esse
1270 1335 1431 1368 mortuos,
1456 1331 1547 1373 quod
1573 1331 1706 1372 signum

1005 1389 1178 1420 generosae
1196 1380 1320 1414 indolis
1335 1387 1399 1421 est,
1411 1381 1708 1423 quemadmodum.

1003 1431 1013 1448 ‘
1030 1431 1177 1463 Hostem
1204 1432 1420 1473 magnanimo
1442 1431 1525 1469 satis
1550 1436 1605 1464 est
1628 1442 1708 1474 pro—

1005 1486 1130 1513 strasse
1158 1482 1272 1517 leoni:
1317 1482 1385 1517 Sed
1409 1483 1509 1524 lange
1525 1483 1594 1517 alia
1612 1493 1708 1518 mens

1004 1532 1116 1573 Statii,
1131 1533 1188 1574 qui
1205 1533 1370 1574 puerilem
1392 1533 1554 1575 Herculis
1567 1530 1708 1572 infantis

1004 1582 1258 1624 simplicitatem
1281 1584 1538 1624 elegantissime
1566 1594 1707 1626 expres,

1005 1635 1061 1666 sit.
1104 1635 1213 1668 Moris
1228 1636 1306 1668 olim
1323 1640 1399 1668 erat
1415 1641 1452 1669 nt
1463 1631 1613 1669 infantes
1629 1647 1706 1671 cum

1005 1685 1227 1726 draconibus,
1241 1697 1326 1728 quos
1342 1696 1475 1721 veneno
1489 1697 1609 1721 carere
1623 1689 1707 1722 scri-

1006 1734 1055 1770 bit
1071 1736 1217 1777 Plinius,
1233 1737 1458 1773 colluderent.
1489 1737 1592 1770 Unde
1606 1738 1706 1774 Εὕα-

1007 1796 1068 1821 nus
1098 1787 1131 1818 in
1163 1787 1258 1821 varia
1289 1787 1419 1821 Histor.
1452 1792 1570 1821 narrat
1597 1790 1706 1823 multa

1005 1837 1173 1871 miracula
1188 1837 1372 1870 draconum
1388 1847 1512 1879 pueros
1524 1843 1561 1871 et
1572 1838 1705 1879 puellas

1005 1887 1200 1921 amantium.
1227 1889 1273 1920 Et
1286 1888 1428 1920 similem
1438 1887 1603 1921 describit
1615 1888 1706 1921 Nos·

1005 1943 1060 1970 ter
1077 1938 1187 1970 Theb.
1205 1948 1239 1971 v.
1266 1939 1402 1970 Gevart.

1046 1992 1086 2020 65
1112 1988 1265 2028 Profugit
1277 1999 1346 2020 cum
1359 1988 1502 2030 regibus]
1545 1988 1602 2022 Ad
1625 1989 1705 2022 Ari-

1005 2037 1102 2071 tiam.
1146 2039 1354 2070 Barbaricus
1376 2048 1447 2071 mos
1463 2043 1553 2080 erat,
1569 2044 1608 2072 ut
1621 2040 1704 2072 scri-

1004 2089 1056 2124 bit
1082 2089 1228 2123 Strabo:
1259 2099 1338 2122 nam
1365 2089 1422 2130 qui
1442 2090 1570 2130 primus
1599 2090 1706 2124 hosti.-

1004 2149 1056 2171 am
1070 2139 1257 2179 mactabat,
1270 2139 1429 2171 sacerdos
1451 2139 1703 2181 appellabatur.

1002 2190 1100 2223 Servi
1123 2189 1166 2222 de
1191 2191 1318 2223 horrore
1345 2190 1526 2229 certabant
1555 2189 1704 2232 fugitivi,

1003 2241 1212 2283 singulisque
1227 2241 1322 2273 annis
1337 2241 1382 2281 ei,
1402 2240 1459 2283 qui
1475 2244 1636 2278 tenuerat
1650 2251 1702 2273 sa-

1003 2291 1207 2330 cerdotium,
1218 2291 1417 2324 certandum
1429 2296 1518 2332 erat,
1527 2301 1605 2324 num
1617 2292 1703 2323 alius

1003 2341 1113 2373 victor
1134 2341 1354 2374 succedebat.
1407 2342 1455 2374 Hi
1484 2335 1703 2383 appellaban-
1760 2385 1763 2387 ι

1003 2396 1059 2423 tur
1085 2401 1199 2432 reges,
1224 2397 1260 2423 et
1286 2391 1423 2433 quidem
1451 2391 1698 2425 Nemorensesz

1001 2451 1078 2474 uam
1106 2442 1176 2473 illic
1205 2445 1282 2473 erat
1309 2451 1440 2481 nemus,
1468 2442 1559 2474 unde
1590 2443 1703 2481 Diana

1003 2490 1225 2522 Nemorensis
1242 2491 1335 2523 dicta
1350 2496 1416 2524 est.
1440 2492 1564 2525 Domit.

1043 2544 1084 2573 57
1106 2542 1210 2573 Lacus
1236 2543 1375 2574 conscius
1402 2542 1586 2585 Hippolyti]
1612 2543 1700 2576 Nam

1002 2596 1198 2622 revocatum
1223 2591 1266 2622 ab
1281 2590 1404 2623 Inferis
1427 2601 1493 2632 ope
1514 2592 1701 2634 AEscrulapii

1001 2640 1229 2682 Hippolytum
1253 2642 1367 2674 Diana
1390 2642 1578 2675 occultavit
1592 2643 1626 2674 in
1641 2653 1700 2676 ne·

1001 2699 1094 2722 more
1123 2689 1278 2731 Aricino,
1309 2690 1400 2724 unde
1431 2692 1508 2732 equi
1526 2696 1702 2735 arcentur,

1001 2740 1159 2781 quoniam
1182 2740 1223 2772 ab
1247 2741 1298 2772 liis
1320 2741 1399 2774 olim
1415 2739 1531 2774 fuerat
1547 2743 1700 2786 discerp-

1002 2796 1068 2828 tus,
1091 2795 1298 2833 putaturque
1317 2791 1389 2824 illic
1411 2792 1526 2836 vivere
1541 2794 1574 2825 in
1589 2796 1702 2828 occul.
