1846 3120
245 206 359 250 1152

243 314 366 356 Arva
387 313 500 363 sinu,
521 310 718 365 nullique
737 309 837 352 aliis
858 322 887 351 a
905 307 1131 350 montibus
1150 309 1332 352 obstant

718 215 786 254 ¹P.
821 212 1010 245 PAP1N11
1043 210 1210 247 STATJI

1614 309 1703 355 44⁵

240 382 522 435 Despectus:
551 392 631 420 nec
649 378 784 432 longa
801 377 929 419 labor
949 375 1188 418 munimina
1205 376 1341 418 durus

240 447 455 490 Addidit:
484 447 588 500 ipsa
609 446 710 488 loco
729 445 888 487 mirum
908 442 1086 486 Natura
1104 444 1302 486 favebat.

243 516 298 557 In
319 514 486 557 vallum
505 514 636 556 elatae
656 526 804 567 rupes,
827 513 1086 568 devexaque
1105 511 1245 556 fossis

241 582 407 636 AEqua,
429 585 475 624 et
491 581 668 623 fortuito
689 580 838 622 ductae
857 584 1014 634 quater
1033 592 1189 634 aggere
1206 579 1379 634 pinnae:

241 648 406 691 Cetera
425 648 527 693 dant
546 648 651 704 ipsi,
671 648 814 691 donec
832 648 901 691 sol
921 647 1150 691 montibus
1175 647 1317 690 omnis

1615 647 1701 690 450

239 715 436 770 Erepsit,
456 716 677 770 rebusque
697 714 819 758 dedit
836 728 973 770 sopor
993 715 1088 758 otia
1107 714 1251 758 fessis.

240 782 356 834 Quis
377 787 517 837 queat
535 782 748 825 attonitas
769 783 899 827 dictis
918 782 1147 825 ostendere
1164 782 1341 827 Thebas
1353 783 1374 826 'i
1404 790 1406 792 ’

239 850 410 892 Urbem
428 851 473 893 in
491 853 739 905 conspectu
757 851 868 894 belli
889 863 1097 905 suprema
1116 853 1341 906 parantem

237 916 431 959 T‘erritat
449 918 695 962 insomnem
713 931 808 961 nox
828 921 938 970 atra,
954 917 1159 973 diemque
1177 918 1380 962 minatur.

240 984 502 1027 Discurrunt
519 986 684 1029 muris:
714 986 778 1029 nil
798 988 974 1041 septum
991 986 1170 1029 horrore
1190 987 1275 1029 sub
1295 986 1390 1039 illo,

1613 987 1700 1030 455

239 1050 321 1093 Nil
335 1051 473 1095 fidum
491 1054 618 1104 satiS‚
637 1053 937 1109 invalidaeque
957 1052 1223 1108 Amphionis
1242 1067 1382 1097 arceS.

239 1118 411 1162 Rumor
428 1120 598 1176 ubique
619 1121 754 1173 altus,
775 1121 1012 1176 pluresque
1031 1123 1258 1166 annuntiat
1272 1123 1441 1174 hosteS‚

236 1240 356 1269 montes
375 1237 565 1278 despiciunt,
586 1242 619 1271 et
639 1239 816 1273 imminent.
859 1239 928 1272 Nee
950 1240 1080 1273 molesta
1100 1251 1194 1284 opera
1207 1239 1321 1280 adiecit
1342 1240 1437 1281 longa
1455 1238 1698 1282 propugnacula,

234 1281 312 1310 adeo
327 1283 442 1312 natura
447 1280 572 1319 fecerat
587 1284 774 1314 commodum
788 1285 897 1315 locum.
944 1282 1069 1324 Scopuli
1082 1284 1286 1325 erigebantur
1298 1284 1331 1315 in
1344 1285 1469 1315 modum
1481 1283 1558 1320 ulti
1565 1282 1586 1320 ‚⁰⁴
1603 1282 1698 1315 deeli-

235 1322 289 1353 via
302 1323 482 1364 supplebant
495 1324 594 1356 vicem
598 1324 772 1365 fossarum,
788 1328 819 1357 et
833 1328 965 1367 quatum*
975 1336 1066 1368 rupes
1079 1328 1114 1358 in
1129 1328 1251 1358 modum
1265 1326 1403 1358 turrium
1413 1326 1619 1368 pinnatarum
1625 1325 1697 1363 for-

235 1368 329 1396 matoe
343 1369 435 1397 erant
440 1366 581 1406 fortuito
595 1377 723 1408 aggere.
769 1368 838 1410 Ipsi
852 1369 973 1400 addunt
987 1370 1121 1412 reliqua,
1146 1371 1241 1402 donee
1261 1372 1345 1401 totus
1368 1369 1415 1401 sol
1436 1369 1552 1401 sensim
1571 1367 1698 1409 reliquit

236 1408 388 1439 montium
401 1410 574 1451 cacumina,
597 1414 628 1442 et
650 1420 774 1442 somnus
787 1412 899 1443 attulit
911 1412 1045 1453 quietem
1059 1412 1215 1444 laboribus
1227 1421 1343 1444 eorum.
1388 1411 1469 1448 Quis
1480 1410 1580 1453 possit
1595 1410 1699 1443 verbis

234 1451 409 1491 exprimere
423 1452 699 1485 consternationem
716 1454 928 1486 Thebanorum
937 1458 951 1487 ,⁹
971 1455 1067 1495 nigra
1080 1464 1145 1487 nox
1158 1455 1291 1494 perculit
1304 1454 1480 1494 formidine
1499 1453 1630 1495 uigilem
1643 1462 1697 1485 nr-

235 1492 315 1533 bem,
328 1496 359 1525 et
373 1503 406 1526 se
418 1495 459 1526 ad
474 1498 616 1528 extrema
636 1500 804 1545 parantem
826 1496 862 1529 in
881 1501 1046 1538 conspeetu
1070 1498 1215 1535 hostium,
1229 1501 1261 1529 et
1275 1498 1413 1530 intentat
1426 1498 1521 1530 diem.
1565 1495 1699 1529 Discur-

234 1539 311 1567 runt
325 1546 379 1577 per
393 1538 516 1569 moenia.
561 1539 599 1570 N
599 1538 656 1571 ihil
669 1540 806 1572 clausum
817 1543 865 1572 est
879 1540 915 1572 in
930 1541 985 1571 illo
1003 1550 1127 1582 pauore,
1142 1540 1223 1572 nihil
1236 1540 1318 1572 satis
1331 1543 1446 1577 tntum,
1468 1543 1500 1572 et
1513 1547 1603 1571 arces
1617 1539 1697 1572 Am-

230 1578 357 1618 phionis
374 1579 518 1613 videntur
529 1581 676 1624 infirmoe.
719 1583 868 1616 Murmur
882 1582 995 1624 ubique
1008 1592 1167 1625 magnum,
1191 1586 1222 1617 et
1236 1586 1337 1616 metus
1351 1582 1448 1623 refert
1466 1583 1572 1624 phares
1585 1581 1699 1623 noun,

234 1729 363 1769 ter-‚gna
399 1729 597 1764 Dum-445
640 1732 730 1766 Arva
759 1733 825 1766 situ
857 1733 1006 1775 optimus
1035 1732 1360 1767 Bathinum—44⁷
1393 1732 1556 1776 Optimus
1584 1734 1695 1768 codex

235 1771 370 1802 Barthii
396 1772 478 1811 loei;
509 1774 601 1815 quod
626 1774 684 1808 ille
697 1776 834 1817 probat.
851 1786 973 1809 mur-mn
987 1785 1051 1817 pro
1063 1776 1178 1809 mirum
1191 1786 1278 1809 unus
1288 1777 1521 1810 Bellon-451
1546 1777 1699 1820 nerem

235 1813 390 1864 coi-regit
417 1815 498 1848 Nic.
525 1816 688 1850 Heinsius
717 1819 752 1851 in
779 1818 927 1852 Advers.
955 1818 1014 1853 lib.
1037 1827 1080 1851 11.
1105 1828 1183 1861 cap.
1197 1822 1251 1852 19.
1277 1822 1511 1861 pavie-453
1534 1819 1700 1863 Optimus

233 1857 454 1899 Bartinanus,
477 1868 620 1900 suprema
637 1864 811 1902 paventem.
854 1861 944 1894 Vide
974 1861 1060 1895 Not.
1080 1862 1273 1895 Van—457
1306 1862 1425 1896 ‘Vera
1447 1862 1555 1896 lectio
1576 1867 1631 1896 est
1660 1865 1695 1896 in

894 1946 1042 1980 NOTAE

276 2009 340 2040 445
365 2008 516 2051 Nullique
530 2010 603 2044 aliis
616 2022 637 2044 a
650 2012 804 2045 montibus
813 2012 938 2046 obstant

234 2056 424 2100 Despectus]
454 2058 498 2091 Id
526 2067 592 2102 est,
622 2062 706 2094 nulli
728 2066 860 2094 montes
890 2062 940 2094 al·

233 2107 340 2140 tiores
364 2112 478 2151 erant,
512 2111 572 2153 qui
600 2110 821 2153 despicerent
848 2112 939 2145 hune

232 2158 371 2198 collem,
381 2163 419 2191 et
428 2169 472 2192 ex
488 2161 610 2202 quibus
622 2161 778 2195 infestari
791 2166 940 2205 poterat.

233 2207 380 2251 Gallice,
394 2220 432 2243 ne
446 2211 474 2244 le
486 2213 729 2246 commandoient
742 2214 845 2256 point.

275 2261 341 2291 449
364 2260 411 2292 Et
426 2260 566 2299 fortuito
579 2264 682 2296 duetae
693 2268 803 2306 quater
822 2274 940 2305 aggere

229 2306 351 2350 pinnoe]
374 2310 491 2352 Rupes
516 2317 661 2355 quatuor
681 2315 794 2347 ductae
817 2315 852 2347 in
867 2324 938 2347 mo-

233 2357 314 2389 dum
331 2359 473 2392 turrium
497 2363 726 2404 pinnatarum.

274 2409 340 2440 450
365 2410 479 2443 Cetera
499 2414 577 2446 dant
591 2414 667 2457 ipsi]
691 2415 778 2448 Qnae
794 2413 939 2447 deerant

233 2467 423 2497 castrorum
440 2465 633 2507 munitioni,
655 2476 816 2498 manuum
831 2474 937 2508 opere

233 2513 464 2548 addebantur.

274 2566 339 2596 453
360 2564 450 2597 Belli
463 2575 606 2607 suprema
622 2567 799 2609 parantem]
821 2567 879 2600 Sic
896 2559 939 2600 et‘

233 2615 366 2657 scripti.
409 2616 610 2649 Bernartius
643 2618 788 2658 conjicit
821 2628 935 2661 paven-

232 2669 305 2697 tem.
350 2666 449 2700 Quod
467 2667 664 2709 priusquam
688 2668 855 2710 viderem,
877 2678 936 2701 ve-

232 2720 333 2749 nerat
359 2717 395 2749 in
421 2721 595 2750 mentem:
617 2718 652 2749 in
673 2722 834 2760 conspectu
864 2719 936 2751 belli

232 2778 377 2810 suprema
402 2768 555 2809 parantis.
598 2769 697 2802 Quod
733 2769 765 2801 ei
792 2770 937 2810 parabat

994 2014 1163 2045 extrema.
1219 2010 1324 2054 Apud
1348 2010 1484 2045 Livium
1519 2011 1581 2045 lib.
1610 2020 1699 2046 vm.

994 2061 1121 2094 Fabius
1145 2070 1254 2093 senex
1273 2061 1319 2094 ad
1343 2061 1528 2104 Papinium
1548 2061 1698 2097 dictato-

993 2122 1088 2146 rem:
1111 2113 1122 2132 ‘
1138 2112 1286 2147 Quando
1299 2112 1439 2155 quidem
1452 2113 1546 2156 apud
1569 2117 1618 2156 te,
1630 2123 1695 2148 nee

993 2163 1182 2196 auctoritas
1210 2167 1362 2204 senatus,
1396 2172 1462 2196 nec
1492 2169 1579 2197 ωηο
1607 2173 1698 2205 mea,

993 2215 1047 2247 cui
1061 2214 1245 2247 orbitatem
1261 2222 1372 2255 paras,
1385 2214 1451 2246 ὅτε.
1465 2213 1580 2247 valet?
1611 2213 1697 2247 Gro-

990 2275 1110 2297 novius.

1033 2318 1098 2348 454
1120 2314 1260 2347 Territat
1279 2307 1463 2357 insomnem]
1484 2315 1565 2349 Nox
1590 2319 1696 2358 auget

992 2369 1148 2402 timorem
1160 2367 1333 2409 bellicum,
1347 2370 1386 2399 ut
1398 2374 1499 2400 nemo
1514 2366 1694 2409 quiescere

991 2419 1112 2461 possit.
1156 2418 1313 2460 Diemque
1335 2416 1489 2459 minatur]
1512 2418 1563 2450 Ut
1584 2418 1693 2458 magis

990 2472 1148 2503 metuant
1163 2472 1345 2501 venturam
1374 2467 1479 2501 diem.
1522 2467 1588 2500 Vei
1612 2469 1694 2500 diem

992 2519 1079 2553 dicit
1094 2520 1242 2552 hostium
1258 2529 1334 2552 cum
1350 2517 1484 2552 facibus
1497 2522 1535 2551 et
1548 2515 1694 2551 flammis

991 2570 1187 2603 adventum.
1285 2608 1287 2610 Ι

1033 2623 1099 2654 456
1121 2618 1183 2653 Nil
1194 2620 1301 2664 fidum
1321 2619 1417 2661 satis]
1438 2617 1642 2652 Pei-territis
1657 2627 1692 2650 e-

990 2671 1058 2703 nim
1074 2670 1158 2702 nihii
1174 2670 1258 2702 satis
1272 2673 1384 2702 tutum
1399 2669 1548 2702 videtur.
1582 2670 1586 2673 '

1030 2723 1096 2753 457
1119 2720 1240 2752 Rumor
1258 2719 1371 2761 ubique
1392 2718 1492 2760 altus]
1515 2718 1595 2752 Non
1618 2719 1691 2761 pia-

992 2775 1050 2803 cet
1066 2770 1126 2802 ilie
1138 2770 1235 2812 altus,
1249 2769 1360 2803 scribe
1380 2770 1473 2803 alinae.
1516 2769 1574 2803 Sic
1591 2772 1691 2802 notat
