1846 3120
259 238 372 290 1208

764 253 805 281 P.
839 252 1028 283 PAPINH
1063 253 1229 286 STATH

259 342 279 397 (
289 343 328 384 N
333 356 385 384 ec
406 343 506 384 dum
528 346 621 385 tota
639 343 775 400 fides)
793 346 957 401 hilaris,
976 348 1253 403 mensasque,
1273 354 1500 406 torosque.

262 410 362 451 Nec
382 412 553 452 turbata
573 411 675 452 seris
697 414 901 455 tractavit
918 415 1083 468 pocula
1103 418 1272 470 pennis.

262 476 421 518 Cetera
443 477 678 520 Graiorum
696 481 819 531 ,curis
840 483 1063 537 armisque
1079 483 1264 537 jacebat
1637 487 1641 522 Σ
1684 496 1716 526 w

264 543 407 599 Fessa
427 544 606 587 cohors:
639 546 732 588 alto
752 551 993 590 castrorum
1016 563 1074 590 ex
1091 563 1246 605 aggere
1270 552 1489 596 Adrastus

262 609 490 651 Laetificos
511 612 632 653 tenui
653 614 862 666 captabat
883 615 1013 656 corde
1032 618 1263 668 tumultus,

1631 548 1719 597 260

264 675 669 732 Quanquam:aeger
689 681 839 732 senio;
872 682 951 723 sed
971 684 1061 737 agit
1080 685 1333 729 miseranda
1353 692 1555 741 potestas

263 743 502 796 Invigilare
521 746 648 787 malis
665 762 674 788 :
705 747 827 788 illum
845 761 988 791 aereus
1008 751 1203 806 undiquc
1225 753 1391 795 clamor

262 810 551 866 Thebanique
574 819 701 855 urunt
721 816 906 866 sonitus,
925 820 968 858 et
988 830 1136 859 amara
1157 819 1339 862 lacessit

262 877 414 928 Tibia,
431 883 524 920 tum
544 880 682 922 nimio
699 895 834 923 voces
855 896 1050 925 marcore
1072 887 1291 940 superbae,

263 943 538 1000 In'certaeque
557 947 692 998 faces,
716 954 762 990 et
775 949 868 1003 jam
889 950 1004 991 male
1026 953 1213 1006 pervigil
1233 954 1360 1008 ignis.

264 1011 340 1052 Sic
358 1013 432 1053 ubi
454 1027 531 1067 per
551 1014 711 1057 fluctus
731 1029 817 1058 uno
836 1017 942 1059 ratis
963 1019 1122 1061 obruta
1141 1034 1297 1064 somno

263 1076 506 1130 Conticuit,
527 1082 724 1137 tantique
741 1085 875 1125 maris
897 1098 1051 1128 secura
1063 1087 1275 1142 juventus

264 1144 534 1189 Mandavere
554 1150 748 1203 animas;
778 1152 900 1193 solus
921 1158 1011 1196 stat
1030 1168 1180 1210 puppe
1201 1157 1407 1212 magister

263 1210 476 1267 Pervigil,
493 1215 796 1273 inscriptaque
816 1220 939 1262 Deus
959 1222 1036 1276 qui
1056 1224 1236 1278 navigat
1255 1225 1370 1267 alno.

1625 1189 1721 1267 'mo

252 1330 387 1369 fugatas
393 1330 525 1373 suisse,)
535 1333 626 1365 loetus
640 1334 745 1373 tetigit
757 1338 787 1366 et
803 1346 934 1376 mensas,
949 1337 1112 1379 lectosque,
1123 1349 1160 1369 ac
1171 1343 1314 1372 crateras
1325 1349 1384 1370 non
1399 1338 1531 1377 infectos
1544 1337 1583 1370 ab
1597 1337 1723 1371 acer-bh

262 1372 331 1404 alis.
375 1374 506 1416 Reliqua

224 1440 228 1445 .
261 1414 328 1446 hue.

521 1376 686 1408 multitudo
704 1378 884 1412 Groecorum
890 1379 1035 1420 fatigata
1050 1381 1303 1413 solicitudinibus
1319 1384 1352 1413 et
1375 1381 1476 1414 labore
1498 1380 1571 1413 belli
1584 1381 1717 1415 domnie‘

386 1415 544 1448 Adrastus
556 1428 597 1450 ex
606 1420 726 1451 excelsa
739 1425 909 1453 castrorum
921 1423 1076 1463 crepidine
1090 1424 1267 1464 excipiebat
1281 1424 1376 1455 anxio
1388 1427 1512 1464 pectore
1525 1423 1717 1456 eae-nantem

260 1458 434 1498 strepitum,
450 1469 623 1501 quanquam
636 1462 792 1494 invalidus
805 1464 850 1495 sit
863 1468 1018 1497 senectute
1029 1476 1042 1502 ,·
1064 1467 1118 1497 sed
1132 1466 1246 1505 irffelix
1262 1466 1432 1498 dominatio
1445 1476 1514 1498 eum
1527 1466 1611 1506 cogit
1627 1465 1718 1498 mli:

259 1503 415 1532 attentum
429 1503 540 1534 ducere
553 1503 719 1536 insomnem
734 1509 864 1538 noctem.
894 1507 990 1538 Illum
1013 1508 1219 1548 cymbalorum
1241 1509 1372 1550 undique
1394 1510 1533 1549 clangor,
1547 1512 1577 1540 et
1596 1510 1718 1540 sonitus

265 1542 402 1574 Thebani
413 1546 604 1582 excruciant,
618 1550 649 1578 et
664 1548 789 1580 molesta
804 1549 896 1586 angit
911 1549 1000 1590 tibio,
1023 1554 1088 1582 tum
1103 1553 1250 1583 clamores
1264 1552 1362 1583 nimia
1375 1551 1526 1582 ebrietate
1537 1551 1719 1591 insolentes,

261 1588 293 1616 et
306 1586 462 1626 ambigua
476 1589 622 1629 lucernae,
636 1599 673 1620 oc
683 1590 755 1628 jam
776 1593 855 1623 male
868 1601 985 1631 pernox
1000 1593 1097 1633 ignis.
1133 1594 1189 1625 Sic
1201 1604 1269 1625 cum
1290 1603 1350 1636 per
1363 1595 1462 1626 undas
1476 1594 1566 1625 navis
1577 1602 1720 1634 oppressa

258 1627 334 1668 pari
346 1638 452 1670 sopore
466 1630 627 1671 obmutuit,
641 1635 672 1663 et
691 1632 786 1673 pubes
801 1634 883 1665 nihil
901 1635 1024 1667 solicita
1039 1637 1076 1667 de
1098 1640 1162 1668 tam
1176 1636 1273 1685 infido
1287 1646 1407 1677 <equore
1420 1635 1559 1677 cupivere
1573 1635 1719 1681 animas}

262 1673 360 1703 nauta
388 1672 470 1703 solus
492 1677 558 1704 stat
575 1673 608 1705 in
628 1684 729 1716 puppe
749 1676 897 1717 vigilans,
922 1680 952 1708 et
974 1688 1085 1710 numen
1101 1679 1175 1711 navi
1195 1679 1394 1721 inscriptum,
1415 1679 1496 1720 quod
1519 1677 1717 1718 transfretat.

1087 1763 1106 1775 O

261 1811 292 1839 et
324 1810 540 1843 sensim—258
570 1811 679 1846 Codd.
711 1813 954 1857 Lindenbrogii
984 1816 1209 1856 pinnis—264
1243 1815 1438 1858 Thebanique
1471 1819 1566 1848 ruunt
1587 1815 1718 1866 ‚Pan-

225 1871 227 1873 -
261 1853 325 1886 26⁷
360 1853 522 1884 Nonnulli
554 1855 654 1887 codd.
686 1856 747 1887 imo
779 1858 872 1890 ratis.
930 1858 1017 1891 Vide
1052 1860 1144 1892 Dan.
1176 1859 1352 1891 Heinsinm
1391 1858 1434 1890 ad
1476 1858 1653 1891 Claudian-
1682 1867 1717 1907 in

264 1893 408 1936 Eutrop.
426 1905 466 1927 ιι.
480 1899 556 1928 285.
594 1897 662 1929 Pro
681 1899 792 1930 obruta
819 1899 901 1932 Put.
925 1901 1030 1933 habet
1044 1903 1254 1935 obvia—268
1276 1902 1287 1920 ⁴
1304 1902 1343 1933 In
1361 1901 1497 1942 optimis
1512 1901 1719 1933 membranis

265 1940 384 1978 aperte
398 1939 564 1980 scriptum
579 1945 652 1972 est:
676 1942 827 1983 tacitique>
848 1942 946 1975 moris
959 1955 971 1981 ‚·
993 1944 1083 1987 quod
1108 1954 1175 1977 nou
1191 1945 1296 1976 ausim
1313 1946 1486 1986 damnare,
1498 1944 1581 1977 licet
1595 1943 1716 1976 eadem

923 2027 1064 2062 NOTAE

306 2089 369 2119 257
398 2086 466 2118 Nec
486 2088 560 2119 dum
580 2091 647 2120 tota
662 2089 764 2131 fides]
787 2090 965 2123 Metuebat

264 2136 353 2168 enim
382 2146 425 2168 ex
447 2138 548 2179 longa
570 2140 818 2172 consuetudine
832 2140 964 2173 reditu-

263 2196 331 2219 ras.
363 2186 432 2219 Vet.
449 2187 554 2219 schol.
598 2188 748 2221 Pulchre
775 2190 819 2222 de
845 2191 964 2223 eodem

1018 2101 1060 2124 eo
1076 2093 1230 2134 pluribus
1245 2093 1336 2125 euris
1352 2092 1514 2134 agitatur.

1059 2146 1122 2176 263
1149 2144 1247 2176 Illum
1261 2153 1373 2183 oereus,
1386 2142 1456 2184 35⁶²]
1494 2143 1547 2174 Ex
1563 2142 1716 2184 superio-

1016 2193 1110 2224 ribus
1126 2194 1287 2234 repetita.
1332 2192 1442 2234 Illam]
1464 2192 1670 2225 Adrastum.

263 2237 424 2270 Valerius
446 2239 590 2271 Flaccus
612 2240 671 2272 lib.
694 2251 729 2273 v.
751 2242 761 2260 ⁴
779 2242 858 2283 Ipse
875 2243 964 2275 inter

263 2287 407 2327 medios,
437 2298 501 2321 ceu
537 2288 646 2322 dulcis
681 2291 828 2332 imagine
856 2293 963 2325 somni

264 2339 380 2371 Lamus
397 2339 440 2371 ad
455 2339 571 2372 oblitae
588 2341 723 2374 Cereris
740 2343 890 2384 suspirat
903 2344 962 2376 lio-

262 2388 403 2421 norem!
458 2389 634 2423 Somniare
671 2392 760 2424 enim
790 2393 865 2434 sibi,
894 2403 962 2426 non

263 2448 336 2470 rem
351 2442 481 2470 certam
498 2439 628 2480 videre,
642 2442 834 2475 videbatur.

306 2491 371 2521 259
399 2490 494 2521 Curis
512 2491 680 2533 armisque]
705 2492 762 2525 Ob
788 2492 961 2526 infelicem

263 2548 389 2580 pugnae
415 2550 624 2579 successum,
645 2547 681 2574 et
703 2544 864 2576 horribile
883 2554 960 2587 por-

264 2593 412 2621 tentum.

305 2642 367 2671 261
415 2640 574 2681 Loetificos
609 2644 776 2685 tumultus]
820 2644 961 2677 Scilicet

265 2699 348 2732 quos
364 2690 516 2721 Thebani
533 2691 694 2726 edebant.

230 2777 236 2780 ,
306 2742 370 2771 262
397 2740 582 2773 Miseranda
604 2743 757 2783 potestas]
794 2745 872 2778 Quo
888 2746 962 2787 quis

265 2790 354 2824 enim
382 2790 504 2832 majori
525 2791 693 2832 dignitate
713 2794 879 2836 praeditus
894 2801 961 2837 est,

1058 2247 1123 2276 266
1147 2244 1235 2275 Male
1245 2244 1384 2284 pervigil
1396 2243 1497 2284 ignis]
1511 2243 1551 2274 Id
1566 2248 1631 2284 est,
1647 2252 1715 2275 non

1016 2294 1236 2335 pervigilans,
1265 2293 1343 2335 quia
1367 2297 1543 2325 contemtu
1568 2292 1715 2334 Argivo·

1017 2353 1091 2375 rum
1106 2343 1257 2376 Thebani
1275 2342 1407 2383 vigilias
1418 2352 1486 2374 non
1499 2342 1680 2388 curabant.

1058 2397 1122 2426 269
1150 2393 1358 2434 Mandavere]
1397 2394 1408 2412 ⁶
1437 2392 1603 2424 Mandare
1618 2391 1628 2406 ⁸
1658 2393 1714 2426 hic

1015 2449 1099 2477 nota
1125 2443 1374 2485 significatione
1395 2448 1462 2484 est,
1488 2443 1713 2477 committere.

1014 2495 1202 2536 Eleganter
1216 2493 1332 2535 itaque
1348 2491 1507 2524 mandare
1522 2492 1649 2525 animas
1661 2493 1712 2526 di-

1015 2550 1138 2578 cuntur
1157 2545 1360 2586 navigantes
1375 2553 1451 2575 cum
1473 2543 1656 2584 dormiant,
1671 2545 1714 2576 si*

1015 2596 1150 2637 quidem
1177 2595 1392 2627 committunt
1421 2594 1525 2625 vitam
1553 2594 1714 2625 nauclero

1016 2646 1181 2687 vigilanti.
1212 2645 1371 2677 C'rueeus.⁴
1403 2644 1531 2675 Forsan
1547 2642 1712 2675 subintel-

1015 2696 1141 2736 ligitur,
1156 2694 1275 2737 quieti.
1317 2695 1457 2726 Lucret.
1480 2701 1531 2724 iv.
1554 2693 1622 2724 ‘Et
1644 2691 1713 2724 fea-

1014 2755 1087 2778 sum
1103 2754 1229 2787 corpus
1244 2743 1407 2776 mandare
1422 2740 1552 2785 quieti-⁵
