1858 3112
220 239 335 282 1704

223 342 360 382 Gronov.
375 341 411 372 in
423 339 565 372 Diatrib.

264 394 307 423 76
331 390 435 430 Plias]
447 389 600 426 Pliades,
611 392 651 421 ut
666 389 798 431 antiqui
815 393 921 421 astro-

220 442 291 484 logi
318 441 485 481 scribunt,
511 439 591 472 filiae
620 440 758 473 fuerunt
772 440 922 472 Atlantis

224 496 260 523 et
274 491 433 523 Pleiones
456 495 602 531 septem,
617 491 738 532 quibus
751 500 811 532 per
823 492 924 522 Boeo-

223 542 305 572 tiam
333 540 399 571 iter
418 539 621 572 facientibus
649 541 756 573 Orion
781 541 848 573 vim
872 541 922 572 in-

222 590 314 623 ferre
330 591 460 623 voluit:
484 591 544 623 sed
560 601 636 623 cum
653 590 834 632 fugissent,
848 601 923 633 sep-

222 645 293 674 tem
308 642 405 673 annis
421 651 479 673 eas
496 641 671 674 insecutus
688 647 762 681 est;
785 651 849 674 nec
865 652 923 683 po·

224 691 293 723 tuit
318 691 481 732 reperire.
523 691 659 733 Jupiter
681 692 811 732 puellas
825 691 925 722 mise·

224 746 331 782 ratus,
342 741 375 773 in
391 742 509 773 caelum
526 742 713 781 transtulit,
724 741 765 772 ad
781 741 924 773 caudam

224 792 338 824 Tauri.
381 792 542 831 Vergilia>
566 802 585 823 a
602 793 725 823 nostris
741 792 925 833 appellatae

225 842 314 884 quod
333 848 410 883 post
427 851 487 884 ver
501 846 712 883 appareant:
737 842 826 884 quod
844 846 927 874 tem-

226 901 292 933 pus
304 891 461 932 quoniam
473 891 606 922 initium
621 891 846 932 navigationis
862 897 928 929 est,

226 941 368 974 Pliades
397 942 548 974 nonnulli
573 942 757 974 dixerunt:
783 952 803 974 a
821 940 929 974 πλέειν

228 991 319 1033 quod
339 995 393 1023 est
416 992 578 1033 navigare.
625 993 751 1024 Earum
783 1002 826 1024 ex
849 997 927 1024 ortu

229 1045 332 1073 aestas
371 1042 597 1083 significatur,
645 1053 767 1075 occasu
800 1043 930 1085 hyems.

230 1092 317 1123 Tunc
330 1092 454 1133 nubila]
479 1093 575 1124 Tunc
591 1097 823 1134 tempestuosa
835 1092 929 1125 facta

229 1145 285 1172 est
309 1151 385 1173 cum
402 1147 482 1174 ante
498 1151 563 1173 non
580 1147 684 1175 esset.
728 1143 831 1175 Pecus
854 1144 929 1175 Ole-

228 1192 329 1233 nium]
350 1193 507 1234 Capellae
528 1198 566 1225 et
590 1193 708 1225 hoedos
725 1193 866 1226 Olenios
881 1194 930 1224 in-

229 1243 367 1284 telligit,
378 1244 482 1285 sydus
492 1248 773 1286 tempestuosum.
796 1244 929 1286 AEgium

229 1293 319 1324 enim
349 1292 512 1334 oppidum
537 1303 604 1326 non
627 1294 744 1335 procul
760 1294 802 1325 ab
818 1294 930 1326 Oleno

229 1341 391 1375 Arcadiae
407 1343 534 1384 oppido
549 1344 644 1376 loeus
661 1349 728 1384 est,
741 1344 798 1376 ubi
814 1353 930 1385 capra,

228 1403 249 1424 a
266 1403 332 1435 qua
350 1403 473 1425 nomen
489 1394 635 1435 accepit,
650 1395 772 1430 Jovem
787 1394 932 1427 nutrivit

229 1443 335 1475 lacte.
359 1443 483 1475 Domit-

273 1497 315 1526 78
351 1495 448 1526 Justa
476 1496 602 1540 queror]
638 1496 778 1537 Merito,
808 1496 931 1539 inquit,

231 1543 355 1576 damno
382 1544 554 1577 audaciam
580 1546 783 1587 navigandit
807 1547 862 1579 vel
888 1556 932 1578 ex

231 1594 296 1626 hoc
307 1595 395 1635 quod
408 1595 624 1634 navigaturus
641 1602 694 1628 est
709 1597 812 1629 Celer
826 1607 932 1629 mens.

234 1645 294 1676 Tot
318 1645 458 1686 timores]
492 1647 681 1686 Vectores;
706 1647 843 1679 timores
872 1657 931 1688 ap-

233 1694 341 1735 pellat
378 1694 421 1726 ob
464 1694 662 1727 discrimina
703 1697 931 1738 tempestatis.

234 1746 333 1778 Idem.

276 1799 317 1827 85
341 1796 464 1828 Lucani
485 1796 599 1837 maris]
619 1796 798 1838 Tyrrheni.
841 1797 931 1830 Nam

232 1846 313 1879 inde
329 1846 504 1879 solvebat:
529 1850 633 1889 atque
646 1846 883 1888 ita‘sigillatim
897 1850 934 1879 et

234 1907 278 1929 ex
308 1897 428 1928 ordine
451 1897 557 1928 maria
582 1897 744 1937 nominat,
770 1907 834 1938 per
858 1907 932 1937 quae

232 1947 454 1989 navigaturus
474 1951 527 1978 est
543 1947 657 1986 Celer,
671 1947 883 1979 contendens
898 1948 932 1979 in

234 1997 380 2038 Syriam.
426 1996 513 2027 Num
528 1999 618 2027 torva
635 1996 826 2038 Charybdis]
843 1997 932 2029 Nam

234 2057 277 2079 ex
291 2046 468 2088 Tyrrheno
483 2045 633 2078 Siculum
650 2046 908 2087 ingrediebatur
923 2057 932 2078 :

234 2097 295 2130 ubi
316 2098 349 2129 in
375 2095 469 2128 freto
496 2101 550 2129 est
575 2098 735 2138 scopulus
758 2098 874 2139 Scylla
901 2100 937 2129 et

236 2147 425 2188 Charybdis
440 2156 533 2179 mare
548 2147 752 2179 vorticosum
766 2157 775 2179 z
799 2151 839 2178 ut
852 2147 936 2178 scri-

234 2199 287 2231 bit
299 2198 389 2230 Plin.
417 2197 542 2238 Scylla,
557 2201 596 2228 ut
607 2195 787 2229 Acusilaus
803 2195 937 2235 scribit,

234 2248 361 2281 Phorci
389 2251 426 2279 et
455 2247 607 2279 Hecates
638 2246 720 2278 filia.
765 2246 936 2278 Homerus

236 2299 335 2331 Erati
352 2302 493 2329 matrem
505 2296 611 2329 fuisse
627 2297 747 2328 tradit.
786 2296 885 2335 Haec,
899 2300 937 2328 ut

237 2349 408 2382 Homerus
417 2350 452 2380 in
465 2348 668 2385 duodecimo
681 2348 846 2389 Odysseae
855 2348 938 2380 scri-

235 2399 303 2439 bit,
327 2402 513 2430 monstrum
538 2397 604 2430 fuit
630 2397 810 2429 duodecim
841 2398 936 2439 pedi-

238 2450 314 2486 bus,
328 2459 388 2480 sex
411 2448 616 2488 cervicibus,
649 2447 860 2490 totidemque
882 2458 937 2479 ca·

237 2499 394 2540 pitibns3
418 2503 454 2530 et
482 2503 521 2530 ut
546 2498 603 2529 ille
630 2497 679 2528 ait
704 2497 800 2529 δεινὸν
823 2497 937 2539 πέλωρ·

238 2548 432 2588 Charybdis
455 2557 548 2583 vero,
573 2551 612 2579 ut
635 2547 724 2579 idem
752 2552 806 2579 est
822 2553 933 2588 autor,

237 2598 397 2638 scopulus
426 2596 565 2629 inferior
594 2597 656 2629 sub
685 2597 849 2639 caprifico
883 2603 938 2630 ter

239 2646 365 2678 fluctus
382 2646 542 2678 absorbet
557 2647 711 2688 quotidie
727 2651 763 2679 et
779 2649 937 2680 revomit.

238 2698 338 2730 Idem·

284 2750 325 2779 87
351 2747 437 2783 Quos
459 2746 520 2777 tibi
539 2745 694 2786 currenti]
717 2747 727 2764 ‘
745 2747 851 2779 Ferre
867 2757 938 2779 mo-

241 2808 295 2830 res
308 2797 318 2813 '
342 2796 439 2838 dixit,
461 2805 524 2838 pro
539 2797 572 2828 in
589 2796 740 2829 ordinem
757 2797 880 2839 redigi,
895 2798 940 2830 le·

688 246 830 278 No'rAE
863 246 927 277 VA
937 245 1088 277 monn
1098 247 1129 276 M
1164 246 1215 277 m

968 347 1043 379 gem
1068 338 1153 379 pati,
1182 337 1343 380 quietem,
1371 338 1666 380 tranquillitatem,

970 387 1167 420 modestiam
1198 397 1382 420 assumere.
1439 388 1672 422 Vide-Gran.-

971 440 1082 471 Diatr.
1107 450 1137 471 c.
1153 442 1207 471 29.
1250 439 1355 472 Adria
1382 440 1495 482 mores]
1527 441 1538 459 ‘
1553 441 1668 474 Mores

971 490 1114 530 Adriae,’
1136 494 1236 522 vocat
1269 490 1470 522 ‘naturam’
1500 495 1537 522 et
1566 489 1668 523 affee-

972 541 1082 572 tioues
1098 539 1172 581 ejus
1188 540 1299 572 maris.
1328 540 1461 572 Graecis
1473 540 1532 578 ἤθη
1546 539 1667 572 dicun-

973 595 1040 623 tur.
1084 591 1211 622 Errant
1238 594 1352 622 autem
1377 590 1426 622 illi
1447 590 1504 632 qni
1531 590 1671 624 verbnm

972 642 1131 674 Latinum
1146 652 1244 674 mores
1269 652 1335 674 non
1359 647 1427 675 tam
1455 645 1525 676 late
1553 647 1672 686 patere

974 692 1104 733 dicunt,
1131 702 1231 734 quam
1255 693 1455 725 Graecorum
1469 692 1553 734 ἦθος,
1570 693 1672 728 inu-1⁶

976 752 1042 784 que
1068 746 1200 774 tantum
1222 743 1265 775 ad
1280 744 1554 786 consuetudines,
1570 743 1673 779 affee-

976 793 1153 834 tionesque
1173 793 1343 825 hominum
1360 794 1574 836 astringunt3
1595 803 1674 827 nam

975 846 1012 874 et
1042 842 1085 874 de
1112 844 1246 875 caeteris
1277 843 1491 885 animalibus,
1519 844 1672 887 adeoque

976 892 1075 924 etiam
1104 893 1146 924 de
1175 893 1366 926 inanimatis
1390 894 1528 934 dicitur,
1549 898 1596 926 vnt
1620 894 1675 927 hic

976 943 1066 984 apud
1095 947 1246 975 nostrum
1276 945 1286 962 ‘
1304 952 1415 975 mores
1447 943 1589 976 Adria?
1624 943 1676 976 dt-

976 998 1101 1026 cnntur
1125 998 1161 1026 et
1190 993 1280 1035 apud
1310 994 1439 1026 Tibull.
1464 995 1524 1027 lib.
1550 1003 1602 1027 lv.
1631 994 1675 1027 ad

977 1045 1117 1078 Messal.
1161 1045 1259 1077 ‘Mos
1295 1045 1510 1087 Charybdis!
1551 1046 1677 1088 virgil.

977 1095 1106 1136 Geor-g.
1119 1104 1144 1127 1.
1187 1096 1197 1114 ‘
1212 1096 1353 1128 Varium
1367 1096 1443 1128 coeli
1463 1096 1672 1138 praediscere

978 1144 1132 1176 morem!
1158 1145 1292 1177 Geeart.
1455 1185 1458 1188 ,
1510 1148 1512 1151 ’

1020 1197 1062 1226 88
1080 1194 1267 1235 Carpathio]
1282 1195 1359 1227 Hoc
1371 1204 1463 1227 mare
1475 1195 1569 1235 inter
1582 1195 1674 1229 Rho-

979 1243 1058 1275 dum
1075 1249 1110 1276 et
1126 1245 1309 1286 AEgyptum
1328 1245 1532 1287 interjacet:
1555 1243 1678 1288 ita'ap·

981 1296 1141 1336 pellatam
1168 1306 1188 1328 a
1218 1296 1390 1338 Carpatho
1418 1298 1541 1331 insula.
1583 1296 1675 1330 Pun.

979 1345 1182 1387 Carpathos,
1205 1356 1281 1388 qnae
1310 1347 1394 1378 mari
1416 1356 1539 1380 nomeu
1565 1347 1674 1381 dedit.

982 1395 1077 1430 Quali
1099 1396 1193 1437 ama]
1228 1397 1305 1428 Hoc
1334 1401 1387 1429 est
1415 1406 1510 1430 mare
1530 1397 1677 1439 Syrium,

980 1445 1071 1487 quod
1082 1445 1217 1477 demum
1231 1450 1284 1478 est
1294 1446 1464 1486 ingressus
1475 1447 1588 1480 Celer.
1609 1447 1678 1479 Do-

980 1494 1042 1535 ris]
1066 1496 1174 1528 Mare.
1220 1495 1387 1537 Blandita]
1412 1497 1500 1530 Q‘uae
1522 1497 1601 1529 olim
1625 1495 1676 1529 fa·

981 1545 1040 1577 vit.
1085 1545 1211 1587 Furtis]
1234 1546 1375 1587 Raptui.
1416 1546 1567 1588 Juvenal]
1580 1547 1677 1581 Jovis

981 1596 1135 1627 conversi
1163 1596 1196 1627 in
1226 1601 1371 1629 taurum.
1412 1597 1586 1639 Agenorei]
1611 1596 1680 1631 Qui

982 1646 1095 1686 rapuit
1110 1645 1213 1678 filiam
1235 1645 1401 1688 Agenoris
1414 1647 1514 1689 Syrii.
1553 1648 1680 1681 Quam·

982 1696 1032 1727 vis
1046 1695 1241 1728 Herodotus
1256 1706 1330 1728 eam
1353 1702 1485 1739 raptam
1508 1696 1638 1730 scribat
1659 1707 1680 1730 a

982 1746 1117 1778 Graecis
1134 1746 1352 1779 Cretensibus
1367 1756 1375 1778 :
1398 1753 1434 1780 et
1448 1745 1628 1780 abductam
1642 1747 1679 1779 >in

984 1796 1131 1828 Cretam.
1175 1797 1344 1829 Eusebius
1362 1797 1480 1830 scribit
1488 1795 1680 1830 eam'fuisse

983 1845 1156 1877 Phoenicis
1171 1845 1287 1887 filiam,
1301 1856 1530 1889 compressam
1543 1858 1563 1879 a
1577 1847 1681 1888 Jove,

983 1895 1140 1936 nupsisse
1171 1895 1308 1927 Asterio
1334 1897 1405 1937 regi
1435 1897 1651 1930 Cretensium
1668 1906 1679 1926 ι

982 1946 1129 1988 indeque
1155 1950 1264 1987 natos,
1288 1946 1453 1988 Minoem,
1471 1947 1682 1982 Rhadamn-

985 1997 1091 2036 thum,
1102 1996 1343 2038 Sarpedonem.
1365 1997 1489 2031 Domit.

1026 2049 1068 2079 92
1093 2047 1350 2088 Cimmeriumque
1372 2047 1479 2089 chaos]
1510 2046 1684 2080 Cimmerii

984 2098 1019 2129 in
1033 2098 1135 2130 Italia
1151 2098 1240 2139 apud
1257 2099 1422 2130 Baianum
1446 2102 1482 2130 et
1509 2098 1683 2131 Avernum

985 2148 1094 2180 sinum
1119 2147 1226 2188 fuere,
1252 2148 1481 2180 subterraneis
1504 2148 1684 2191 domiciliis

985 2198 1192 2237 habitantes,
1207 2198 1241 2229 in
1258 2198 1354 2239 queis
1370 2203 1444 2230 tota
1468 2198 1524 2230 die
1547 2198 1685 2230 delites-

985 2249 1122 2289 cebant,
1147 2253 1249 2280 noctu
1276 2254 1408 2281 tantum
1438 2249 1481 2281 ad
1505 2249 1685 2281 latrocinia

985 2299 1124 2340 egressi,
1137 2303 1174 2331 ut
1186 2297 1294 2330 refert
1308 2299 1444 2331 Strabo.
1472 2299 1594 2331 Festus
1603 2307 1684 2330 vero

986 2350 1156 2389 regionem
1188 2354 1295 2380 totam
1325 2349 1488 2380 eminenti
1509 2349 1596 2390 jugo
1619 2349 1684 2381 cir-

986 2398 1170 2429 cundatam
1195 2396 1327 2436 scribit,
1354 2407 1430 2438 quae
1447 2406 1557 2439 neque
1572 2401 1685 2429 matu-

987 2448 1071 2487 tino,
1099 2456 1207 2489 neque
1224 2447 1418 2488 vespertino
1434 2451 1590 2489 tempore
1604 2448 1684 2480 Sole

986 2500 1240 2537 contegeretur.
1299 2496 1411 2528 Fuere
1440 2501 1477 2529 et
1511 2497 1686 2530 Cimmerii

986 2547 1213 2588 Bosphorani,
1239 2546 1284 2578 de
1299 2546 1421 2588 quibus
1439 2546 1612 2578 Hesiodus
1628 2546 1686 2580 lib.

988 2605 1040 2628 lv.
1055 2602 1091 2627 et
1107 2606 1126 2627 a
1139 2596 1232 2637 queis
1247 2599 1378 2627 montes
1393 2605 1495 2637 super
1505 2595 1684 2627 Albaniam

989 2647 1160 2679 Cimmerii
1205 2645 1289 2677 dicti
1329 2645 1532 2686 Ptolomaeo,
1568 2645 1685 2679 tabula

987 2696 1081 2729 Asiae
1094 2696 1255 2727 secunda.
1281 2697 1432 2728 Bernart-

1029 2750 1071 2779 98
1095 2746 1190 2777 Nihil
1198 2746 1343 2787 juratus]
1367 2745 1444 2778 Hoc
1460 2749 1513 2777 est
1526 2754 1569 2777 ex
1580 2745 1686 2785 histo-

988 2798 1037 2831 ria
1053 2807 1151 2840 quam
1163 2795 1377 2838 Thucydides
1389 2796 1422 2827 in
1433 2796 1543 2837 primo
1553 2795 1684 2830 scribit.
