1846 3120
442 214 485 246 P.
517 213 710 246 ΡΑΡιΝιι
743 214 908 249 ςτΑτιι
942 215 1086 248 san.
1119 218 1215 250 mn.
1237 218 1269 249 1.
1298 206 1340 250 2.

149 305 282 345 Medici
296 305 344 341 ad
356 305 449 345 hunc
465 316 608 350 aegrnm,
630 318 675 342 an
690 319 759 342 non
775 310 866 343 Ves-·

149 357 318 401 pillones?
346 362 404 391 est
425 358 484 402 qni
499 359 595 400 legat
609 362 642 392 et
655 359 795 401 insignis
803 369 860 400 ge-

147 409 220 443 nist
244 409 431 445 moordia:
462 409 607 442 verbum
643 410 861 443 sacerdotale

149 463 219 500 est,
245 458 372 502 inquit,
397 457 560 501 idemque
584 459 679 492 valet
697 460 790 502 qnod
806 463 862 492 est

151 507 246 552 apud
262 508 510 542 Claudianum:
529 511 539 528 ‘
554 508 704 551 genialia
726 509 862 542 foedera

150 557 288 597 raucit-⁹
302 558 389 592 alius
405 558 569 592 emendat
583 569 593 591 ι
609 562 640 593 et
656 559 792 600 insignis
803 569 861 600 ge·

147 609 237 645 nui-a
244 609 411 643 moon-dia
420 610 504 642 toedu
514 620 525 642 .·
541 614 582 642 ut
591 619 689 642 mens
699 609 745 643 sit
758 620 768 642 ι
783 611 862 643 Sta-

134 660 215 709 ·hssi
224 658 318 696 nexu
327 661 483 704 jungunt
495 660 616 694 Stellae
634 661 861 694 Violantillae-

149 723 219 759 que
247 713 447 756 conjugium
473 712 568 748 Juno
592 716 630 746 et
655 712 863 754 Concordia,

150 776 230 811 quo
243 769 297 799 est
310 765 471 808 insignis,
488 765 526 799 id
553 769 609 799 est
633 766 767 809 insigne
784 775 861 808 ges·

149 821 216 856 tat.
229 817 383 860 geminas
399 825 460 849 seu
472 815 558 850 duas
569 826 738 849 accensas
752 815 861 848 faces.

151 867 380 910 Argumanm,
401 866 465 908 sit,
488 866 681 900 concordes
702 876 778 900 esse
793 877 860 900 non

91 956 94 957 ⁷
149 927 266 962 pono,
279 917 345 951 uisi
359 921 481 951 mut-ua
489 917 730 951 benivolentia
743 918 801 959 sit,
816 928 857 951 ac

149 968 313 1011 utrinque
339 966 593 1009 respondeatur
607 967 643 1000 in
658 978 787 1009 amore,
801 969 861 1011 qui

150 1018 360 1063 symbolica
375 1018 410 1051 iu
425 1017 502 1052 face
518 1018 730 1061 designatur.
785 1019 860 1060 Ego

151 1069 336 1113 aliquando
346 1068 388 1102 τὸ
399 1068 526 1102 uincula
540 1069 584 1102 ad
604 1069 727 1102 vittam
743 1070 861 1110 retuli,

150 1129 228 1164 qun
256 1119 454 1162 nuptiarum
475 1118 534 1151 die
550 1119 772 1153 sumebatur:
796 1129 861 1153 nec

149 1171 254 1206 video
290 1180 355 1204 cur
390 1170 598 1203 senteutiam
630 1175 766 1204 mutare
801 1171 861 1204 de·

150 1221 264 1257 ban.
320 1222 374 1254 'l'u
403 1229 538 1254 mecum
575 1220 713 1254 erudite
750 1221 861 1254 lector

151 1272 334 1307 considera
349 1270 506 1315 nunquid
526 1270 670 1304 retineri
684 1272 793 1314 possit
803 1282 861 1313 ge-

149 1323 253 1357 minat
271 1322 450 1363 cumdio,
475 1320 512 1354 id
539 1326 593 1354 est
608 1321 723 1354 firmat
736 1322 861 1364 insigni

150 1371 252 1407 face:
279 1372 420 1406 robusta
434 1371 524 1405 enim
539 1371 708 1415 firmaque
724 1374 862 1415 gemina

151 1424 222 1459 dici
234 1428 368 1465 notum,
382 1427 422 1456 ut
436 1422 529 1466 apud
544 1422 742 1465 Virgilium:
764 1424 774 1443 ‘
790 1425 860 1458 Du-

150 1475 236 1518 plici
262 1474 418 1508 dentalia
439 1471 558 1507 ferro:
603 1474 802 1516 Cogitemus
823 1479 862 1508 et

150 1535 232 1559 uum
245 1525 328 1559 hinc
340 1523 469 1559 firmati
484 1525 593 1567 possit
606 1525 702 1558 varie
718 1535 860 1558 concus-

151 1586 210 1610 sus
225 1575 345 1610 Plauti
357 1576 456 1608 locus
468 1574 650 1609 Aulularia
663 1587 672 1608 ε
689 1577 700 1594 ‘
710 1577 861 1609 'rantum

153 1626 340 1670 geminique
353 1627 437 1661 mali
451 1626 692 1669 molestiaque
713 1627 770 1660 hic
785 1627 861 1660 dies

151 1678 239 1712 mihi
260 1677 399 1720 obtulit,
413 1678 554 1710 Famem
570 1682 608 1711 et
627 1678 861 1721 Pauperiem!

154 1728 309 1763 Boram.
351 1729 399 1761 Et
412 1728 547 1770 insigni,
559 1728 632 1770 Sta]
649 1728 794 1762 Haerent
811 1730 861 1762 in-

153 1782 341 1821 terpretes.
384 1779 482 1813 Nihil
507 1778 720 1813 difficultatis
741 1786 810 1821 est,
833 1782 861 1814 si

152 1828 333 1863 nobiseum
349 1829 465 1872 legas:
488 1833 520 1863 et
545 1830 699 1871 inriguis
719 1832 863 1872 geminat

151 1879 317 1915 eoncordia
330 1881 442 1913 taedas.
488 1880 635 1921 Insignis
650 1881 740 1913 haud
758 1881 862 1915 dubie

153 1931 296 1975 antique
313 1931 480 1974 scriptum
505 1930 584 1971 fuit,
605 1941 669 1973 pro
696 1932 863 1973 insignis,

153 1987 192 2016 et
206 1983 287 2016 hinc
301 1986 422 2017 natum
443 1982 530 2016 illud
554 1983 678 2024 insigni
699 1984 735 2015 in
764 1984 861 2017 libris

153 2033 315 2076 vulgatis.
350 2033 503 2066 Geminae
518 2038 633 2066 autem
650 2033 743 2066 idem
772 2034 862 2077 qnod

155 2084 344 2127 conjungit.
391 2084 560 2116 Booehorn.
612 2084 757 2125 Epistola
786 2095 863 2126 qua-

155 2136 230 2169 dum
240 2136 282 2167 ad
291 2134 367 2168 Joh-
382 2134 486 2167 Fred.
498 2134 705 2167 Gronovium.

199 2188 264 2219 243
287 2184 415 2218 Martia
438 2184 517 2226 flia]
552 2185 683 2217 Martia
706 2195 783 2227 quoe
806 2185 864 2218 ha·

155 2235 234 2270 buit
255 2245 328 2268 rem
351 2245 428 2268 cum
456 2235 595 2268 Marte:
619 2244 683 2277 per
705 2237 866 2278 exempla

156 2291 296 2329 sumpta
310 2296 331 2320 a
345 2285 536 2328 virginibus
549 2285 718 2328 pudorem
727 2286 865 2319 Violan-

157 2337 244 2372 tilla
259 2337 437 2379 exprimit.
459 2336 637 2370 Domum.

200 2390 268 2421 248
292 2388 359 2420 Eat
373 2387 486 2420 enthea
499 2388 605 2429 vitris,
618 2388 689 2430 ξω]
737 2389 866 2422 Locum

156 2440 248 2473 hunc
276 2448 322 2472 ex
350 2439 506 2472 AEdilitio
535 2439 652 2472 edicto
682 2441 867 2482 pronuntio

157 2499 228 2524 non
237 2499 357 2523 senum
368 2488 623 2531 integrumque,
631 2494 668 2522 et
678 2495 808 2532 praesto
819 2492 866 2523 le-

157 2539 321 2584 gendum,
334 2543 388 2573 eut
400 2540 512 2573 enthea
525 2539 629 2573 vittis.
658 2541 687 2572 V
690 2545 764 2573 ntes
775 2541 865 2573 enim

158 2591 300 2628 vittatos
316 2589 422 2622 fuisse
451 2590 553 2632 plene
578 2590 680 2624 docui
703 2591 814 2625 Theb.
831 2601 868 2625 v-

158 2645 256 2675 ναίει
289 2650 371 2674 vero
401 2640 549 2683 intelligi
576 2644 613 2674 et
642 2642 739 2675 notio
770 2641 867 2675 verbi

158 2693 297 2735 enthea,
310 2696 347 2726 et
363 2691 441 2734 ipse
454 2692 623 2725 orationis
647 2693 770 2726 ductus
787 2703 867 2736 pro-

158 2741 231 2777 bat.
280 2743 419 2785 enthea]
449 2744 556 2778 Quasi
583 2745 722 2778 numine
750 2745 867 2779 divino

162 2794 278 2836 plens.
302 2794 456 2829 Ber-nure.

1506 210 1623 253 1645

953 313 1018 344 252
1043 310 1141 344 Hunc
1159 312 1226 353 ipse
1240 311 1354 354 choro]
1372 311 1406 345 A
1422 311 1540 345 sciolis
1555 318 1622 355 est,

911 370 988 394 cum
1017 361 1053 394 in
1077 363 1213 397 excusis
1237 362 1395 395 omnibus
1412 363 1550 405 paulum
1567 374 1624 396 ve-

911 411 1113 445 tustioribus
1129 418 1167 446 et
1188 413 1223 445 in
1239 414 1314 455 ipso
1334 414 1464 456 scripto
1478 423 1556 447 mco
1571 414 1624 448 di·

911 468 1004 496 serte
1021 464 1180 505 legatur:
1210 466 1273 496 Coo
1284 466 1474 506 plaudente,·
1497 469 1622 499 etrec-

911 517 961 545 te.
1005 512 1162 546 Philetas
1205 515 1295 547 enim
1333 516 1624 558 Elegiographus,

909 561 1065 604 Theliphi
1085 561 1192 605 filius,
1214 564 1304 596 Cous
1325 563 1405 606 fuit,
1430 564 1623 598 Alexandri

910 612 1023 653 magni
1036 614 1248 655 temporibus
1263 625 1273 655 ς
1289 615 1476 648 acerrimus
1492 614 1623 649 Poeta-

911 670 984 694 rum
1015 662 1161 705 Censor,
1187 665 1372 698 Ptolomaei
1402 665 1623 708 Philadelphi

911 717 1122 755 praeceptor,
1144 719 1183 747 ut
1210 715 1347 754 Strabo,
1377 717 1546 759 AElianus,
1575 716 1624 749 A-

911 763 1124 805 thenaeus,et
1134 765 1258 799 Suidas
1272 767 1502 800 tradiderunt.
1537 768 1624 801 Pro·

910 814 1046 856 pertins
1061 815 1122 849 lib.
1140 825 1198 849 111.
1213 818 1224 836 ‘
1240 818 1442 851 Callimachi
1457 827 1574 852 manes
1585 823 1623 852 et

911 865 974 897 Coi
1004 875 1103 898 sacra
1132 867 1307 901 Philetaess
1353 868 1416 909 At,
1451 869 1625 912 inquiunt,

909 913 968 947 lex
985 915 1297 951 Grammaticorum
1318 919 1479 952 violatur.
1523 920 1624 953 Bona

911 965 1039 998 verba:
1063 976 1131 999 non
1147 967 1306 1009 insulam,
1329 970 1391 1002 sed
1409 970 1502 1002 cives
1519 970 1626 1004 intel*

912 1015 1009 1057 tigit:
1040 1021 1076 1049 et
1101 1027 1210 1058 mens,
1230 1020 1379 1053 Philetae
1396 1021 1626 1063 Epithalami-

912 1074 969 1097 um
996 1066 1117 1099 Stelloe
1143 1069 1284 1101 canenti
1307 1070 1410 1113 Coos,
1425 1071 1461 1103 id
1476 1077 1530 1104 est
1543 1081 1624 1105 suos

912 1116 1019 1157 cives,
1044 1118 1166 1151 animis
1191 1124 1228 1152 et
1250 1130 1309 1153 ore
1331 1120 1439 1154 fuisse
1454 1121 1623 1156 fauturos.

913 1167 1051 1200 Etenim
1077 1169 1208 1210 gentile
1236 1180 1363 1203 nomen
1388 1171 1431 1204 ab
1446 1171 1555 1204 insula
1572 1172 1624 1205 Co

913 1228 977 1260 per
992 1220 1085 1252 Cous
1099 1225 1155 1253 est
1171 1221 1307 1253 intenta
1322 1222 1447 1264 prima,
1461 1222 1624 1265 Cousqne

914 1278 980 1310 per
1010 1279 1030 1302 o
1062 1271 1155 1312 quod
1191 1271 1299 1314 μικρὸν
1334 1277 1463 1305 vocant
1500 1272 1624 1305 eadem

908 1321 1046 1362 syllaba
1074 1327 1268 1364 contracta,
1299 1327 1337 1355 ut
1367 1333 1412 1355 ex
1446 1323 1625 1365 Stephano

915 1370 1164 1413 Grammatico,
1191 1374 1250 1416 qui
1273 1374 1459 1415 diligenter
1481 1374 1526 1406 de
1549 1378 1626 1406 tota

913 1421 978 1453 hac
1003 1432 1039 1455 re
1066 1424 1217 1463 disserit,
1238 1424 1394 1457 eruditus
1418 1425 1624 1458 Parrhasius

915 1472 996 1504 alibi
1008 1474 1153 1507 monuit.
1177 1474 1277 1507 Idem.
1371 1468 1375 1474 ’
1491 1495 1495 1497 >

957 1526 1021 1556 253
1047 1525 1320 1568 Callimachusque
1358 1527 1471 1569 senex]
1517 1527 1625 1568 Cyre-

915 1583 1013 1606 naeus
1027 1575 1083 1608 hic
1098 1585 1143 1607 ex
1158 1577 1266 1610 Batto
1283 1577 1457 1619 oriundus,
1482 1577 1541 1620 qui
1558 1578 1625 1619 Cy·

915 1633 1024 1657 raenas
1040 1626 1219 1667 condidit3
1245 1627 1374 1669 primas
1390 1627 1447 1660 hic
1462 1627 1497 1660 in
1513 1628 1626 1669 elegia

917 1675 997 1707 tulit
1005 1675 1112 1717 juxta
1123 1677 1339 1710 Strabonem.
1385 1678 1493 1711 Senex
1506 1682 1625 1710 ancto-

915 1726 1027 1758 ritatis
1066 1728 1283 1763 vocabulum.
1332 1729 1452 1762 Umbro
1492 1729 1627 1770 Proper-

915 1776 994 1817 tius,
1017 1777 1087 1819 ξω]
1116 1778 1295 1820 Propertii
1320 1780 1436 1820 patria
1462 1779 1627 1812 Mevania

914 1826 982 1860 fuit
1011 1828 1046 1860 in
1073 1829 1230 1862 Umbria.
1277 1829 1358 1862 vid.
1382 1829 1546 1871 Propert.
1567 1830 1627 1865 lib.

915 1888 968 1912 ιν.
985 1880 1084 1921 Eleg.
1100 1882 1133 1912 1.
1149 1885 1186 1914 et
1202 1880 1288 1914 ibid.
1303 1882 1448 1923 Joseph.
1465 1882 1592 1922 Scalig.

957 1932 1024 1963 260
1045 1930 1093 1963 At
1106 1930 1154 1972 ie]
1178 1931 1210 1964 Ο
1228 1932 1446 1965 Violantilla.
1469 1931 1549 1964 Hoc
1561 1932 1628 1964 dis-

909 1979 1071 2022 junctive
1096 1982 1306 2023 legendum3
1325 1983 1486 2025 quoniam
1510 1988 1627 2016 autem

913 2030 1054 2072 quidam
1078 2032 1291 2074 conjunctim
1318 2034 1437 2075 legere
1463 2043 1540 2066 cum
1571 2044 1627 2066 su·

913 2082 1119 2123 perioribus,
1142 2083 1265 2116 falsum
1292 2084 1373 2117 hinc
1413 2088 1628 2126 acceperunt

914 2133 1164 2171 testimouium.
1212 2144 1286 2167 esse
1335 2135 1629 2176 Parthenopeum,

914 2193 994 2216 cum
1023 2184 1069 2216 sit
1099 2184 1306 2225 Patavinus,
1333 2190 1424 2218 teste
1452 2185 1628 2218 Martiale.
1660 2194 1667 2199 ’

915 2233 994 2266 Hoc
1025 2234 1117 2266 enim
1140 2235 1234 2277 quod
1262 2235 1326 2276 ait,
1347 2235 1395 2267 At
1420 2239 1462 2276 te,
1484 2245 1552 2267 non
1583 2235 1628 2267 ad

914 2284 1078 2325 Stellam3
1107 2285 1168 2317 sed
1200 2285 1244 2317 ad
1273 2285 1512 2319 Violantillam
1540 2285 1629 2319 refe·

916 2335 1061 2368 rendum
1074 2341 1138 2369 est.
1160 2337 1338 2370 Domitius.

958 2390 1023 2420 263
1048 2388 1096 2419 Et
1105 2388 1237 2429 pulchra
1251 2392 1370 2421 tunicae
1386 2388 1518 2422 Sebetos
1528 2391 1628 2422 alum-

915 2438 1054 2479 na,Nec
1078 2439 1156 2480 tibi]
1193 2439 1374 2472 Litterulae
1402 2439 1487 2472 vitio
1513 2440 1629 2473 laben-

916 2494 987 2521 tem
1023 2490 1237 2522 sententiam
1274 2490 1372 2532 erigo
1392 2501 1401 2522 :
1442 2491 1512 2523 Nec
1553 2491 1630 2525 sibi.

916 2540 1020 2572 Mens
1035 2550 1043 2572 :
1072 2540 1149 2572 Nec
1165 2540 1334 2573 Lucrinus
1347 2541 1459 2573 Lacus
1473 2551 1538 2573 nec
1553 2543 1631 2573 Sar-

914 2601 979 2623 nus
994 2591 1104 2632 magis
1120 2591 1261 2633 gloriari
1276 2595 1422 2633 possunt
1437 2591 1505 2624 suis
1532 2601 1631 2633 nym-

918 2642 1006 2684 phis,
1023 2651 1125 2683 quam
1141 2641 1288 2675 Sebetos
1313 2641 1405 2684 (fons
1428 2643 1522 2684 apud
1539 2644 1633 2675 Nea-

918 2692 1023 2734 polim
1049 2696 1117 2733 est,
1145 2691 1339 2725 Columella
1362 2692 1488 2735 aliique
1510 2692 1630 2725 viden-

920 2742 994 2784 tor)
1007 2742 1210 2775 Violantilla
1225 2752 1287 2776 sua
1302 2744 1382 2776 civi.
1412 2744 1565 2775 Bernart.

962 2797 1026 2829 265
1050 2794 1237 2836 Pompeiani
1248 2794 1364 2836 Sami]
1388 2794 1559 2836 Pompeii,
1570 2802 1629 2835 op-
