1846 3120
248 225 359 267 1210
744 233 787 266 P.
820 234 1009 265 ΡΛΡιΝη
1042 233 1207 266 ετΑΤιι

251 329 382 370 illum
404 328 556 382 ingens
577 327 805 369 confundit
819 327 978 380 honos,
999 328 1268 384 inopinaque
1285 327 1433 374 turbat

249 396 419 446 Gloria,
438 399 480 436 et
499 395 671 437 oblatas
685 395 862 438 frondes
884 397 1148 438 summissus
1163 396 1332 448 adorat,

250 463 395 516 Seque
417 462 534 503 oneri
555 467 684 515 negat
702 475 803 504 esse
825 476 991 517 parem,
1013 463 1197 517 cogique
1219 467 1419 507 meretur.
1582 499 1584 501 .
1616 464 1705 509 283
1754 520 1764 525 ⁸

250 529 377 569 Sicut
397 528 708 570 Achaemenius
729 529 890 571 solium
913 533 1149 584 gentesque
1168 536 1378 584 paternas

249 594 445 649 Excepit
465 596 504 636 si
522 595 634 638 forte
654 609 780 650 puer,
800 597 872 638 cui
890 598 1035 639 vivere
1055 601 1228 651 patrem

249 661 424 712 TutiuS,
444 662 612 705 incerta
631 663 865 706 formidine
883 664 1055 717 gaudia·
1063 665 1210 716 librat,

249 726 321 769 An
338 728 415 770 fidi
436 742 656 783 proceres,
677 744 734 773 ne
754 735 922 785 pugnet
940 730 1099 784 vulgus
1117 730 1321 785 habenis;
1366 771 1370 773 ,

251 795 337 837 Cui
358 796 476 838 latus
498 797 748 852 Euphratae,
765 799 837 840 cui
858 797 1031 853 Caspia
1049 798 1203 840 limina
1221 798 1407 841 mandet.
1606 799 1705 843 290

247 933 343 966 prope
356 926 503 975 <equalem
518 926 637 967 haberi,
651 930 682 958 et
694 927 884 968 proximum.
928 927 1023 959 Illum
1037 927 1102 960 haec
1117 937 1230 968 magna
1241 929 1345 968 ghm’a
1358 916 1531 970 perturbat,
1540 932 1572 962 et
1583 928 1706 962 nubieus

251 968 348 998 honor
359 969 513 1008 percellat,
523 972 554 1000 et
564 970 743 1001 summissus
755 974 922 1002 veneratur
932 970 1068 1002 oblatum
1081 980 1213 1010 ramum,
1224 981 1261 1002 ac
1276 971 1435 1014 inficiatur
1443 982 1478 1004 se
1490 981 1631 1013 capacem
1640 981 1706 1005 em

251 1009 333 1040 tanti
344 1011 501 1051 ponderis,
513 1014 542 1043 el
558 1012 673 1051 dignus
679 1012 749 1052 suit
762 1014 818 1053 qui
839 1013 1032 1053 adigeretur.
1076 1012 1168 1044 Sicut
1183 1014 1210 1045 si
1225 1011 1442 1046 Achoemeniu'a
1452 1014 1623 1055 puersorie
1635 1023 1705 1047 ευσ-

251 1052 331 1084 cedit
354 1053 443 1090 solio,
465 1057 495 1084 et
509 1063 606 1093 regno
615 1059 758 1096 paterno,
767 1055 817 1087 cui
832 1056 941 1087 utilius
952 1059 1029 1087 esset
1038 1059 1162 1096 patrem
1172 1058 1282 1096 degere
1294 1057 1378 1088 inter
1391 1057 1487 1098 υἱυοσ,
1499 1060 1608 1098 pensat
1622 1057 1704 1088 laeti,

251 1095 330 1125 tiam
351 1095 485 1136 ancipiti
506 1105 631 1136 pavore,
653 1108 694 1129 an
715 1098 879 1138 optimates
901 1101 986 1129 stent
1008 1098 1042 1129 in
1053 1098 1135 1139 fide,
1158 1108 1196 1130 ne
1220 1099 1305 1139 plebs
1325 1100 1452 1132 resistat
1477 1100 1626 1142 imperio:
1654 1101 1706 1132 cui

249 1138 423 1169 committat
437 1139 551 1170 limites
568 1140 753 1181 Euphraten,
772 1141 824 1173 cui
841 1141 970 1183 Caspias
980 1143 1101 1181 portas.
1147 1142 1231 1173 Tunc
1242 1142 1330 1174 timet
1345 1152 1453 1184 capere
1465 1151 1570 1184 arcun,
1585 1145 1704 1183 etgra-

856 1234 1095 1249 ”Oloo‘mu

250 1303 310 1334 qua
323 1294 389 1335 ipse
403 1304 519 1327 arcana
528 1296 727 1328 Bam—287
741 1296 942 1328 Achimeniae
956 1296 989 1328 in
1007 1305 1074 1327 uno
1087 1295 1212 1327 Behot.
1233 1294 1430 1327 Achemenis·
1444 1296 1537 1327 D‘an.
1557 1295 1704 1327 Putem.

252 1337 488 1370 Petam—289
509 1339 562 1371 An
630 1340 642 1371 i
661 1349 814 1381 proceres,
837 1349 877 1371 an
901 1341 1021 1380 pugnet
1046 1339 1134 1370 Dan.
1162 1337 1309 1370 Putean.
1336 1338 1456 1370 Petnv.
1479 1339 1585 1380 Lang.
1606 1338 1706 1370 laur.

252 1379 383 1411 Buslid.
401 1381 551 1422 Lipsian.
598 1382 670 1414 ldd.
683 1383 795 1414 Colin.
807 1382 938 1424 Gryph.
952 1380 1060 1413 Basil.
1073 1380 1188 1412 Plant.
1202 1380 1432 1422 Lindenbrog.
1445 1380 1547 1413 Cruc.
1558 1380 1703 1413 Gevart.

252 1426 289 1453 et
303 1422 454 1455 Grasser.
469 1434 507 1456 ne
517 1428 636 1466 pugnet
651 1425 792 1457 Behott.
805 1427 835 1457 1.
852 1428 883 1457 2.
900 1423 1044 1456 Amstel,
1057 1423 1207 1455 Gronov.
1228 1423 1346 1456 Barth.
1356 1424 1464 1456 Veen-
1477 1428 1515 1455 et
1534 1423 1704 1464 Delph—

909 1503 1054 1536 NOTAE

293 1571 358 1600 284
383 1568 668 1610 Oblatassrondes]
690 1569 832 1601 Laurus.

294 1620 356 1650 285
383 1619 522 1660 Cogique
537 1619 688 1661 meretur]
705 1619 834 1651 Eodem
851 1619 950 1652 modo

253 1668 374 1700 Cicero
383 1669 511 1710 Philip.
527 1679 563 1702 v.
578 1671 587 1688 ‘
599 1670 750 1702 Tantum
763 1671 805 1701 ab
818 1670 949 1702 ambitu

252 1720 423 1761 sepositus
442 1722 485 1752 sit
506 1719 781 1763 (Magistratus),
803 1725 841 1752 ut
856 1731 949 1763 quae-

250 1777 346 1803 ratur
361 1772 547 1813 cogendus,
572 1777 711 1814 rogatus
736 1772 886 1812 recedat,
900 1772 950 1804 in-

250 1823 380 1854 vitatus
397 1821 559 1864 effugiat;
583 1824 655 1855 sola
675 1822 722 1854 illi
746 1821 952 1864 suffragetur

237 1861 435 1903 ‘necessitas
464 1871 662 1904 excusandi.
710 1871 871 1904 Profecto
901 1873 951 1903 in·

251 1921 376 1963 dignus
406 1922 431 1953 is
457 1926 511 1953 est
536 1922 672 1963 publica
687 1922 871 1963 dignitate,
888 1923 951 1954 nisi

250 1971 357 2003 fuerit
372 1971 549 2003 ordinatus
564 1972 709 2004 invitus!
738 1973 950 2014 Lampridius

251 2021 286 2053 in
314 2021 510 2054 Alexandro
536 2022 684 2054 Severo:
710 2022 867 2055 ‘Invitos
884 2033 950 2055 non

252 2072 441 2104 ambientes
470 2073 504 2104 in
532 2073 710 2115 republica
737 2074 950 2106 collocandos

252 2132 328 2154 esse
345 2122 544 2155 referebat!

295 2175 359 2205 286
380 2173 612 2215 Achaemenius]
632 2173 674 2205 ld
687 2175 950 2214 est,Persarum

251 2224 418 2266 rexrquia
435 2224 565 2256 Persiae
583 2234 681 2265 reges
699 2225 863 2266 originem
881 2230 951 2257 tra·

251 2273 378 2304 hebant
405 2273 447 2304 ab
475 2273 710 2315 antiquissimo
735 2284 814 2316 rege
830 2274 951 2306 Aehae-

252 2332 363 2360 mene,
390 2329 428 2354 ut
458 2323 574 2355 videre
603 2330 655 2356 est
680 2325 770 2366 apud
795 2325 951 2357 Herodo-

253 2377 334 2403 tum.
379 2372 471 2404 Vide
487 2374 590 2405 Theb.
606 2384 633 2406 1.
645 2377 719 2406 718.

294 2425 358 2454 290
386 2423 573 2466 Euphratae]
612 2424 807 2465 Euphrates
838 2425 952 2456 Meso-

253 2472 410 2514 potamia
428 2472 560 2514 fluvius,
584 2474 682 2514 cujus
701 2473 811 2506 fontes
826 2474 951 2507 Strabo

251 2523 398 2554 collocat
413 2524 444 2553 in
464 2523 615 2563 Niphate
633 2524 807 2556 Armeuiae
821 2530 957 2566 monte,

252 2582 407 2613 maguus,
442 2571 640 2613 profundus,
681 2580 717 2605 et
755 2574 952 2617 citissimus,

251 2624 421 2655 evolvitur
447 2624 481 2654 in
509 2624 618 2654 sinum
645 2624 835 2665 Persicum,
857 2625 950 2666 prius

253 2678 367 2706 tamen
383 2673 608 2715 Babyloniam
625 2683 685 2713 per
700 2674 847 2706 medium
862 2676 951 2707 scin-

253 2725 317 2762 dit,
346 2727 381 2755 et
404 2723 497 2764 Tigri
524 2723 727 2764 conjunctus
750 2725 951 2766 Mesopota-

253 2774 352 2805 miam
375 2773 470 2806 facit.
515 2773 725 2806 Ptolemaeus
754 2784 832 2807 vero
847 2775 949 2808 docet

1004 1558 1115 1609 ipsum
1133 1566 1238 1598 dividi
1255 1567 1289 1598 in
1305 1576 1382 1598 eum
1403 1566 1550 1607 alveum,
1571 1565 1628 1608 qni
1644 1573 1706 1607 per

1004 1617 1227 1660 Babyloniam
1250 1617 1390 1655 labitur,
1414 1622 1452 1650 et
1477 1627 1554 1650 eum
1571 1617 1627 1659 qui
1642 1626 1706 1659 per

1002 1668 1205 1708 Seleuciam,
1229 1677 1372 1709 quorum
1401 1666 1532 1700 medius
1560 1671 1705 1699 vocatur

1002 1718 1164 1756 βασίλειος
1176 1716 1325 1759 ποταμὸς,
1339 1717 1487 1759 Polybio
1511 1715 1533 1756 ἡ
1548 1715 1705 1759 ιβικιίλι.,κὴ

1003 1769 1119 1810 διώρυξ,
1135 1768 1305 1801 Arabibus
1331 1767 1480 1809 Almekc,
1503 1777 1564 1799 seu
1580 1768 1708 1808 regins,

1004 1820 1174 1853 cualdaeis
1196 1819 1405 1859 neharmalca,
1433 1817 1469 1850 id
1494 1821 1563 1858 est,
1584 1815 1706 1849 fluvius

1004 1871 1118 1913 regius
1132 1881 1141 1903 τ
1173 1871 1224 1903 sic
1249 1871 1374 1911 dictus,
1388 1874 1426 1902 ut
1442 1869 1491 1902 ait
1505 1868 1705 1902 Ammianus

1003 1921 1236 1961 Marcellinus,
1252 1921 1333 1962 quia
1355 1920 1450 1962 regia
1464 1929 1547 1952 cura
1561 1918 1705 1952 effossus

1004 1973 1081 2006 fuit.
1129 1973 1245 2015 Caspia
1271 1972 1395 2013 limina]
1433 1971 1568 2013 Caspiae
1598 1976 1706 2013 portae

1005 2024 1082 2055 aliae
1116 2028 1197 2055 sunt
1230 2032 1250 2054 a
1288 2022 1397 2065 portis
1433 2021 1610 2057 Caucasiis
1645 2031 1707 2053 seu

1004 2073 1163 2114 Iber-icis,
1188 2072 1242 2104 hae
1269 2072 1359 2104 enim
1382 2075 1464 2103 sunt
1489 2071 1523 2103 in
1549 2069 1706 2104 Albnniae

1005 2122 1167 2164 confinio,
1189 2122 1309 2164 ingens
1323 2125 1455 2155 naturae
1470 2131 1567 2163 opus,
1589 2122 1709 2154 monti·-

1005 2174 1068 2206 bus
1085 2178 1229 2215 repente
1243 2173 1458 2214 interruptis,
1471 2172 1531 2204 ubi
1543 2171 1637 2205 fores
1647 2173 1710 2205 ob-

1005 2224 1088 2256 ditae
1104 2223 1244 2255 ferratis
1260 2223 1425 2263 trabibus,
1444 2221 1707 2255 subter-medin

1006 2283 1104 2306 amne
1123 2273 1297 2315 Dynodori
1314 2272 1454 2313 fluente,
1473 2275 1615 2304 auctore
1632 2271 1704 2304 Pli-

1004 2327 1060 2358 nio
1076 2325 1133 2358 lib.
1149 2335 1198 2358 vr.
1221 2335 1299 2366 cap.
1325 2326 1377 2356 11.
1404 2328 1440 2356 et
1459 2323 1629 2356 Strabone
1643 2324 1705 2356 lib.

1006 2385 1058 2408 xi.
1082 2375 1215 2416 Caspiae
1241 2384 1321 2406 vero
1351 2373 1489 2406 suntad
1511 2374 1611 2406 Mare
1626 2374 1710 2406 Cas-

1007 2427 1100 2468 pium
1119 2425 1251 2467 Caspiis
1268 2425 1428 2467 gentibus
1437 2425 1583 2466 Junctae,
1599 2425 1707 2457 imer-

1005 2477 1114 2518 ruptis
1131 2480 1275 2518 angusto
1301 2474 1449 2507 transitu
1465 2474 1574 2516 jugis,
1597 2474 1646 2506 ita
1670 2478 1710 2506 ut

1005 2527 1062 2559 vix
1078 2526 1211 2567 singula
1236 2530 1352 2558 meent
1376 2525 1544 2566 plausus,
1561 2525 1708 2567 longim-

1005 2575 1085 2607 dine
1123 2580 1202 2607 octo
1240 2575 1380 2606 millium
1418 2583 1590 2615 passuum,
1634 2579 1707 2606 toto

1004 2636 1109 2667 opere
1135 2624 1360 2664 manufacto,
1388 2630 1426 2656 ut
1452 2623 1559 2656 refert
1574 2623 1707 2655 Plinius

1004 2676 1065 2709 lib.
1083 2685 1131 2709 vr.
1145 2685 1222 2717 cap.
1239 2678 1290 2706 14.
1335 2675 1432 2715 Opus
1445 2673 1509 2705 hoc
1522 2677 1635 2706 sutem
1651 2674 1704 2705 di-

1004 2726 1094 2758 citur
1119 2724 1307 2758 Alexandri
1333 2723 1462 2764 magni.
1507 2723 1596 2756 Nam
1628 2733 1705 2757 cum

1005 2776 1169 2809 transitus
1182 2774 1273 2808 soret
1286 2783 1347 2816 per
1361 2774 1422 2806 has
1436 2772 1567 2815 fauces,
1583 2783 1706 2816 angus·
1759 2796 1763 2799 -
