1858 3112
245 252 360 299 1686

246 368 353 393 unum
383 358 513 391 fontem
547 356 693 389 diversis
721 356 951 390 convenienti-

246 411 310 444 bus
322 413 357 442 et
372 410 442 441 illic
453 408 667 448 coeuntibus,
676 414 868 441 monstrosa
877 417 951 440 nas-

246 465 373 493 cuntur
399 459 568 492 animalia.
601 458 682 490 inde
718 458 952 501 proverbium,

247 509 403 542 Africam
420 517 556 551 semper
569 509 649 541 novi
674 508 798 551 aliquid
817 507 950 541 afferre.

247 559 370 591 Domit.

289 611 331 640 29
354 610 401 641 Et
417 609 538 641 Pharia
551 611 590 641 de
612 612 706 649 gente
723 608 829 649 seras]
854 609 950 641 Pria-

246 669 321 692 mus
331 659 535 692 Homericus
552 660 595 691 de
611 659 774 691 Hectoris
790 659 884 691 caede
901 660 951 691 ita

245 709 432 751 quiritatur
447 710 538 751 apud
555 710 702 751 reliquos
717 714 815 741 natos
830 709 949 741 imbel-

246 759 314 792 les:
341 757 503 792 Σπεύσατέ
523 771 574 800 μοι
594 760 674 791 κακὰ
688 758 794 801 τέκνα,
813 758 949 801 κατηφό-

246 819 306 842 νες·
323 809 379 840 αἵθ’
398 808 461 849 ἅμα
470 808 584 842 πάντες
591 809 740 851 ’Έκτορος
753 809 884 850 ὠφέλετ’
899 809 949 841 ἆν-

247 860 278 892 ri
290 861 361 903 θοῇς
379 860 428 891 ἐπὶ
439 860 526 898 νηυσὶ
539 859 707 901 πεφάσθαι.
745 863 812 892 Τῶν
825 860 949 892 πάντων

245 910 281 943 οὔ
305 910 423 943 τόσσον
450 911 604 953 ὀδύρομαι,
621 911 792 953 ἀχνύμενός
812 925 881 954 περ,
893 912 948 945 ‘ns

244 959 324 993 ἑνός.
368 962 416 993 Ut
440 962 657 994 Domitianus
684 963 833 995 Leonem
851 967 947 995 tanto

244 1010 373 1043 effectu
397 1011 616 1053 ingemuerit,
637 1017 766 1054 quanto
790 1013 947 1045 Priamus

244 1061 447 1103 Hectorem,
461 1062 558 1104 cujus
589 1063 692 1095 Unius
711 1063 817 1095 amissi
839 1064 949 1103 tetigit

236 1112 368 1151 J'actura
384 1117 575 1154 parentem.
600 1113 727 1145 Morell.

300 1163 426 1195 CARM.
442 1172 494 1195 vr.
541 1164 725 1204 Epicedium
739 1164 838 1196 Pileti
858 1164 948 1205 Ursi]

245 1213 357 1246 Rhod.
372 1214 547 1246 Consolatio
561 1216 601 1246 ad
618 1215 758 1247 Flavium
768 1215 900 1257 Ruffum
912 1217 949 1247 de

243 1269 343 1297 morte
349 1267 439 1307 pueri
448 1267 582 1298 delicati.
590 1267 712 1298 Salisb.
725 1267 900 1299 Consolatio
907 1268 948 1298 ad

244 1315 393 1348 Flavium
413 1317 527 1348 Ursum
542 1318 579 1347 de
590 1317 753 1349 amissione
763 1318 855 1358 pueri
870 1317 947 1349 deli-

243 1366 320 1398 cati.
337 1367 438 1400 Quod
449 1367 658 1398 admisimus.
670 1368 799 1399 Scribit
809 1369 945 1410 quidem

244 1417 376 1449 Plinius
393 1417 573 1458 aliquoties
591 1417 632 1448 ad
645 1418 785 1457 Ursum,
800 1418 860 1450 sed
872 1420 946 1451 nul-

242 1467 276 1499 lo
292 1467 359 1499 alio
375 1466 511 1508 adjecto
527 1467 675 1508 nomine,
693 1473 730 1500 ut
746 1468 884 1501 dubium
901 1470 946 1502 sit

244 1527 285 1549 an
302 1518 356 1549 hic
370 1518 415 1549 sit
430 1517 499 1549 ille.
533 1518 678 1550 Videtur
695 1518 801 1550 cliens
818 1519 944 1552 Flaviae

241 1567 360 1599 domus
378 1571 438 1599 aut
461 1568 504 1599 ab
522 1577 558 1599 se
585 1573 644 1600 aut
659 1579 679 1601 a
702 1574 801 1611 patre
827 1569 944 1603 fuisse.

240 1620 377 1651 Amissi«)
393 1619 533 1659 εὐφημεῖ.
558 1620 695 1653 Gronov.

284 1674 303 1702 3
315 1670 506 1712 Accendere]
527 1671 583 1702 Sc.
597 1681 728 1713 rogum,
742 1676 778 1704 et
791 1673 942 1705 celebra-

241 1731 278 1753 re
302 1720 412 1752 funus.
457 1721 584 1753 Deserti
603 1726 727 1763 partem
744 1723 943 1755 conclamare

242 1771 320 1811 tori]
344 1771 478 1812 Lugere
507 1772 664 1804 amissam
695 1783 849 1805 uxorein.
875 1774 942 1806 Do-

242 1821 363 1854 mitius.

282 1875 304 1903 6
341 1873 385 1904 Et
415 1872 562 1911 fratrum
595 1871 747 1913 gemitus]
798 1874 846 1905 D.
868 1874 943 1906 Rex

244 1923 532 1964 Hymnographus
551 1923 583 1953 iu
603 1923 766 1963 Epicedio
783 1924 941 1956 Jonathae

243 1971 378 2004 affinis:
401 1972 490 2013 ἀλγῶ
503 1972 553 2003 ἐπὶ
567 1972 618 2013 σὲ,
633 1972 750 2014 ἀδελφέ
768 1986 839 2014 μου.
878 1975 943 2006 Ca-

241 2024 344 2055 tullus
360 2023 403 2055 ad
421 2022 550 2054 Fratris
565 2023 686 2054 Manes
700 2033 709 2055 ε
727 2024 737 2040 ‘
749 2024 940 2066 Numquam

239 2083 304 2116 ego
318 2078 352 2106 te
366 2074 432 2105 vita
448 2073 556 2105 frater
572 2073 750 2106 amabilior
765 2073 941 2116 Aspiciam

240 2129 318 2165 post
344 2124 426 2163 hae-3
450 2128 486 2155 at
516 2127 613 2155 certe
638 2133 774 2165 semper
795 2125 940 2158 amaboz

239 2176 383 2216 Semper
412 2179 533 2206 moesta
565 2178 622 2206 tua
648 2175 801 2207 carmina
831 2179 941 2208 morte

238 2224 383 2257 canam.'
399 2225 527 2256 Mareu.

282 2278 303 2306 9
326 2275 380 2307 Sic
394 2275 502 2306 miscet
519 2275 663 2307 Fortuna
677 2285 782 2315 manu,
800 2286 858 2308 nec
870 2286 940 2317 pec-

240 2329 308 2359 tora
321 2323 423 2364 novit]
449 2326 634 2366 Perperam
650 2326 830 2358 Piccartus
845 2328 940 2359 movit

237 2375 424 2416 conjectat,
440 2379 477 2406 ut
501 2375 675 2417 habetque
701 2377 799 2408 Rom.
823 2377 939 2410 editio.

235 2427 341 2460 Venit
352 2428 416 2459 sub
428 2437 570 2459 acumen
581 2428 667 2459 stili:
693 2428 720 2459 si
736 2428 843 2460 miscet
857 2430 939 2460 For-

235 2481 313 2509 tuna
328 2488 433 2516 mana,
445 2488 500 2510 nec
521 2481 648 2518 pectora
662 2478 770 2511 movit.
816 2479 894 2511 Non
911 2480 938 2511 si

234 2527 371 2560 fortuna
395 2522 513 2568 bonos,
538 2529 660 2570 malos,
683 2528 863 2570 perdigna,
887 2529 938 2561 in-

236 2578 337 2618 digna
354 2578 485 2618 miscet,
510 2579 538 2609 si
555 2588 597 2610 ex
612 2579 748 2610 homine
771 2579 872 2611 animi
889 2580 938 2611 in·

234 2627 336 2668 genui
353 2636 491 2658 servum
508 2627 605 2667 facit,
620 2634 837 2671 mentemque
853 2630 937 2663 libe-

233 2677 342 2709 ralem
359 2676 496 2707 addicto
514 2678 617 2708 vestit
633 2688 788 2719 corpore,
799 2686 938 2721 propte-

234 2736 294 2758 rea
307 2726 510 2766 contagione
529 2726 585 2758 illa
598 2729 701 2758 etiam
717 2734 855 2769 pectora
867 2740 937 2762 mo·

235 2777 339 2816 verit,
355 2780 576 2817 naturamque
603 2777 710 2817 ipsam
740 2789 815 2810 cum
844 2786 936 2814 statu

237 2826 507 2862 commutaverit.
540 2827 678 2859 Gronov.
707 2827 740 2859 in
768 2829 878 2861 Diatr.
908 2841 936 2864 c.

710 261 854 294 No'rAE
885 261 1151 294 VARIORUM
1183 262 1245 300 IN,

1001 360 1054 390 21.
1094 358 1164 389 Nec
1192 360 1319 398 pectora
1352 356 1466 398 movit]
1487 356 1498 376 ⁴
1514 357 1699 395 Portunum

1001 413 1143 449 pectora
1165 418 1232 441 nou
1252 409 1420 450 movisse‚’
1438 409 1490 441 ait
1513 409 1700 448 Dominus,

999 458 1055 490 hic
1072 458 1216 498 dictum,
1231 460 1311 499 quia
1325 459 1418 490 nulla
1431 463 1522 492 mota
1533 462 1587 492 est
1601 458 1700 491 mise-

1001 508 1167 540 ricordia:
1194 509 1274 540 mihi
1291 509 1406 550 placet
1423 518 1500 540 cum
1528 509 1603 540 aliis
1617 509 1700 542 scri-

999 560 1102 591 bere:
1123 569 1177 591 neo
1201 563 1326 601 pectora
1355 560 1451 593 novit.
1485 560 1580 593 Dicit
1607 560 1700 594 enim

999 609 1111 641 Po‘eta
1137 609 1310 642 fortunam
1344 620 1413 642 non
1427 619 1544 652 -agere
1578 610 1699 652 καρδια-

997 659 1155 700 γνῶστην,
1167 670 1231 693 nec
1242 661 1422 693 attendere
1435 661 1477 692 ad
1489 661 1700 697 voluntatem

998 711 1182 752 hominum,
1197 715 1234 743 et
1250 710 1364 743 videre
1389 711 1468 754 quid
1490 711 1540 743 illi
1565 711 1698 744 malint.

998 761 1053 793 Ita
1072 761 1222 793 Hercule
1249 761 1407 793 Sui-rent.
1423 760 1529 793 dixit:
1552 762 1562 780 ‘
1584 761 1613 793 si
1628 768 1698 798 mo,-

997 821 1051 843 res
1069 812 1280 853 humanaque
1304 815 1447 853 pectora
1467 820 1559 844 curae
1586 811 1699 845 Nosse

1000 861 1108 894 Deis!
1128 862 1259 894 Gerart.
1686 889 1689 892 ,
1707 857 1713 859 ἶ

1041 915 1080 945 11
1106 913 1166 944 Cui
1189 911 1486 953 mnjoristemmate]
1508 911 1698 946 ‘sunctum

995 963 1156 995 stemmae'
1183 973 1250 995 non
1277 967 1331 996 est
1362 962 1571 1005 propinquus
1600 961 1697 994 nobi-

997 1014 1104 1046 litatis
1131 1014 1271 1055 gradus,
1298 1023 1364 1056 quo
1389 1013 1537 1055 aliquem
1563 1013 1697 1046 contiu-

997 1065 1120 1107 gimus,
1145 1064 1206 1096 sed
1229 1065 1330 1106 longa
1350 1064 1439 1096 serie
1463 1063 1698 1096 continuatum

997 1119 1152 1147 stemma.
1178 1114 1266 1146 Vide
1283 1114 1432 1147 Observ.
1449 1114 1600 1147 Gronov.
1615 1114 1640 1147 1.
1654 1122 1697 1147 n.

997 1175 1027 1198 c.
1039 1167 1071 1197 3.

1042 1218 1083 1247 12
1105 1215 1250 1247 Libertas
1276 1224 1317 1247 ex
1341 1216 1441 1246 mente
1454 1212 1541 1255 suit]
1565 1213 1575 1232 ‘
1589 1213 1697 1247 Junc-

998 1271 1070 1298 tum
1085 1271 1230 1299 stemma
1240 1267 1250 1281 '
1265 1266 1400 1309 quidam
1423 1267 1697 1309 interpretantur

998 1318 1192 1351 libertatem
1214 1318 1257 1351 ab
1273 1318 1363 1350 Urso
1377 1318 1506 1351 datam.
1548 1317 1698 1350 Bernar-

998 1368 1065 1400 tius
1095 1372 1216 1409 mutat,
1245 1372 1282 1400 et
1311 1368 1399 1409 legit
1420 1367 1512 1407 justa
1536 1367 1695 1400 Libertas.

995 1421 1132 1462 Inepte.
1158 1420 1247 1452 Nam
1262 1419 1272 1437 ‘
1281 1419 1439 1460 junctum
1466 1418 1696 1452 stemma'bic

995 1471 1122 1511 posuit,
1133 1480 1195 1511 pro
1211 1469 1405 1511 propinquo
1417 1469 1607 1503 nobilitatis
1619 1479 1696 1511 gra-

994 1521 1053 1562 du,
1083 1531 1150 1564 quo
1182 1521 1330 1563 aliquem
1357 1520 1596 1562 contingimus.
1638 1520 1699 1554 lta

993 1572 1097 1604 Theb.
1113 1575 1146 1604 2.
1170 1572 1180 1591 ‘
1196 1571 1404 1612 Sanguinem
1425 1570 1606 1612 junctam'
1620 1570 1694 1603 dix-

993 1622 1043 1654 it:
1068 1623 1078 1640 ‘
1095 1622 1174 1654 Tibi
1198 1622 1295 1662 larga
1310 1620 1455 1663 (Pelops
1480 1623 1517 1653 et
1529 1621 1693 1654 Tantalus

993 1672 1132 1715 auctor)
1160 1673 1349 1713 Nobilitas,
1377 1672 1584 1715 propiorque
1609 1671 1694 1705 fluat

993 1724 1036 1756 de
1053 1724 1219 1765 sanguine
1228 1724 1354 1766 juncto
1368 1722 1552 1765 Juppiter:
1573 1723 1694 1755 Malim

993 1774 1095 1806 etiam
1123 1775 1249 1815 legere,
1277 1773 1432 1805 litterula
1452 1773 1582 1815 addita,
1600 1773 1695 1816 fluit,

993 1826 1142 1867 profuit.
1157 1825 1304 1856 Libertas
1318 1833 1358 1857 ex
1371 1828 1471 1857 mente
1475 1824 1566 1866 fluit.
1591 1824 1602 1842 ‘
1614 1824 1694 1856 Flu·

993 1875 1073 1907 ere'
1089 1875 1178 1907 enim
1206 1875 1345 1916 proprie
1371 1875 1406 1906 in
1430 1884 1472 1907 ea
1494 1884 1537 1906 re
1553 1874 1691 1907 dicitur.

991 1927 1080 1958 Stat.
1106 1935 1228 1967 supra:
1263 1926 1273 1943 ‘
1299 1925 1514 1967 Propior-que
1537 1923 1623 1957 fluat
1647 1924 1691 1957 de

991 1977 1154 2017 sanguiue
1164 1976 1289 2017 juncto
1302 1974 1488 2017 JuppiterJ
1507 1975 1606 2008 Idem.

1036 2028 1075 2058 13
1103 2026 1242 2066 Rumpat
1259 2025 1382 2064 sroenos
1394 2025 1480 2056 dolor
1501 2024 1576 2066 iste,
1597 2023 1695 2069 Deis·

992 2075 1065 2117 que]
1094 2076 1205 2107 Locus
1215 2075 1270 2107 hic
1281 2074 1550 2107 obscurissimus.
1581 2075 1693 2109 Quor-

992 2136 1065 2158 sum
1090 2126 1179 2158 enim
1202 2124 1240 2158 τὸ
1261 2125 1399 2167 Βείεφιε
1423 2123 1574 2157 referas?
1597 2125 1692 2158 Non-

991 2178 1074 2210 nulli
1093 2177 1308 2219 parenthesin
1321 2176 1474 2217 demunt,
1490 2181 1525 2210 et
1538 2176 1577 2208 τδ
1588 2177 1618 2209 si
1636 2177 1692 2210 hic

989 2229 1000 2248 ‘
1016 2229 1183 2271 siquidem
1197 2231 1205 2245 ’
1219 2229 1499 2270 interpretantur,
1512 2231 1554 2260 ut
1571 2237 1691 2260 sensus

990 2279 1036 2312 sit
1051 2291 1059 2312 :
1083 2279 1259 2321 Siquidem
1274 2279 1353 2311 Diis
1368 2283 1436 2311 tam
1448 2278 1532 2310 dura
1543 2278 1691 2319 placent.

991 2331 1078 2372 Ego,
1095 2335 1232 2363 retenta
1251 2329 1458 2371 parenthesi,
1473 2328 1560 2360 malo
1575 2327 1691 2360 dicere

990 2379 1221 2422 Aposiopesin
1233 2380 1288 2412 hic
1301 2380 1423 2412 latere.
1459 2378 1588 2411 Incitat
1599 2377 1689 2412 euim

988 2431 1113 2462 Ursum
1136 2430 1179 2461 ad
1195 2429 1392 2470 dolendum,
1413 2429 1636 2470 hortaturque
1651 2431 1691 2460 ut

988 2480 1115 2513 fraenos
1131 2481 1242 2513 dolori
1269 2481 1375 2521 laxet,
1388 2484 1425 2512 et
1439 2480 1535 2512 Deos
1551 2483 1691 2512 accuset

989 2532 1080 2574 quod
1117 2541 1261 2573 puerum
1292 2536 1362 2564 tam
1398 2530 1571 2571 egregium
1601 2529 1689 2563 adeo

987 2583 1170 2614 immatura
1194 2585 1304 2613 morte
1330 2581 1521 2613 abstulerit.
1563 2579 1688 2622 Itaque

988 2643 1066 2664 cum
1084 2633 1145 2673 ait,
1168 2632 1318 2672 Deisque,
1339 2630 1496 2671 subaudi,
1513 2629 1689 2662 ‘convicia

988 2681 1135 2721 inferas‚'
1163 2686 1223 2714 aut
1253 2681 1334 2723 quid
1365 2680 1484 2712 simile.
1517 2679 1583 2711 Vel
1608 2679 1686 2721 lege

987 2733 1129 2773 Deosque
1138 2743 1149 2764 .·
1170 2736 1294 2772 rumpat
1311 2731 1433 2770 fraenos
1447 2731 1532 2763 dolor
1545 2730 1604 2762 iste
1618 2730 1687 2763 Des>

986 2792 1088 2823 osque.
1133 2782 1217 2813 Deos
1239 2790 1357 2822 rumpe,
1386 2779 1420 2812 id
1447 2785 1500 2812 est
1530 2780 1686 2813 Deorum

986 2832 1150 2867 invidiam
1164 2836 1356 2873 contemne,
1367 2831 1420 2864 vel
1432 2829 1571 2864 fortiter
1579 2829 1689 2871 fens,
