<?xml version="1.0" encoding="UTF-8"?>
<!DOCTYPE html PUBLIC "-//W3C//DTD XHTML 1.0 Transitional//EN"
    "http://www.w3.org/TR/xhtml1/DTD/xhtml1-transitional.dtd">
<html xmlns="http://www.w3.org/1999/xhtml" xml:lang="en" lang="en">
 <head>
  <title>
</title>
<meta http-equiv="Content-Type" content="text/html;charset=utf-8" />
  <meta name='ocr-system' content='tesseract 3.04.00' />
  <meta name='ocr-capabilities' content='ocr_page ocr_carea ocr_par ocr_line ocrx_word'/>
</head>
<body>
  <div class='ocr_page' id='page_1' title='image "./operaomniaexedit03statuoft_0067.png"; bbox 0 0 1846 3120; ppageno 0'>
   <div class='ocr_carea' id='block_1_1' title="bbox 0 0 101 139">
    <p class='ocr_par' dir='ltr' id='par_1_1' title="bbox 0 0 101 139">
     <span class='ocr_line' id='line_1_1' title="bbox 0 0 101 139; baseline 0 2981"><span class='ocrx_word' id='word_1_1' title='bbox 0 0 101 139; x_wconf 95' lang='lat' dir='ltr'><strong> </strong></span> 
     </span>
    </p>
   </div>
   <div class='ocr_carea' id='block_1_2' title="bbox 604 238 1614 286">
    <p class='ocr_par' dir='ltr' id='par_1_2' title="bbox 604 238 1614 286">
     <span class='ocr_line' id='line_1_2' title="bbox 604 238 1614 286; baseline -0.003 -1"><span class='ocrx_word' id='word_1_2' title='bbox 604 249 890 286; x_wconf 74' lang='lat' dir='ltr'><strong>·rnnsAmos</strong></span> <span class='ocrx_word' id='word_1_3' title='bbox 923 249 1019 281; x_wconf 76' lang='lat' dir='ltr'><strong>un.</strong></span> <span class='ocrx_word' id='word_1_4' title='bbox 1052 250 1142 282; x_wconf 84' lang='lat' dir='ltr'><strong>vn.</strong></span> <span class='ocrx_word' id='word_1_5' title='bbox 1499 238 1614 282; x_wconf 80' lang='grc'><strong>1167</strong></span> 
     </span>
    </p>
   </div>
   <div class='ocr_carea' id='block_1_3' title="bbox 87 345 1337 947">
    <p class='ocr_par' dir='ltr' id='par_1_3' title="bbox 87 345 1330 741">
     <span class='ocr_line' id='line_1_3' title="bbox 87 345 1288 401; baseline -0.005 -8"><span class='ocrx_word' id='word_1_6' title='bbox 87 373 91 378; x_wconf 93' lang='lat'><em>·</em></span> <span class='ocrx_word' id='word_1_7' title='bbox 146 347 316 401; x_wconf 85' lang='lat' dir='ltr'><strong>Suasit,</strong></span> <span class='ocrx_word' id='word_1_8' title='bbox 335 350 384 391; x_wconf 90' lang='lat' dir='ltr'><strong>et</strong></span> <span class='ocrx_word' id='word_1_9' title='bbox 403 348 636 390; x_wconf 88' lang='lat' dir='ltr'><strong>assuetum</strong></span> <span class='ocrx_word' id='word_1_10' title='bbox 658 346 844 389; x_wconf 86' lang='lat' dir='ltr'><strong>Bromio</strong></span> <span class='ocrx_word' id='word_1_11' title='bbox 864 350 1036 389; x_wconf 89' lang='lat' dir='ltr'><strong>mutare</strong></span> <span class='ocrx_word' id='word_1_12' title='bbox 1055 345 1249 388; x_wconf 87' lang='lat' dir='ltr'><strong>furorem</strong></span> <span class='ocrx_word' id='word_1_13' title='bbox 1268 345 1288 386; x_wconf 74' lang='lat' dir='ltr'><strong>‘l</strong></span> 
     </span>
     <span class='ocr_line' id='line_1_4' title="bbox 147 414 1330 472; baseline -0.005 -11"><span class='ocrx_word' id='word_1_14' title='bbox 147 416 296 470; x_wconf 85' lang='lat' dir='ltr'><strong>Quem</strong></span> <span class='ocrx_word' id='word_1_15' title='bbox 315 421 475 459; x_wconf 85' lang='lat' dir='ltr'><strong>terrere</strong></span> <span class='ocrx_word' id='word_1_16' title='bbox 497 415 671 472; x_wconf 76' lang='lat' dir='ltr'><strong>queas‘t</strong></span> <span class='ocrx_word' id='word_1_17' title='bbox 701 415 849 470; x_wconf 89' lang='lat' dir='ltr'>clypei</span> <span class='ocrx_word' id='word_1_18' title='bbox 866 414 1137 470; x_wconf 82' lang='lat' dir='ltr'><strong>penetrabile</strong></span> <span class='ocrx_word' id='word_1_19' title='bbox 1157 418 1330 457; x_wconf 87' lang='lat' dir='ltr'><strong>textum</strong></span> 
     </span>
     <span class='ocr_line' id='line_1_5' title="bbox 145 482 1254 538; baseline -0.004 -11"><span class='ocrx_word' id='word_1_20' title='bbox 145 484 371 532; x_wconf 75' lang='lat' dir='ltr'><strong>Pallentes</strong></span> <span class='ocrx_word' id='word_1_21' title='bbox 390 483 578 534; x_wconf 88' lang='lat' dir='ltr'><strong>hederae,</strong></span> <span class='ocrx_word' id='word_1_22' title='bbox 601 482 860 538; x_wconf 86' lang='lat' dir='ltr'><strong>Nysaeaque</strong></span> <span class='ocrx_word' id='word_1_23' title='bbox 882 486 1002 524; x_wconf 88' lang='lat' dir='ltr'><strong>serta</strong></span> <span class='ocrx_word' id='word_1_24' title='bbox 1021 486 1254 524; x_wconf 89' lang='lat' dir='ltr'><strong>coronant.</strong></span> 
     </span>
     <span class='ocr_line' id='line_1_6' title="bbox 144 550 1211 607; baseline -0.004 -11"><span class='ocrx_word' id='word_1_25' title='bbox 144 551 347 596; x_wconf 85' lang='lat' dir='ltr'><strong>Candida</strong></span> <span class='ocrx_word' id='word_1_26' title='bbox 361 552 603 607; x_wconf 89' lang='lat' dir='ltr'><strong>pampineo</strong></span> <span class='ocrx_word' id='word_1_27' title='bbox 624 551 897 594; x_wconf 85' lang='lat' dir='ltr'><strong>subnectitur</strong></span> <span class='ocrx_word' id='word_1_28' title='bbox 915 550 1071 592; x_wconf 88' lang='lat' dir='ltr'><strong>instita</strong></span> <span class='ocrx_word' id='word_1_29' title='bbox 1088 550 1183 605; x_wconf 90' lang='lat' dir='ltr'><strong>pilo</strong></span> <span class='ocrx_word' id='word_1_30' title='bbox 1200 563 1211 592; x_wconf 73' lang='grc' dir='ltr'>ε</span> 
     </span>
     <span class='ocr_line' id='line_1_7' title="bbox 145 618 1283 672; baseline -0.003 -8"><span class='ocrx_word' id='word_1_31' title='bbox 145 619 279 664; x_wconf 83' lang='lat' dir='ltr'><strong>Crine</strong></span> <span class='ocrx_word' id='word_1_32' title='bbox 297 619 435 662; x_wconf 86' lang='lat' dir='ltr'><strong>latent</strong></span> <span class='ocrx_word' id='word_1_33' title='bbox 450 618 648 665; x_wconf 85' lang='lat' dir='ltr'><strong>humeri:</strong></span> <span class='ocrx_word' id='word_1_34' title='bbox 681 621 891 660; x_wconf 90' lang='lat' dir='ltr'><strong>crescunt</strong></span> <span class='ocrx_word' id='word_1_35' title='bbox 908 618 1116 672; x_wconf 87' lang='lat' dir='ltr'><strong>lanugine</strong></span> <span class='ocrx_word' id='word_1_36' title='bbox 1136 618 1283 669; x_wconf 86' lang='lat' dir='ltr'><strong>malae,</strong></span> 
     </span>
     <span class='ocr_line' id='line_1_8' title="bbox 144 685 1184 741; baseline -0.002 -10"><span class='ocrx_word' id='word_1_37' title='bbox 144 686 204 732; x_wconf 80' lang='lat' dir='ltr'><strong>Et</strong></span> <span class='ocrx_word' id='word_1_38' title='bbox 219 687 344 730; x_wconf 88' lang='lat' dir='ltr'><strong>rubet</strong></span> <span class='ocrx_word' id='word_1_39' title='bbox 362 685 556 728; x_wconf 86' lang='lat' dir='ltr'><strong>imbellis</strong></span> <span class='ocrx_word' id='word_1_40' title='bbox 574 685 713 741; x_wconf 56' lang='grc' dir='ltr'><strong>ΊὛτίο</strong></span> <span class='ocrx_word' id='word_1_41' title='bbox 730 686 979 728; x_wconf 86' lang='lat' dir='ltr'><strong>subtemine</strong></span> <span class='ocrx_word' id='word_1_42' title='bbox 1001 685 1184 729; x_wconf 84' lang='lat' dir='ltr'><strong>thorax:</strong></span> 
     </span>
    </p>

    <p class='ocr_par' dir='ltr' id='par_1_4' title="bbox 110 753 1337 947">
     <span class='ocr_line' id='line_1_9' title="bbox 110 753 1337 809; baseline -0.002 -10"><span class='ocrx_word' id='word_1_43' title='bbox 110 753 114 756; x_wconf 76' lang='grc'><strong><em>’</em></strong></span> <span class='ocrx_word' id='word_1_44' title='bbox 145 754 426 809; x_wconf 84' lang='lat' dir='ltr'><strong>Brachiaque</strong></span> <span class='ocrx_word' id='word_1_45' title='bbox 442 754 491 796; x_wconf 87' lang='lat' dir='ltr'><strong>in</strong></span> <span class='ocrx_word' id='word_1_46' title='bbox 506 754 709 805; x_wconf 84' lang='lat' dir='ltr'><strong>manicis,</strong></span> <span class='ocrx_word' id='word_1_47' title='bbox 730 757 773 796; x_wconf 91' lang='lat' dir='ltr'><strong>et</strong></span> <span class='ocrx_word' id='word_1_48' title='bbox 792 755 932 809; x_wconf 84' lang='lat' dir='ltr'><strong>pictoe</strong></span> <span class='ocrx_word' id='word_1_49' title='bbox 953 754 1136 796; x_wconf 88' lang='lat' dir='ltr'><strong>vincula</strong></span> <span class='ocrx_word' id='word_1_50' title='bbox 1154 754 1337 809; x_wconf 73' lang='lat' dir='ltr'><strong>plantae,</strong></span> 
     </span>
     <span class='ocr_line' id='line_1_10' title="bbox 146 821 1123 878; baseline -0.002 -12"><span class='ocrx_word' id='word_1_51' title='bbox 146 822 451 878; x_wconf 81' lang='lat' dir='ltr'><strong>carbaseique</strong></span> <span class='ocrx_word' id='word_1_52' title='bbox 471 823 610 873; x_wconf 88' lang='lat' dir='ltr'><strong>sinus,</strong></span> <span class='ocrx_word' id='word_1_53' title='bbox 630 825 675 864; x_wconf 88' lang='lat' dir='ltr'><strong>et</strong></span> <span class='ocrx_word' id='word_1_54' title='bbox 690 822 826 864; x_wconf 90' lang='lat' dir='ltr'><strong>fibula</strong></span> <span class='ocrx_word' id='word_1_55' title='bbox 844 821 992 864; x_wconf 84' lang='lat' dir='ltr'><strong>rasilis</strong></span> <span class='ocrx_word' id='word_1_56' title='bbox 1013 835 1123 864; x_wconf 90' lang='lat' dir='ltr'><strong>auro</strong></span> 
     </span>
     <span class='ocr_line' id='line_1_11' title="bbox 146 889 1202 947; baseline -0.003 -12"><span class='ocrx_word' id='word_1_57' title='bbox 146 891 402 935; x_wconf 82' lang='lat' dir='ltr'><strong>Taenariam</strong></span> <span class='ocrx_word' id='word_1_58' title='bbox 419 889 544 934; x_wconf 85' lang='lat' dir='ltr'><strong>fulva</strong></span> <span class='ocrx_word' id='word_1_59' title='bbox 561 890 794 934; x_wconf 86' lang='lat' dir='ltr'><strong>mordebat</strong></span> <span class='ocrx_word' id='word_1_60' title='bbox 811 889 986 947; x_wconf 88' lang='lat' dir='ltr'><strong>iaspide</strong></span> <span class='ocrx_word' id='word_1_61' title='bbox 1006 891 1171 945; x_wconf 89' lang='lat' dir='ltr'><strong>pallam</strong></span> <span class='ocrx_word' id='word_1_62' title='bbox 1189 904 1202 944; x_wconf 88' lang='grc'><strong>;</strong></span> 
     </span>
    </p>
   </div>
   <div class='ocr_carea' id='block_1_4' title="bbox 1512 581 1615 662">
    <p class='ocr_par' dir='ltr' id='par_1_5' title="bbox 1512 581 1615 662">
     <span class='ocr_line' id='line_1_12' title="bbox 1512 581 1615 662; baseline 0.01 -1"><span class='ocrx_word' id='word_1_63' title='bbox 1512 581 1615 662; x_wconf 35' lang='lat'>⁶655</span> 
     </span>
    </p>
   </div>
   <div class='ocr_carea' id='block_1_5' title="bbox 146 1010 1615 1232">
    <p class='ocr_par' dir='ltr' id='par_1_6' title="bbox 147 1010 1615 1143">
     <span class='ocr_line' id='line_1_13' title="bbox 147 1010 1612 1058; baseline 0 -9"><span class='ocrx_word' id='word_1_64' title='bbox 147 1019 212 1049; x_wconf 70' lang='lat' dir='ltr'><strong>unt</strong></span> <span class='ocrx_word' id='word_1_65' title='bbox 224 1015 361 1048; x_wconf 59' lang='lat' dir='ltr'><strong>Baccho.</strong></span> <span class='ocrx_word' id='word_1_66' title='bbox 406 1015 506 1052; x_wconf 83' lang='lat' dir='ltr'><strong>Quem</strong></span> <span class='ocrx_word' id='word_1_67' title='bbox 517 1013 638 1056; x_wconf 69' lang='lat' dir='ltr'><strong>poteris</strong></span> <span class='ocrx_word' id='word_1_68' title='bbox 651 1016 849 1046; x_wconf 70' lang='lat' dir='ltr'><strong>consternare</strong></span> <span class='ocrx_word' id='word_1_69' title='bbox 857 1010 874 1045; x_wconf 61' lang='grc' dir='ltr'><strong>ί)</strong></span> <span class='ocrx_word' id='word_1_70' title='bbox 918 1013 1059 1045; x_wconf 71' lang='lat' dir='ltr'><strong>Pallida-2</strong></span> <span class='ocrx_word' id='word_1_71' title='bbox 1073 1014 1208 1053; x_wconf 83' lang='lat' dir='ltr'><strong>hederoe,</strong></span> <span class='ocrx_word' id='word_1_72' title='bbox 1223 1017 1255 1046; x_wconf 74' lang='lat' dir='ltr'><strong>et</strong></span> <span class='ocrx_word' id='word_1_73' title='bbox 1268 1024 1390 1047; x_wconf 82' lang='lat' dir='ltr'><strong>coronoe</strong></span> <span class='ocrx_word' id='word_1_74' title='bbox 1406 1015 1536 1058; x_wconf 79' lang='lat' dir='ltr'><strong>Nysceoe</strong></span> <span class='ocrx_word' id='word_1_75' title='bbox 1545 1027 1612 1049; x_wconf 83' lang='lat' dir='ltr'><strong>am-</strong></span> 
     </span>
     <span class='ocr_line' id='line_1_14' title="bbox 148 1056 1614 1100; baseline 0 -8"><span class='ocrx_word' id='word_1_76' title='bbox 148 1059 366 1092; x_wconf 70' lang='lat' dir='ltr'><strong>binnttexeum</strong></span> <span class='ocrx_word' id='word_1_77' title='bbox 372 1057 455 1090; x_wconf 69' lang='lat' dir='ltr'><strong>mfi</strong></span> <span class='ocrx_word' id='word_1_78' title='bbox 463 1057 617 1100; x_wconf 74' lang='lat' dir='ltr'><strong>pervium,</strong></span> <span class='ocrx_word' id='word_1_79' title='bbox 624 1056 870 1096; x_wconf 73' lang='lat' dir='ltr'><strong>etalbasasciola</strong></span> <span class='ocrx_word' id='word_1_80' title='bbox 879 1056 1056 1094; x_wconf 76' lang='lat' dir='ltr'><strong>subligatur</strong></span> <span class='ocrx_word' id='word_1_81' title='bbox 1064 1057 1171 1098; x_wconf 80' lang='lat' dir='ltr'><strong>thyrso</strong></span> <span class='ocrx_word' id='word_1_82' title='bbox 1181 1058 1339 1098; x_wconf 79' lang='lat' dir='ltr'><strong>pampinis</strong></span> <span class='ocrx_word' id='word_1_83' title='bbox 1345 1062 1456 1090; x_wconf 75' lang='lat' dir='ltr'><strong>amato</strong></span> <span class='ocrx_word' id='word_1_84' title='bbox 1465 1071 1476 1091; x_wconf 88' lang='lat'><strong>.·</strong></span> <span class='ocrx_word' id='word_1_85' title='bbox 1491 1060 1614 1091; x_wconf 80' lang='lat' dir='ltr'><strong>humeri</strong></span> 
     </span>
     <span class='ocr_line' id='line_1_15' title="bbox 148 1099 1615 1143; baseline -0.001 -7"><span class='ocrx_word' id='word_1_86' title='bbox 148 1105 300 1143; x_wconf 64' lang='lat' dir='ltr'><strong>aqum·</strong></span> <span class='ocrx_word' id='word_1_87' title='bbox 311 1102 423 1134; x_wconf 68' lang='lat' dir='ltr'><strong>comis:</strong></span> <span class='ocrx_word' id='word_1_88' title='bbox 445 1102 561 1141; x_wconf 75' lang='lat' dir='ltr'><strong>lanugo</strong></span> <span class='ocrx_word' id='word_1_89' title='bbox 585 1100 721 1141; x_wconf 80' lang='lat' dir='ltr'><strong>inserpit</strong></span> <span class='ocrx_word' id='word_1_90' title='bbox 743 1099 848 1140; x_wconf 72' lang='lat' dir='ltr'><strong>genis,</strong></span> <span class='ocrx_word' id='word_1_91' title='bbox 872 1102 901 1131; x_wconf 78' lang='lat' dir='ltr'><strong>et</strong></span> <span class='ocrx_word' id='word_1_92' title='bbox 927 1099 1119 1141; x_wconf 77' lang='lat' dir='ltr'><strong>effoeminata</strong></span> <span class='ocrx_word' id='word_1_93' title='bbox 1143 1101 1243 1132; x_wconf 80' lang='lat' dir='ltr'><strong>lorica</strong></span> <span class='ocrx_word' id='word_1_94' title='bbox 1266 1100 1357 1133; x_wconf 84' lang='lat' dir='ltr'><strong>rubet</strong></span> <span class='ocrx_word' id='word_1_95' title='bbox 1369 1102 1426 1134; x_wconf 81' lang='lat' dir='ltr'><strong>sub</strong></span> <span class='ocrx_word' id='word_1_96' title='bbox 1441 1103 1615 1135; x_wconf 77' lang='lat' dir='ltr'><strong>subtemine</strong></span> 
     </span>
    </p>

    <p class='ocr_par' dir='ltr' id='par_1_7' title="bbox 146 1143 1615 1232">
     <span class='ocr_line' id='line_1_16' title="bbox 223 1143 1613 1185; baseline 0 -8"><span class='ocrx_word' id='word_1_97' title='bbox 223 1145 231 1154; x_wconf 87' lang='lat'><em>⁰</em></span> <span class='ocrx_word' id='word_1_98' title='bbox 254 1155 266 1178; x_wconf 76' lang='lat'><strong>.-</strong></span> <span class='ocrx_word' id='word_1_99' title='bbox 289 1144 416 1177; x_wconf 71' lang='lat' dir='ltr'><strong>brachia</strong></span> <span class='ocrx_word' id='word_1_100' title='bbox 430 1144 490 1176; x_wconf 72' lang='lat' dir='ltr'><strong>tibi</strong></span> <span class='ocrx_word' id='word_1_101' title='bbox 505 1144 540 1175; x_wconf 76' lang='lat' dir='ltr'><strong>in</strong></span> <span class='ocrx_word' id='word_1_102' title='bbox 554 1143 698 1182; x_wconf 75' lang='lat' dir='ltr'><strong>manicis,</strong></span> <span class='ocrx_word' id='word_1_103' title='bbox 714 1146 745 1175; x_wconf 82' lang='lat' dir='ltr'><strong>et</strong></span> <span class='ocrx_word' id='word_1_104' title='bbox 758 1143 870 1184; x_wconf 84' lang='lat' dir='ltr'><strong>pedum</strong></span> <span class='ocrx_word' id='word_1_105' title='bbox 885 1143 1091 1174; x_wconf 78' lang='lat' dir='ltr'><strong>calceamenta</strong></span> <span class='ocrx_word' id='word_1_106' title='bbox 1105 1153 1163 1174; x_wconf 76' lang='lat' dir='ltr'><strong>acu</strong></span> <span class='ocrx_word' id='word_1_107' title='bbox 1174 1143 1261 1183; x_wconf 79' lang='lat' dir='ltr'><strong>picta</strong></span> <span class='ocrx_word' id='word_1_108' title='bbox 1276 1148 1378 1185; x_wconf 78' lang='lat' dir='ltr'><strong>erant,</strong></span> <span class='ocrx_word' id='word_1_109' title='bbox 1392 1148 1422 1176; x_wconf 83' lang='lat' dir='ltr'><strong>et</strong></span> <span class='ocrx_word' id='word_1_110' title='bbox 1439 1145 1528 1178; x_wconf 74' lang='lat' dir='ltr'><strong>sinus</strong></span> <span class='ocrx_word' id='word_1_111' title='bbox 1541 1156 1613 1177; x_wconf 87' lang='lat' dir='ltr'><strong>car-</strong></span> 
     </span>
     <span class='ocr_line' id='line_1_17' title="bbox 146 1185 1615 1232; baseline -0.001 -10"><span class='ocrx_word' id='word_1_112' title='bbox 146 1188 242 1231; x_wconf 66' lang='lat' dir='ltr'><strong>bani,</strong></span> <span class='ocrx_word' id='word_1_113' title='bbox 255 1187 397 1232; x_wconf 68' lang='lat' dir='ltr'><strong>etflbula</strong></span> <span class='ocrx_word' id='word_1_114' title='bbox 416 1197 494 1220; x_wconf 77' lang='lat' dir='ltr'><strong>auro</strong></span> <span class='ocrx_word' id='word_1_115' title='bbox 507 1186 629 1230; x_wconf 80' lang='lat' dir='ltr'><strong>affabre</strong></span> <span class='ocrx_word' id='word_1_116' title='bbox 647 1186 742 1226; x_wconf 78' lang='lat' dir='ltr'><strong>sacta</strong></span> <span class='ocrx_word' id='word_1_117' title='bbox 756 1185 953 1218; x_wconf 73' lang='lat' dir='ltr'><strong>connectebat</strong></span> <span class='ocrx_word' id='word_1_118' title='bbox 970 1185 1067 1225; x_wconf 78' lang='lat' dir='ltr'><strong>fulva</strong></span> <span class='ocrx_word' id='word_1_119' title='bbox 1081 1186 1201 1228; x_wconf 56' lang='lat' dir='ltr'><strong>iaspide</strong></span> <span class='ocrx_word' id='word_1_120' title='bbox 1215 1186 1407 1230; x_wconf 78' lang='lat' dir='ltr'><strong>chlamydem</strong></span> <span class='ocrx_word' id='word_1_121' title='bbox 1425 1188 1615 1230; x_wconf 70' lang='lat' dir='ltr'><strong>Tcenarv’um,</strong></span> 
     </span>
    </p>
   </div>
   <div class='ocr_carea' id='block_1_6' title="bbox 756 1281 999 1294">
    <p class='ocr_par' dir='ltr' id='par_1_8' title="bbox 756 1281 999 1294">
     <span class='ocr_line' id='line_1_18' title="bbox 756 1281 999 1294; baseline -0.004 0"><span class='ocrx_word' id='word_1_122' title='bbox 756 1281 999 1294; x_wconf 52' lang='lat' dir='ltr'><strong>OOOO‘MOOOOO</strong></span> 
     </span>
    </p>
   </div>
   <div class='ocr_carea' id='block_1_7' title="bbox 136 1342 1616 1518">
    <p class='ocr_par' dir='ltr' id='par_1_9' title="bbox 136 1342 1616 1518">
     <span class='ocr_line' id='line_1_19' title="bbox 144 1342 1614 1387; baseline -0.002 -7"><span class='ocrx_word' id='word_1_123' title='bbox 144 1344 280 1386; x_wconf 74' lang='lat' dir='ltr'><strong>Bmlid.</strong></span> <span class='ocrx_word' id='word_1_124' title='bbox 306 1344 463 1387; x_wconf 78' lang='lat' dir='ltr'><strong>Lipsian.</strong></span> <span class='ocrx_word' id='word_1_125' title='bbox 488 1348 526 1378; x_wconf 87' lang='lat' dir='ltr'><strong>et</strong></span> <span class='ocrx_word' id='word_1_126' title='bbox 546 1343 626 1377; x_wconf 85' lang='lat' dir='ltr'><strong>edd.</strong></span> <span class='ocrx_word' id='word_1_127' title='bbox 640 1347 727 1377; x_wconf 79' lang='lat' dir='ltr'><strong>vett.</strong></span> <span class='ocrx_word' id='word_1_128' title='bbox 745 1352 925 1385; x_wconf 78' lang='lat' dir='ltr'><strong>purpureo‚·</strong></span> <span class='ocrx_word' id='word_1_129' title='bbox 948 1343 1041 1375; x_wconf 85' lang='lat' dir='ltr'><strong>Dan.</strong></span> <span class='ocrx_word' id='word_1_130' title='bbox 1055 1342 1139 1375; x_wconf 89' lang='lat' dir='ltr'><strong>Put.</strong></span> <span class='ocrx_word' id='word_1_131' title='bbox 1157 1342 1279 1376; x_wconf 81' lang='lat' dir='ltr'><strong>Petav.</strong></span> <span class='ocrx_word' id='word_1_132' title='bbox 1290 1344 1441 1386; x_wconf 85' lang='lat' dir='ltr'><strong>optimus</strong></span> <span class='ocrx_word' id='word_1_133' title='bbox 1454 1345 1614 1378; x_wconf 83' lang='lat' dir='ltr'><strong>Barthia-</strong></span> 
     </span>
     <span class='ocr_line' id='line_1_20' title="bbox 145 1386 1615 1431; baseline -0.001 -9"><span class='ocrx_word' id='word_1_134' title='bbox 145 1398 223 1430; x_wconf 65' lang='lat' dir='ltr'><strong>aas,</strong></span> <span class='ocrx_word' id='word_1_135' title='bbox 242 1387 404 1431; x_wconf 46' lang='lat' dir='ltr'><strong>§lineum</strong></span> <span class='ocrx_word' id='word_1_136' title='bbox 421 1387 654 1428; x_wconf 83' lang='lat' dir='ltr'><strong>Lindenbrog.</strong></span> <span class='ocrx_word' id='word_1_137' title='bbox 670 1388 773 1420; x_wconf 86' lang='lat' dir='ltr'><strong>Cruc.</strong></span> <span class='ocrx_word' id='word_1_138' title='bbox 791 1387 943 1419; x_wconf 85' lang='lat' dir='ltr'><strong>Gronov.</strong></span> <span class='ocrx_word' id='word_1_139' title='bbox 963 1386 1084 1418; x_wconf 82' lang='lat' dir='ltr'><strong>Barth.</strong></span> <span class='ocrx_word' id='word_1_140' title='bbox 1109 1386 1217 1419; x_wconf 78' lang='lat' dir='ltr'><strong>Veen.</strong></span> <span class='ocrx_word' id='word_1_141' title='bbox 1232 1392 1269 1419; x_wconf 86' lang='lat' dir='ltr'><strong>et</strong></span> <span class='ocrx_word' id='word_1_142' title='bbox 1290 1387 1418 1428; x_wconf 88' lang='lat' dir='ltr'><strong>Delph.</strong></span> <span class='ocrx_word' id='word_1_143' title='bbox 1438 1389 1615 1431; x_wconf 79' lang='lat' dir='ltr'><strong>pampineo.</strong></span> 
     </span>
     <span class='ocr_line' id='line_1_21' title="bbox 145 1429 1616 1473; baseline -0.002 -6"><span class='ocrx_word' id='word_1_144' title='bbox 145 1431 272 1467; x_wconf 72' lang='lat' dir='ltr'><strong>Behot.</strong></span> <span class='ocrx_word' id='word_1_145' title='bbox 285 1435 317 1465; x_wconf 92' lang='lat'><strong>1.</strong></span> <span class='ocrx_word' id='word_1_146' title='bbox 340 1431 492 1473; x_wconf 81' lang='lat' dir='ltr'><strong>optimus</strong></span> <span class='ocrx_word' id='word_1_147' title='bbox 514 1431 734 1470; x_wconf 83' lang='lat' dir='ltr'><strong>Barthiauus‚</strong></span> <span class='ocrx_word' id='word_1_148' title='bbox 760 1431 868 1471; x_wconf 79' lang='lat' dir='ltr'><strong>Lang.</strong></span> <span class='ocrx_word' id='word_1_149' title='bbox 897 1430 997 1462; x_wconf 78' lang='lat' dir='ltr'><strong>Laur.</strong></span> <span class='ocrx_word' id='word_1_150' title='bbox 1022 1429 1157 1462; x_wconf 78' lang='lat' dir='ltr'><strong>Buslid.</strong></span> <span class='ocrx_word' id='word_1_151' title='bbox 1184 1430 1338 1471; x_wconf 77' lang='lat' dir='ltr'><strong>Lipsian.</strong></span> <span class='ocrx_word' id='word_1_152' title='bbox 1361 1436 1397 1463; x_wconf 89' lang='lat' dir='ltr'><strong>et</strong></span> <span class='ocrx_word' id='word_1_153' title='bbox 1421 1431 1501 1464; x_wconf 88' lang='lat' dir='ltr'><strong>edd.</strong></span> <span class='ocrx_word' id='word_1_154' title='bbox 1529 1437 1616 1465; x_wconf 83' lang='lat' dir='ltr'><strong>vett.</strong></span> 
     </span>
     <span class='ocr_line' id='line_1_22' title="bbox 136 1473 1616 1518; baseline -0.002 -8"><span class='ocrx_word' id='word_1_155' title='bbox 136 1474 225 1518; x_wconf 59' lang='lat' dir='ltr'><strong>filo:</strong></span> <span class='ocrx_word' id='word_1_156' title='bbox 248 1476 372 1509; x_wconf 66' lang='lat' dir='ltr'><strong>Bennoi.</strong></span> <span class='ocrx_word' id='word_1_157' title='bbox 397 1477 430 1508; x_wconf 76' lang='lat'><strong>2.</strong></span> <span class='ocrx_word' id='word_1_158' title='bbox 455 1475 547 1508; x_wconf 81' lang='lat' dir='ltr'><strong>Dan.</strong></span> <span class='ocrx_word' id='word_1_159' title='bbox 569 1474 652 1507; x_wconf 84' lang='lat' dir='ltr'><strong>Put.</strong></span> <span class='ocrx_word' id='word_1_160' title='bbox 673 1473 797 1506; x_wconf 85' lang='lat' dir='ltr'><strong>Petav.</strong></span> <span class='ocrx_word' id='word_1_161' title='bbox 819 1473 890 1510; x_wconf 85' lang='lat' dir='ltr'><strong>alii,</strong></span> <span class='ocrx_word' id='word_1_162' title='bbox 909 1473 1098 1515; x_wconf 67' lang='lat' dir='ltr'><strong>pum—656</strong></span> <span class='ocrx_word' id='word_1_163' title='bbox 1121 1473 1211 1505; x_wconf 78' lang='lat' dir='ltr'><strong>Dan.</strong></span> <span class='ocrx_word' id='word_1_164' title='bbox 1236 1473 1358 1507; x_wconf 85' lang='lat' dir='ltr'><strong>Petav.</strong></span> <span class='ocrx_word' id='word_1_165' title='bbox 1376 1475 1485 1517; x_wconf 84' lang='lat' dir='ltr'><strong>Laug.</strong></span> <span class='ocrx_word' id='word_1_166' title='bbox 1513 1475 1616 1508; x_wconf 82' lang='lat' dir='ltr'><strong>Laur.</strong></span> 
     </span>
    </p>
   </div>
   <div class='ocr_carea' id='block_1_8' title="bbox 809 1571 951 1604">
    <p class='ocr_par' dir='ltr' id='par_1_10' title="bbox 809 1571 951 1604">
     <span class='ocr_line' id='line_1_23' title="bbox 809 1571 951 1604; baseline -0.007 0"><span class='ocrx_word' id='word_1_167' title='bbox 809 1571 951 1604; x_wconf 80' lang='lat' dir='ltr'><strong>NOTAE</strong></span> 
     </span>
    </p>
   </div>
   <div class='ocr_carea' id='block_1_9' title="bbox 142 1642 853 2862">
    <p class='ocr_par' dir='ltr' id='par_1_11' title="bbox 144 1642 853 1932">
     <span class='ocr_line' id='line_1_24' title="bbox 190 1642 852 1682; baseline -0.006 -5"><span class='ocrx_word' id='word_1_168' title='bbox 190 1647 254 1678; x_wconf 71' lang='lat'><strong>651</strong></span> <span class='ocrx_word' id='word_1_169' title='bbox 277 1645 323 1677; x_wconf 80' lang='lat' dir='ltr'><strong>Et</strong></span> <span class='ocrx_word' id='word_1_170' title='bbox 336 1647 493 1677; x_wconf 71' lang='lat' dir='ltr'><strong>ameum</strong></span> <span class='ocrx_word' id='word_1_171' title='bbox 507 1643 638 1677; x_wconf 78' lang='lat' dir='ltr'><strong>Bromio</strong></span> <span class='ocrx_word' id='word_1_172' title='bbox 656 1646 779 1675; x_wconf 73' lang='lat' dir='ltr'><strong>mutare</strong></span> <span class='ocrx_word' id='word_1_173' title='bbox 793 1642 852 1682; x_wconf 84' lang='lat' dir='ltr'><strong>su-</strong></span> 
     </span>
     <span class='ocr_line' id='line_1_25' title="bbox 146 1693 851 1738; baseline -0.007 -9"><span class='ocrx_word' id='word_1_174' title='bbox 146 1695 265 1738; x_wconf 70' lang='lat' dir='ltr'><strong>men]</strong></span> <span class='ocrx_word' id='word_1_175' title='bbox 297 1695 339 1728; x_wconf 86' lang='lat' dir='ltr'><strong>In</strong></span> <span class='ocrx_word' id='word_1_176' title='bbox 365 1695 470 1737; x_wconf 80' lang='lat' dir='ltr'><strong>orgiis</strong></span> <span class='ocrx_word' id='word_1_177' title='bbox 485 1695 575 1727; x_wconf 84' lang='lat' dir='ltr'><strong>enirn</strong></span> <span class='ocrx_word' id='word_1_178' title='bbox 593 1694 720 1726; x_wconf 85' lang='lat' dir='ltr'><strong>Bacchi</strong></span> <span class='ocrx_word' id='word_1_179' title='bbox 735 1693 851 1725; x_wconf 87' lang='lat' dir='ltr'><strong>furore</strong></span> 
     </span>
     <span class='ocr_line' id='line_1_26' title="bbox 144 1743 852 1789; baseline -0.007 -9"><span class='ocrx_word' id='word_1_180' title='bbox 144 1745 446 1789; x_wconf 75' lang='lat' dir='ltr'><strong>corripiebantur3</strong></span> <span class='ocrx_word' id='word_1_181' title='bbox 474 1745 535 1777; x_wconf 77' lang='lat' dir='ltr'><strong>sed</strong></span> <span class='ocrx_word' id='word_1_182' title='bbox 558 1745 616 1777; x_wconf 84' lang='lat' dir='ltr'><strong>hic</strong></span> <span class='ocrx_word' id='word_1_183' title='bbox 642 1743 740 1776; x_wconf 80' lang='lat' dir='ltr'><strong>furor.</strong></span> <span class='ocrx_word' id='word_1_184' title='bbox 765 1744 852 1776; x_wconf 85' lang='lat' dir='ltr'><strong>mul·</strong></span> 
     </span>
     <span class='ocr_line' id='line_1_27' title="bbox 146 1793 852 1830; baseline -0.003 0"><span class='ocrx_word' id='word_1_185' title='bbox 146 1801 220 1830; x_wconf 81' lang='lat' dir='ltr'><strong>tum</strong></span> <span class='ocrx_word' id='word_1_186' title='bbox 235 1793 368 1830; x_wconf 73' lang='lat' dir='ltr'><strong>alienus</strong></span> <span class='ocrx_word' id='word_1_187' title='bbox 383 1801 458 1829; x_wconf 82' lang='lat' dir='ltr'><strong>erat</strong></span> <span class='ocrx_word' id='word_1_188' title='bbox 470 1807 490 1830; x_wconf 81' lang='lat' dir='ltr'><strong>a</strong></span> <span class='ocrx_word' id='word_1_189' title='bbox 504 1796 627 1828; x_wconf 86' lang='lat' dir='ltr'><strong>martio</strong></span> <span class='ocrx_word' id='word_1_190' title='bbox 640 1806 701 1828; x_wconf 85' lang='lat' dir='ltr'><strong>seu</strong></span> <span class='ocrx_word' id='word_1_191' title='bbox 713 1795 852 1828; x_wconf 88' lang='lat' dir='ltr'><strong>bellico.</strong></span> 
     </span>
     <span class='ocr_line' id='line_1_28' title="bbox 146 1846 853 1890; baseline -0.003 -9"><span class='ocrx_word' id='word_1_192' title='bbox 146 1847 205 1882; x_wconf 81' lang='lat' dir='ltr'><strong>Sic</strong></span> <span class='ocrx_word' id='word_1_193' title='bbox 225 1847 333 1881; x_wconf 64' lang='lat' dir='ltr'><strong>Theb.</strong></span> <span class='ocrx_word' id='word_1_194' title='bbox 347 1857 402 1881; x_wconf 80' lang='lat' dir='ltr'><strong>xv.</strong></span> <span class='ocrx_word' id='word_1_195' title='bbox 424 1848 435 1866; x_wconf 91' lang='lat'>‘</span> <span class='ocrx_word' id='word_1_196' title='bbox 448 1847 500 1880; x_wconf 86' lang='lat' dir='ltr'><strong>En</strong></span> <span class='ocrx_word' id='word_1_197' title='bbox 517 1857 641 1890; x_wconf 83' lang='lat' dir='ltr'><strong>urges:</strong></span> <span class='ocrx_word' id='word_1_198' title='bbox 668 1847 770 1879; x_wconf 82' lang='lat' dir='ltr'><strong>alium</strong></span> <span class='ocrx_word' id='word_1_199' title='bbox 789 1846 853 1879; x_wconf 91' lang='lat' dir='ltr'><strong>tibi</strong></span> 
     </span>
     <span class='ocr_line' id='line_1_29' title="bbox 146 1898 611 1932; baseline -0.004 0"><span class='ocrx_word' id='word_1_200' title='bbox 146 1898 285 1932; x_wconf 77' lang='lat' dir='ltr'><strong>Bacche</strong></span> <span class='ocrx_word' id='word_1_201' title='bbox 298 1898 449 1932; x_wconf 86' lang='lat' dir='ltr'><strong>furorem</strong></span> <span class='ocrx_word' id='word_1_202' title='bbox 463 1898 487 1932; x_wconf 84' lang='lat' dir='ltr'>J</span> <span class='ocrx_word' id='word_1_203' title='bbox 491 1898 611 1931; x_wconf 52' lang='grc' dir='ltr'><strong>ιιι-τινὶ]</strong></span> 
     </span>
    </p>

    <p class='ocr_par' dir='ltr' id='par_1_12' title="bbox 145 1949 852 2086">
     <span class='ocr_line' id='line_1_30' title="bbox 148 1949 852 1993; baseline -0.003 -10"><span class='ocrx_word' id='word_1_204' title='bbox 148 1952 150 1954; x_wconf 82' lang='lat'>&#39;</span> <span class='ocrx_word' id='word_1_205' title='bbox 189 1953 254 1983; x_wconf 73' lang='lat'><strong>053</strong></span> <span class='ocrx_word' id='word_1_206' title='bbox 278 1950 398 1993; x_wconf 73' lang='lat' dir='ltr'><strong>Nysoea</strong></span> <span class='ocrx_word' id='word_1_207' title='bbox 411 1951 514 1992; x_wconf 75' lang='lat' dir='ltr'><strong>serta]</strong></span> <span class='ocrx_word' id='word_1_208' title='bbox 551 1950 650 1990; x_wconf 82' lang='lat' dir='ltr'><strong>Uvae,</strong></span> <span class='ocrx_word' id='word_1_209' title='bbox 669 1953 706 1982; x_wconf 90' lang='lat' dir='ltr'><strong>et</strong></span> <span class='ocrx_word' id='word_1_210' title='bbox 721 1949 852 1991; x_wconf 87' lang='lat' dir='ltr'><strong>pampi-</strong></span> 
     </span>
     <span class='ocr_line' id='line_1_31' title="bbox 145 2000 851 2045; baseline -0.003 -10"><span class='ocrx_word' id='word_1_211' title='bbox 145 2002 195 2043; x_wconf 81' lang='lat' dir='ltr'><strong>ni,</strong></span> <span class='ocrx_word' id='word_1_212' title='bbox 217 2001 340 2045; x_wconf 72' lang='lat' dir='ltr'><strong>quibus</strong></span> <span class='ocrx_word' id='word_1_213' title='bbox 363 2000 619 2034; x_wconf 82' lang='lat' dir='ltr'><strong>coronabantur</strong></span> <span class='ocrx_word' id='word_1_214' title='bbox 640 2001 772 2034; x_wconf 84' lang='lat' dir='ltr'><strong>Bacchi</strong></span> <span class='ocrx_word' id='word_1_215' title='bbox 789 2001 851 2033; x_wconf 85' lang='lat' dir='ltr'><strong>mi-</strong></span> 
     </span>
     <span class='ocr_line' id='line_1_32' title="bbox 146 2051 261 2086; baseline 0.009 -1"><span class='ocrx_word' id='word_1_216' title='bbox 146 2051 261 2086; x_wconf 66' lang='lat' dir='ltr'><strong>histri.</strong></span> 
     </span>
    </p>

    <p class='ocr_par' dir='ltr' id='par_1_13' title="bbox 142 2103 853 2862">
     <span class='ocr_line' id='line_1_33' title="bbox 188 2103 853 2146; baseline -0.005 -8"><span class='ocrx_word' id='word_1_217' title='bbox 188 2106 254 2138; x_wconf 76' lang='lat'><strong>6⁵4</strong></span> <span class='ocrx_word' id='word_1_218' title='bbox 283 2105 428 2138; x_wconf 63' lang='lat' dir='ltr'><strong>Candida</strong></span> <span class='ocrx_word' id='word_1_219' title='bbox 461 2105 626 2146; x_wconf 80' lang='lat' dir='ltr'><strong>pampineo</strong></span> <span class='ocrx_word' id='word_1_220' title='bbox 656 2103 853 2136; x_wconf 74' lang='lat' dir='ltr'><strong>subnectitur</strong></span> 
     </span>
     <span class='ocr_line' id='line_1_34' title="bbox 143 2155 851 2198; baseline 0.001 -10"><span class='ocrx_word' id='word_1_221' title='bbox 143 2155 258 2188; x_wconf 69' lang='lat' dir='ltr'><strong>instita</strong></span> <span class='ocrx_word' id='word_1_222' title='bbox 268 2156 351 2198; x_wconf 78' lang='lat' dir='ltr'><strong>pilo]</strong></span> <span class='ocrx_word' id='word_1_223' title='bbox 363 2155 576 2198; x_wconf 69' lang='lat' dir='ltr'><strong>Pampineun</strong></span> <span class='ocrx_word' id='word_1_224' title='bbox 589 2156 692 2198; x_wconf 88' lang='lat' dir='ltr'><strong>pilus,</strong></span> <span class='ocrx_word' id='word_1_225' title='bbox 705 2155 851 2196; x_wconf 77' lang='lat' dir='ltr'><strong>thyrsus.</strong></span> 
     </span>
     <span class='ocr_line' id='line_1_35' title="bbox 146 2204 853 2248; baseline -0.003 -9"><span class='ocrx_word' id='word_1_226' title='bbox 146 2206 189 2239; x_wconf 77' lang='lat'><strong>1·</strong></span> <span class='ocrx_word' id='word_1_227' title='bbox 215 2205 431 2238; x_wconf 82' lang='lat' dir='ltr'><strong>Achilleide:</strong></span> <span class='ocrx_word' id='word_1_228' title='bbox 455 2206 553 2247; x_wconf 86' lang='lat' dir='ltr'><strong>‘Ego</strong></span> <span class='ocrx_word' id='word_1_229' title='bbox 572 2205 762 2248; x_wconf 77' lang='lat' dir='ltr'><strong>pampineis</strong></span> <span class='ocrx_word' id='word_1_230' title='bbox 786 2204 853 2237; x_wconf 82' lang='lat' dir='ltr'><strong>dif-</strong></span> 
     </span>
     <span class='ocr_line' id='line_1_36' title="bbox 146 2256 853 2299; baseline -0.001 -10"><span class='ocrx_word' id='word_1_231' title='bbox 146 2256 291 2290; x_wconf 81' lang='lat' dir='ltr'><strong>fundere</strong></span> <span class='ocrx_word' id='word_1_232' title='bbox 321 2257 462 2289; x_wconf 81' lang='lat' dir='ltr'><strong>brachia</strong></span> <span class='ocrx_word' id='word_1_233' title='bbox 489 2256 639 2299; x_wconf 68' lang='lat' dir='ltr'><strong>thyrsis!</strong></span> <span class='ocrx_word' id='word_1_234' title='bbox 689 2257 853 2298; x_wconf 83' lang='lat' dir='ltr'><strong>Virgilius</strong></span> 
     </span>
     <span class='ocr_line' id='line_1_37' title="bbox 146 2307 853 2351; baseline 0 -10"><span class='ocrx_word' id='word_1_235' title='bbox 146 2307 281 2342; x_wconf 80' lang='lat' dir='ltr'><strong>AEneid.</strong></span> <span class='ocrx_word' id='word_1_236' title='bbox 312 2317 381 2341; x_wconf 86' lang='lat' dir='ltr'><strong>vu.</strong></span> <span class='ocrx_word' id='word_1_237' title='bbox 401 2309 412 2327; x_wconf 77' lang='lat'><strong><em>⁴</em></strong></span> <span class='ocrx_word' id='word_1_238' title='bbox 426 2308 704 2351; x_wconf 82' lang='lat' dir='ltr'><strong>Pampineasque</strong></span> <span class='ocrx_word' id='word_1_239' title='bbox 728 2314 853 2350; x_wconf 85' lang='lat' dir='ltr'><strong>gerunt</strong></span> 
     </span>
     <span class='ocr_line' id='line_1_38' title="bbox 144 2354 852 2401; baseline -0.001 -9"><span class='ocrx_word' id='word_1_240' title='bbox 144 2359 307 2392; x_wconf 83' lang='lat' dir='ltr'><strong>incinctae</strong></span> <span class='ocrx_word' id='word_1_241' title='bbox 345 2359 494 2401; x_wconf 78' lang='lat' dir='ltr'><strong>pellibus</strong></span> <span class='ocrx_word' id='word_1_242' title='bbox 522 2354 662 2392; x_wconf 61' lang='lat' dir='ltr'><strong>hastas?</strong></span> <span class='ocrx_word' id='word_1_243' title='bbox 714 2360 852 2392; x_wconf 81' lang='lat' dir='ltr'><strong>Macro-</strong></span> 
     </span>
     <span class='ocr_line' id='line_1_39' title="bbox 145 2409 853 2452; baseline -0.001 -9"><span class='ocrx_word' id='word_1_244' title='bbox 145 2409 224 2443; x_wconf 79' lang='lat' dir='ltr'><strong>bins</strong></span> <span class='ocrx_word' id='word_1_245' title='bbox 239 2419 264 2442; x_wconf 89' lang='lat'><strong>1.</strong></span> <span class='ocrx_word' id='word_1_246' title='bbox 278 2409 419 2442; x_wconf 83' lang='lat' dir='ltr'><strong>Saturn.</strong></span> <span class='ocrx_word' id='word_1_247' title='bbox 437 2413 490 2443; x_wconf 80' lang='lat'><strong>19.</strong></span> <span class='ocrx_word' id='word_1_248' title='bbox 510 2410 520 2427; x_wconf 89' lang='lat'>‘</span> <span class='ocrx_word' id='word_1_249' title='bbox 536 2410 670 2442; x_wconf 86' lang='lat' dir='ltr'><strong>Colitur</strong></span> <span class='ocrx_word' id='word_1_250' title='bbox 683 2411 775 2452; x_wconf 83' lang='lat' dir='ltr'><strong>apud</strong></span> <span class='ocrx_word' id='word_1_251' title='bbox 789 2411 853 2442; x_wconf 83' lang='lat' dir='ltr'><strong>La-</strong></span> 
     </span>
     <span class='ocr_line' id='line_1_40' title="bbox 146 2459 853 2503; baseline 0.001 -11"><span class='ocrx_word' id='word_1_252' title='bbox 146 2459 372 2492; x_wconf 74' lang='lat' dir='ltr'><strong>cedaemonios</strong></span> <span class='ocrx_word' id='word_1_253' title='bbox 401 2460 619 2492; x_wconf 74' lang='lat' dir='ltr'><strong>simulacrum</strong></span> <span class='ocrx_word' id='word_1_254' title='bbox 646 2460 763 2493; x_wconf 84' lang='lat' dir='ltr'><strong>Liberi</strong></span> <span class='ocrx_word' id='word_1_255' title='bbox 793 2471 853 2503; x_wconf 87' lang='lat' dir='ltr'><strong>pa·</strong></span> 
     </span>
     <span class='ocr_line' id='line_1_41' title="bbox 146 2510 851 2555; baseline 0.003 -13"><span class='ocrx_word' id='word_1_256' title='bbox 146 2510 211 2543; x_wconf 77' lang='lat' dir='ltr'><strong>tris</strong></span> <span class='ocrx_word' id='word_1_257' title='bbox 224 2510 335 2550; x_wconf 68' lang='lat' dir='ltr'><strong>,hasta</strong></span> <span class='ocrx_word' id='word_1_258' title='bbox 359 2511 504 2553; x_wconf 81' lang='lat' dir='ltr'><strong>insigne,</strong></span> <span class='ocrx_word' id='word_1_259' title='bbox 524 2521 591 2543; x_wconf 89' lang='lat' dir='ltr'><strong>non</strong></span> <span class='ocrx_word' id='word_1_260' title='bbox 607 2512 737 2555; x_wconf 79' lang='lat' dir='ltr'><strong>thyrso.</strong></span> <span class='ocrx_word' id='word_1_261' title='bbox 783 2512 851 2544; x_wconf 82' lang='lat' dir='ltr'><strong>Sed</strong></span> 
     </span>
     <span class='ocr_line' id='line_1_42' title="bbox 147 2562 853 2605; baseline 0.001 -11"><span class='ocrx_word' id='word_1_262' title='bbox 147 2567 185 2594; x_wconf 84' lang='lat' dir='ltr'><strong>et</strong></span> <span class='ocrx_word' id='word_1_263' title='bbox 213 2570 292 2595; x_wconf 78' lang='lat' dir='ltr'><strong>cum</strong></span> <span class='ocrx_word' id='word_1_264' title='bbox 321 2563 475 2605; x_wconf 76' lang='lat' dir='ltr'><strong>thyrsum</strong></span> <span class='ocrx_word' id='word_1_265' title='bbox 506 2567 618 2603; x_wconf 85' lang='lat' dir='ltr'><strong>tenet,</strong></span> <span class='ocrx_word' id='word_1_266' title='bbox 647 2562 729 2605; x_wconf 76' lang='lat' dir='ltr'><strong>qnid</strong></span> <span class='ocrx_word' id='word_1_267' title='bbox 759 2563 853 2595; x_wconf 83' lang='lat' dir='ltr'><strong>aliud</strong></span> 
     </span>
     <span class='ocr_line' id='line_1_43' title="bbox 145 2613 852 2656; baseline 0.003 -12"><span class='ocrx_word' id='word_1_268' title='bbox 145 2621 248 2654; x_wconf 81' lang='lat' dir='ltr'><strong>quam</strong></span> <span class='ocrx_word' id='word_1_269' title='bbox 262 2613 376 2645; x_wconf 79' lang='lat' dir='ltr'><strong>latens</strong></span> <span class='ocrx_word' id='word_1_270' title='bbox 400 2613 509 2646; x_wconf 70' lang='lat' dir='ltr'><strong>teluui</strong></span> <span class='ocrx_word' id='word_1_271' title='bbox 530 2614 635 2656; x_wconf 84' lang='lat' dir='ltr'><strong>gerit,</strong></span> <span class='ocrx_word' id='word_1_272' title='bbox 657 2614 754 2655; x_wconf 78' lang='lat' dir='ltr'><strong>enjus</strong></span> <span class='ocrx_word' id='word_1_273' title='bbox 781 2623 852 2646; x_wconf 84' lang='lat' dir='ltr'><strong>mu·</strong></span> 
     </span>
     <span class='ocr_line' id='line_1_44' title="bbox 145 2662 852 2707; baseline 0.004 -13"><span class='ocrx_word' id='word_1_274' title='bbox 145 2671 204 2700; x_wconf 85' lang='lat' dir='ltr'><strong>cro</strong></span> <span class='ocrx_word' id='word_1_275' title='bbox 219 2662 348 2696; x_wconf 77' lang='lat' dir='ltr'><strong>hedera</strong></span> <span class='ocrx_word' id='word_1_276' title='bbox 363 2663 504 2696; x_wconf 85' lang='lat' dir='ltr'><strong>labente</strong></span> <span class='ocrx_word' id='word_1_277' title='bbox 521 2665 716 2707; x_wconf 81' lang='lat' dir='ltr'><strong>protegitur</strong></span> <span class='ocrx_word' id='word_1_278' title='bbox 727 2664 755 2697; x_wconf 86' lang='lat'><strong>?’</strong></span> <span class='ocrx_word' id='word_1_279' title='bbox 795 2666 852 2698; x_wconf 78' lang='lat' dir='ltr'><strong>In-</strong></span> 
     </span>
     <span class='ocr_line' id='line_1_45' title="bbox 142 2713 852 2759; baseline 0.004 -14"><span class='ocrx_word' id='word_1_280' title='bbox 142 2713 239 2755; x_wconf 72' lang='lat' dir='ltr'><strong>stica]</strong></span> <span class='ocrx_word' id='word_1_281' title='bbox 275 2713 345 2746; x_wconf 88' lang='lat' dir='ltr'><strong>Hic</strong></span> <span class='ocrx_word' id='word_1_282' title='bbox 381 2714 555 2756; x_wconf 71' lang='lat' dir='ltr'><strong>significat</strong></span> <span class='ocrx_word' id='word_1_283' title='bbox 588 2715 743 2756; x_wconf 81' lang='lat' dir='ltr'><strong>fasciam,</strong></span> <span class='ocrx_word' id='word_1_284' title='bbox 775 2726 852 2759; x_wconf 80' lang='lat' dir='ltr'><strong>quae</strong></span> 
     </span>
     <span class='ocr_line' id='line_1_46' title="bbox 146 2764 851 2809; baseline 0.004 -12"><span class='ocrx_word' id='word_1_285' title='bbox 146 2764 241 2798; x_wconf 83' lang='lat' dir='ltr'><strong>circa</strong></span> <span class='ocrx_word' id='word_1_286' title='bbox 266 2765 372 2808; x_wconf 86' lang='lat' dir='ltr'><strong>pilum</strong></span> <span class='ocrx_word' id='word_1_287' title='bbox 410 2766 581 2809; x_wconf 84' lang='lat' dir='ltr'><strong>pampinis</strong></span> <span class='ocrx_word' id='word_1_288' title='bbox 611 2773 769 2799; x_wconf 80' lang='lat' dir='ltr'><strong>ornatum</strong></span> <span class='ocrx_word' id='word_1_289' title='bbox 800 2767 851 2800; x_wconf 87' lang='lat' dir='ltr'><strong>in—</strong></span> 
     </span>
     <span class='ocr_line' id='line_1_47' title="bbox 146 2816 853 2862; baseline 0.004 -14"><span class='ocrx_word' id='word_1_290' title='bbox 146 2816 362 2852; x_wconf 74' lang='lat' dir='ltr'><strong>nectebatur.</strong></span> <span class='ocrx_word' id='word_1_291' title='bbox 405 2817 452 2851; x_wconf 85' lang='lat' dir='ltr'><strong>Et</strong></span> <span class='ocrx_word' id='word_1_292' title='bbox 480 2819 569 2852; x_wconf 85' lang='lat' dir='ltr'><strong>bene</strong></span> <span class='ocrx_word' id='word_1_293' title='bbox 596 2819 743 2856; x_wconf 74' lang='lat' dir='ltr'><strong>candida,</strong></span> <span class='ocrx_word' id='word_1_294' title='bbox 770 2819 853 2862; x_wconf 85' lang='lat' dir='ltr'><strong>quia</strong></span> 
     </span>
    </p>
   </div>
   <div class='ocr_carea' id='block_1_10' title="bbox 903 1639 1617 2861">
    <p class='ocr_par' dir='ltr' id='par_1_14' title="bbox 905 1639 1616 2186">
     <span class='ocr_line' id='line_1_48' title="bbox 905 1639 1615 1686; baseline 0.003 -13"><span class='ocrx_word' id='word_1_295' title='bbox 905 1640 1064 1673; x_wconf 80' lang='lat' dir='ltr'><strong>candidae</strong></span> <span class='ocrx_word' id='word_1_296' title='bbox 1088 1639 1205 1673; x_wconf 82' lang='lat' dir='ltr'><strong>fasciae</strong></span> <span class='ocrx_word' id='word_1_297' title='bbox 1226 1641 1459 1680; x_wconf 79' lang='lat' dir='ltr'><strong>sacerdotum,</strong></span> <span class='ocrx_word' id='word_1_298' title='bbox 1484 1646 1522 1675; x_wconf 89' lang='lat' dir='ltr'><strong>ut</strong></span> <span class='ocrx_word' id='word_1_299' title='bbox 1539 1643 1615 1686; x_wconf 81' lang='lat' dir='ltr'><strong>jam</strong></span> 
     </span>
     <span class='ocr_line' id='line_1_49' title="bbox 906 1692 1615 1735; baseline 0.004 -11"><span class='ocrx_word' id='word_1_300' title='bbox 906 1693 987 1725; x_wconf 88' lang='lat' dir='ltr'><strong>alibi</strong></span> <span class='ocrx_word' id='word_1_301' title='bbox 1000 1692 1148 1725; x_wconf 85' lang='lat' dir='ltr'><strong>diximus</strong></span> <span class='ocrx_word' id='word_1_302' title='bbox 1220 1692 1369 1727; x_wconf 84' lang='lat' dir='ltr'><strong>Quidam</strong></span> <span class='ocrx_word' id='word_1_303' title='bbox 1386 1694 1508 1735; x_wconf 86' lang='lat' dir='ltr'><strong>legunt</strong></span> <span class='ocrx_word' id='word_1_304' title='bbox 1524 1694 1615 1727; x_wconf 84' lang='lat' dir='ltr'><strong>hunc</strong></span> 
     </span>
     <span class='ocr_line' id='line_1_50' title="bbox 908 1745 1614 1787; baseline 0.003 -10"><span class='ocrx_word' id='word_1_305' title='bbox 908 1755 1043 1778; x_wconf 87' lang='lat' dir='ltr'><strong>versum</strong></span> <span class='ocrx_word' id='word_1_306' title='bbox 1058 1747 1106 1778; x_wconf 89' lang='lat' dir='ltr'><strong>sic</strong></span> <span class='ocrx_word' id='word_1_307' title='bbox 1123 1758 1131 1777; x_wconf 87' lang='lat'><strong>:</strong></span> <span class='ocrx_word' id='word_1_308' title='bbox 1152 1746 1162 1765; x_wconf 91' lang='lat'>‘</span> <span class='ocrx_word' id='word_1_309' title='bbox 1177 1745 1335 1779; x_wconf 85' lang='lat' dir='ltr'><strong>Candida</strong></span> <span class='ocrx_word' id='word_1_310' title='bbox 1350 1756 1523 1787; x_wconf 81' lang='lat' dir='ltr'><strong>purpureo</strong></span> <span class='ocrx_word' id='word_1_311' title='bbox 1536 1746 1614 1780; x_wconf 76' lang='lat' dir='ltr'><strong>sub-</strong></span> 
     </span>
     <span class='ocr_line' id='line_1_51' title="bbox 906 1795 1615 1838; baseline 0.003 -11"><span class='ocrx_word' id='word_1_312' title='bbox 906 1796 1061 1828; x_wconf 84' lang='lat' dir='ltr'><strong>nectitur</strong></span> <span class='ocrx_word' id='word_1_313' title='bbox 1075 1796 1195 1828; x_wconf 85' lang='lat' dir='ltr'><strong>instita</strong></span> <span class='ocrx_word' id='word_1_314' title='bbox 1209 1795 1291 1828; x_wconf 85' lang='lat' dir='ltr'><strong>filo.&#39;</strong></span> <span class='ocrx_word' id='word_1_315' title='bbox 1335 1796 1538 1828; x_wconf 77' lang='lat' dir='ltr'><strong>Lactantius</strong></span> <span class='ocrx_word' id='word_1_316' title='bbox 1551 1797 1615 1838; x_wconf 84' lang='lat' dir='ltr'><strong>per</strong></span> 
     </span>
     <span class='ocr_line' id='line_1_52' title="bbox 907 1845 1613 1890; baseline 0.003 -12"><span class='ocrx_word' id='word_1_317' title='bbox 907 1846 1111 1888; x_wconf 82' lang='lat' dir='ltr'><strong>‘institam,’</strong></span> <span class='ocrx_word' id='word_1_318' title='bbox 1139 1846 1305 1889; x_wconf 80' lang='lat' dir='ltr'><strong>intelligit</strong></span> <span class='ocrx_word' id='word_1_319' title='bbox 1338 1845 1496 1885; x_wconf 85' lang='lat' dir='ltr'><strong>fasciam,</strong></span> <span class='ocrx_word' id='word_1_320' title='bbox 1535 1857 1613 1890; x_wconf 82' lang='lat' dir='ltr'><strong>quae</strong></span> 
     </span>
     <span class='ocr_line' id='line_1_53' title="bbox 906 1900 1616 1943; baseline 0.003 -11"><span class='ocrx_word' id='word_1_321' title='bbox 906 1900 1008 1932; x_wconf 88' lang='lat' dir='ltr'><strong>imam</strong></span> <span class='ocrx_word' id='word_1_322' title='bbox 1038 1905 1168 1932; x_wconf 87' lang='lat' dir='ltr'><strong>vestem</strong></span> <span class='ocrx_word' id='word_1_323' title='bbox 1199 1910 1261 1932; x_wconf 86' lang='lat' dir='ltr'><strong>suo</strong></span> <span class='ocrx_word' id='word_1_324' title='bbox 1284 1900 1397 1942; x_wconf 78' lang='lat' dir='ltr'><strong>pingit</strong></span> <span class='ocrx_word' id='word_1_325' title='bbox 1421 1906 1558 1943; x_wconf 81' lang='lat' dir='ltr'><strong>ornatu,</strong></span> <span class='ocrx_word' id='word_1_326' title='bbox 1579 1906 1616 1935; x_wconf 82' lang='lat' dir='ltr'><strong>et</strong></span> 
     </span>
     <span class='ocr_line' id='line_1_54' title="bbox 906 1950 1615 1985; baseline 0.003 -2"><span class='ocrx_word' id='word_1_327' title='bbox 906 1950 1087 1983; x_wconf 81' lang='lat' dir='ltr'><strong>confirmat</strong></span> <span class='ocrx_word' id='word_1_328' title='bbox 1103 1961 1147 1983; x_wconf 92' lang='lat' dir='ltr'><strong>ex</strong></span> <span class='ocrx_word' id='word_1_329' title='bbox 1160 1951 1326 1983; x_wconf 80' lang='lat' dir='ltr'><strong>Horatio:</strong></span> <span class='ocrx_word' id='word_1_330' title='bbox 1341 1954 1351 1970; x_wconf 76' lang='lat'>⁶</span> <span class='ocrx_word' id='word_1_331' title='bbox 1365 1951 1520 1984; x_wconf 86' lang='lat' dir='ltr'><strong>Quarum</strong></span> <span class='ocrx_word' id='word_1_332' title='bbox 1536 1953 1615 1985; x_wconf 85' lang='lat' dir='ltr'><strong>sub-</strong></span> 
     </span>
     <span class='ocr_line' id='line_1_55' title="bbox 907 2001 1616 2044; baseline 0.001 -10"><span class='ocrx_word' id='word_1_333' title='bbox 907 2007 985 2034; x_wconf 83' lang='lat' dir='ltr'><strong>suta</strong></span> <span class='ocrx_word' id='word_1_334' title='bbox 1001 2002 1088 2034; x_wconf 86' lang='lat' dir='ltr'><strong>talos</strong></span> <span class='ocrx_word' id='word_1_335' title='bbox 1107 2002 1194 2044; x_wconf 86' lang='lat' dir='ltr'><strong>tegit</strong></span> <span class='ocrx_word' id='word_1_336' title='bbox 1209 2002 1327 2034; x_wconf 81' lang='lat' dir='ltr'><strong>instita</strong></span> <span class='ocrx_word' id='word_1_337' title='bbox 1343 2001 1462 2034; x_wconf 62' lang='lat' dir='ltr'><strong>veste?</strong></span> <span class='ocrx_word' id='word_1_338' title='bbox 1498 2003 1616 2044; x_wconf 87' lang='lat' dir='ltr'><strong>Gnye-</strong></span> 
     </span>
     <span class='ocr_line' id='line_1_56' title="bbox 906 2052 1615 2095; baseline 0.003 -11"><span class='ocrx_word' id='word_1_339' title='bbox 906 2056 962 2084; x_wconf 86' lang='lat' dir='ltr'><strong>tus</strong></span> <span class='ocrx_word' id='word_1_340' title='bbox 976 2053 1141 2095; x_wconf 87' lang='lat' dir='ltr'><strong>intelligit</strong></span> <span class='ocrx_word' id='word_1_341' title='bbox 1156 2052 1199 2084; x_wconf 90' lang='lat' dir='ltr'><strong>de</strong></span> <span class='ocrx_word' id='word_1_342' title='bbox 1216 2053 1351 2094; x_wconf 84' lang='lat' dir='ltr'><strong>clypeo,</strong></span> <span class='ocrx_word' id='word_1_343' title='bbox 1378 2053 1479 2094; x_wconf 86' lang='lat' dir='ltr'><strong>cujus</strong></span> <span class='ocrx_word' id='word_1_344' title='bbox 1496 2053 1615 2086; x_wconf 89' lang='lat' dir='ltr'><strong>orbem</strong></span> 
     </span>
     <span class='ocr_line' id='line_1_57' title="bbox 906 2102 1615 2145; baseline 0.003 -11"><span class='ocrx_word' id='word_1_345' title='bbox 906 2102 1026 2134; x_wconf 85' lang='lat' dir='ltr'><strong>instita</strong></span> <span class='ocrx_word' id='word_1_346' title='bbox 1041 2102 1187 2135; x_wconf 85' lang='lat' dir='ltr'><strong>candido</strong></span> <span class='ocrx_word' id='word_1_347' title='bbox 1203 2108 1239 2136; x_wconf 78' lang='lat' dir='ltr'><strong>et</strong></span> <span class='ocrx_word' id='word_1_348' title='bbox 1255 2113 1430 2145; x_wconf 83' lang='lat' dir='ltr'><strong>purpureo</strong></span> <span class='ocrx_word' id='word_1_349' title='bbox 1458 2103 1516 2135; x_wconf 86' lang='lat' dir='ltr'><strong>filo</strong></span> <span class='ocrx_word' id='word_1_350' title='bbox 1533 2114 1615 2136; x_wconf 86' lang='lat' dir='ltr'><strong>con—</strong></span> 
     </span>
     <span class='ocr_line' id='line_1_58' title="bbox 907 2153 1157 2186; baseline 0 0"><span class='ocrx_word' id='word_1_351' title='bbox 907 2157 1007 2186; x_wconf 82' lang='lat' dir='ltr'><strong>texta</strong></span> <span class='ocrx_word' id='word_1_352' title='bbox 1022 2153 1157 2186; x_wconf 81' lang='lat' dir='ltr'><strong>circuit.</strong></span> 
     </span>
    </p>

    <p class='ocr_par' dir='ltr' id='par_1_15' title="bbox 908 2203 1614 2339">
     <span class='ocr_line' id='line_1_59' title="bbox 949 2203 1614 2245; baseline 0.002 -9"><span class='ocrx_word' id='word_1_353' title='bbox 949 2207 1012 2236; x_wconf 84' lang='grc'><strong>655</strong></span> <span class='ocrx_word' id='word_1_354' title='bbox 1036 2203 1220 2245; x_wconf 77' lang='lat' dir='ltr'><strong>Lanugine]</strong></span> <span class='ocrx_word' id='word_1_355' title='bbox 1258 2203 1314 2236; x_wconf 91' lang='lat' dir='ltr'><strong>Ad</strong></span> <span class='ocrx_word' id='word_1_356' title='bbox 1337 2203 1535 2245; x_wconf 88' lang='lat' dir='ltr'><strong>opinionem</strong></span> <span class='ocrx_word' id='word_1_357' title='bbox 1560 2214 1614 2237; x_wconf 89' lang='lat' dir='ltr'><strong>re-</strong></span> 
     </span>
     <span class='ocr_line' id='line_1_60' title="bbox 908 2256 1614 2298; baseline 0 -11"><span class='ocrx_word' id='word_1_358' title='bbox 908 2256 1000 2297; x_wconf 83' lang='lat' dir='ltr'><strong>tulit,</strong></span> <span class='ocrx_word' id='word_1_359' title='bbox 1024 2257 1103 2298; x_wconf 89' lang='lat' dir='ltr'><strong>quia</strong></span> <span class='ocrx_word' id='word_1_360' title='bbox 1127 2265 1191 2298; x_wconf 88' lang='lat' dir='ltr'><strong>per</strong></span> <span class='ocrx_word' id='word_1_361' title='bbox 1215 2256 1302 2298; x_wconf 87' lang='lat' dir='ltr'><strong>pilos</strong></span> <span class='ocrx_word' id='word_1_362' title='bbox 1330 2256 1492 2288; x_wconf 89' lang='lat' dir='ltr'><strong>videntur</strong></span> <span class='ocrx_word' id='word_1_363' title='bbox 1514 2256 1614 2288; x_wconf 82' lang='lat' dir='ltr'><strong>malae</strong></span> 
     </span>
     <span class='ocr_line' id='line_1_61' title="bbox 908 2316 1079 2339; baseline 0.006 -1"><span class='ocrx_word' id='word_1_364' title='bbox 908 2316 1079 2339; x_wconf 84' lang='lat' dir='ltr'><strong>crescere.</strong></span> 
     </span>
    </p>

    <p class='ocr_par' dir='ltr' id='par_1_16' title="bbox 907 2356 1617 2596">
     <span class='ocr_line' id='line_1_62' title="bbox 949 2356 1615 2402; baseline 0.002 -12"><span class='ocrx_word' id='word_1_365' title='bbox 949 2360 1013 2390; x_wconf 83' lang='grc'><strong>657</strong></span> <span class='ocrx_word' id='word_1_366' title='bbox 1051 2356 1254 2399; x_wconf 65' lang='lat' dir='ltr'><strong>Brachioque</strong></span> <span class='ocrx_word' id='word_1_367' title='bbox 1286 2357 1322 2389; x_wconf 78' lang='lat' dir='ltr'><strong>in</strong></span> <span class='ocrx_word' id='word_1_368' title='bbox 1357 2357 1503 2402; x_wconf 80' lang='lat' dir='ltr'><strong>manicis]</strong></span> <span class='ocrx_word' id='word_1_369' title='bbox 1536 2358 1615 2391; x_wconf 87' lang='lat' dir='ltr'><strong>Hoc</strong></span> 
     </span>
     <span class='ocr_line' id='line_1_63' title="bbox 907 2407 1614 2450; baseline 0.003 -10"><span class='ocrx_word' id='word_1_370' title='bbox 907 2408 1014 2440; x_wconf 84' lang='lat' dir='ltr'><strong>etiam</strong></span> <span class='ocrx_word' id='word_1_371' title='bbox 1028 2413 1189 2450; x_wconf 85' lang='lat' dir='ltr'><strong>tanquam</strong></span> <span class='ocrx_word' id='word_1_372' title='bbox 1204 2409 1306 2440; x_wconf 88' lang='lat' dir='ltr'><strong>molle</strong></span> <span class='ocrx_word' id='word_1_373' title='bbox 1320 2413 1357 2441; x_wconf 90' lang='lat' dir='ltr'><strong>et</strong></span> <span class='ocrx_word' id='word_1_374' title='bbox 1369 2407 1614 2443; x_wconf 83' lang='lat' dir='ltr'><strong>effoeminatum</strong></span> 
     </span>
     <span class='ocr_line' id='line_1_64' title="bbox 907 2459 1616 2502; baseline 0.001 -11"><span class='ocrx_word' id='word_1_375' title='bbox 907 2460 1065 2502; x_wconf 82' lang='lat' dir='ltr'><strong>arguitur</strong></span> <span class='ocrx_word' id='word_1_376' title='bbox 1092 2459 1127 2491; x_wconf 90' lang='lat' dir='ltr'><strong>in</strong></span> <span class='ocrx_word' id='word_1_377' title='bbox 1160 2460 1358 2501; x_wconf 81' lang='lat' dir='ltr'><strong>Phrygibus</strong></span> <span class='ocrx_word' id='word_1_378' title='bbox 1384 2460 1475 2501; x_wconf 83' lang='lat' dir='ltr'><strong>apud</strong></span> <span class='ocrx_word' id='word_1_379' title='bbox 1499 2460 1616 2502; x_wconf 85' lang='lat' dir='ltr'><strong>Virgi-</strong></span> 
     </span>
     <span class='ocr_line' id='line_1_65' title="bbox 907 2510 1617 2551; baseline 0 -8"><span class='ocrx_word' id='word_1_380' title='bbox 907 2511 1012 2543; x_wconf 87' lang='lat' dir='ltr'><strong>lium:</strong></span> <span class='ocrx_word' id='word_1_381' title='bbox 1031 2515 1040 2529; x_wconf 88' lang='lat'>‘</span> <span class='ocrx_word' id='word_1_382' title='bbox 1054 2511 1100 2543; x_wconf 84' lang='lat' dir='ltr'><strong>Et</strong></span> <span class='ocrx_word' id='word_1_383' title='bbox 1116 2511 1243 2542; x_wconf 87' lang='lat' dir='ltr'><strong>tunicae</strong></span> <span class='ocrx_word' id='word_1_384' title='bbox 1259 2510 1422 2551; x_wconf 79' lang='lat' dir='ltr'><strong>manicas,</strong></span> <span class='ocrx_word' id='word_1_385' title='bbox 1437 2516 1473 2543; x_wconf 88' lang='lat' dir='ltr'><strong>et</strong></span> <span class='ocrx_word' id='word_1_386' title='bbox 1487 2511 1617 2544; x_wconf 79' lang='lat' dir='ltr'><strong>habent</strong></span> 
     </span>
     <span class='ocr_line' id='line_1_66' title="bbox 907 2563 1259 2596; baseline -0.006 0"><span class='ocrx_word' id='word_1_387' title='bbox 907 2563 1110 2596; x_wconf 81' lang='lat' dir='ltr'><strong>redimicula</strong></span> <span class='ocrx_word' id='word_1_388' title='bbox 1126 2563 1259 2595; x_wconf 65' lang='lat' dir='ltr'><strong>mitrae!</strong></span> 
     </span>
    </p>

    <p class='ocr_par' dir='ltr' id='par_1_17' title="bbox 903 2614 1616 2861">
     <span class='ocr_line' id='line_1_67' title="bbox 950 2614 1616 2658; baseline 0.002 -12"><span class='ocrx_word' id='word_1_389' title='bbox 950 2617 1015 2647; x_wconf 88' lang='lat'><strong>658</strong></span> <span class='ocrx_word' id='word_1_390' title='bbox 1040 2614 1249 2656; x_wconf 75' lang='lat' dir='ltr'><strong>Carbaseique</strong></span> <span class='ocrx_word' id='word_1_391' title='bbox 1260 2615 1360 2652; x_wconf 73' lang='lat' dir='ltr'><strong>sinus,</strong></span> <span class='ocrx_word' id='word_1_392' title='bbox 1380 2618 1411 2647; x_wconf 81' lang='lat' dir='ltr'><strong>et</strong></span> <span class='ocrx_word' id='word_1_393' title='bbox 1418 2614 1520 2658; x_wconf 72' lang='lat' dir='ltr'><strong>fibula</strong></span> <span class='ocrx_word' id='word_1_394' title='bbox 1534 2615 1616 2647; x_wconf 79' lang='lat' dir='ltr'><strong>rasi-</strong></span> 
     </span>
     <span class='ocr_line' id='line_1_68' title="bbox 906 2665 1615 2705; baseline 0.003 -8"><span class='ocrx_word' id='word_1_395' title='bbox 906 2665 947 2698; x_wconf 80' lang='lat' dir='ltr'><strong>lis</strong></span> <span class='ocrx_word' id='word_1_396' title='bbox 960 2676 1037 2697; x_wconf 83' lang='lat' dir='ltr'><strong>auro</strong></span> <span class='ocrx_word' id='word_1_397' title='bbox 1062 2665 1241 2697; x_wconf 75' lang='lat' dir='ltr'><strong>Toenariam</strong></span> <span class='ocrx_word' id='word_1_398' title='bbox 1262 2666 1358 2705; x_wconf 74' lang='lat' dir='ltr'><strong>salva</strong></span> <span class='ocrx_word' id='word_1_399' title='bbox 1376 2667 1534 2698; x_wconf 75' lang='lat' dir='ltr'><strong>mordebat</strong></span> <span class='ocrx_word' id='word_1_400' title='bbox 1551 2668 1615 2699; x_wconf 78' lang='lat' dir='ltr'><strong>iae·</strong></span> 
     </span>
     <span class='ocr_line' id='line_1_69' title="bbox 903 2715 1614 2760; baseline 0.001 -12"><span class='ocrx_word' id='word_1_401' title='bbox 903 2717 978 2759; x_wconf 81' lang='lat' dir='ltr'><strong>pide</strong></span> <span class='ocrx_word' id='word_1_402' title='bbox 1003 2715 1136 2758; x_wconf 69' lang='lat' dir='ltr'><strong>pallam]</strong></span> <span class='ocrx_word' id='word_1_403' title='bbox 1174 2716 1370 2758; x_wconf 79' lang='lat' dir='ltr'><strong>Virgilius:</strong></span> <span class='ocrx_word' id='word_1_404' title='bbox 1408 2718 1418 2735; x_wconf 78' lang='lat'><strong>⁴</strong></span> <span class='ocrx_word' id='word_1_405' title='bbox 1441 2717 1614 2760; x_wconf 87' lang='lat' dir='ltr'><strong>Sinusque</strong></span> 
     </span>
     <span class='ocr_line' id='line_1_70' title="bbox 906 2761 1614 2810; baseline -0.001 -10"><span class='ocrx_word' id='word_1_406' title='bbox 906 2772 1089 2810; x_wconf 79' lang='lat' dir='ltr'><strong>crepantes</strong></span> <span class='ocrx_word' id='word_1_407' title='bbox 1113 2768 1302 2800; x_wconf 77' lang='lat' dir='ltr'><strong>Carbaseos</strong></span> <span class='ocrx_word' id='word_1_408' title='bbox 1325 2766 1420 2800; x_wconf 88' lang='lat' dir='ltr'><strong>fulvo</strong></span> <span class='ocrx_word' id='word_1_409' title='bbox 1434 2761 1614 2800; x_wconf 73' lang='lat' dir='ltr'><strong>in&#39;nodum</strong></span> 
     </span>
     <span class='ocr_line' id='line_1_71' title="bbox 905 2818 1614 2861; baseline -0.004 -9"><span class='ocrx_word' id='word_1_410' title='bbox 905 2819 1098 2861; x_wconf 84' lang='lat' dir='ltr'><strong>collegerat</strong></span> <span class='ocrx_word' id='word_1_411' title='bbox 1128 2819 1235 2852; x_wconf 65' lang='lat' dir='ltr'><strong>auro!</strong></span> <span class='ocrx_word' id='word_1_412' title='bbox 1279 2819 1414 2852; x_wconf 87' lang='lat' dir='ltr'><strong>Retulit</strong></span> <span class='ocrx_word' id='word_1_413' title='bbox 1438 2829 1520 2851; x_wconf 84' lang='lat' dir='ltr'><strong>vero</strong></span> <span class='ocrx_word' id='word_1_414' title='bbox 1546 2818 1614 2850; x_wconf 86' lang='lat' dir='ltr'><strong>Po-</strong></span> 
     </span>
    </p>
   </div>
  </div>
 </body>
</html>
