1846 3120
248 205 364 249 1640

251 317 363 351 niedia
379 319 505 353 Ponto.
547 318 645 351 Inter
660 323 837 360 unguenta
849 319 952 354 crini-

253 368 316 401 bus
332 369 529 410 adaptatur.
552 369 727 403 Domitius.

296 421 361 451 113
383 419 513 451 Frontis
527 419 674 461 honores]
709 420 762 452 Ex
777 431 872 454 more
888 422 953 454 eti-

252 478 307 500 am
331 472 523 501 nostrarum
552 469 739 512 venerum,
760 480 834 513 quae
860 470 953 504 fron-

252 522 322 549 tem
331 527 430 560 quam
437 518 602 552 latissime
613 518 787 553 diductam
796 521 954 562 pulcher·

252 568 369 600 rimam
404 569 614 610 existimant,
647 574 768 603 contra
797 575 953 603 veterum

252 618 491 652 nonnullorum
500 621 648 652 mentem
660 620 717 662 qui
729 626 906 662 angustam
917 625 954 654 et

253 668 440 710 pauxillam
455 668 604 702 frontem
617 669 708 701 inter
718 668 838 703 formae
855 671 954 705 dotes

253 720 481 755 collocabant.
503 722 655 754 Bernart.

267 776 270 780 ’
297 774 361 804 114
383 771 632 812 Suggestumque
652 770 763 812 comoe]
796 771 884 804 Vide
898 772 955 806 hic

253 821 314 855 lib.
329 821 436 854 Hadr.
450 822 547 855 Junii
560 822 604 854 de
620 822 727 854 Coma
742 832 819 864 cap.
832 826 862 855 7.
875 823 954 857 Jan.

253 871 474 904 Parrhasium
492 871 605 913 Epist.
621 874 675 903 57.
692 872 756 904 ult.
771 872 856 905 edit.
872 882 954 915 pag.

253 923 329 954 804.
366 921 523 954 Torrent.
551 921 593 953 ad
621 922 718 954 Suet.
742 922 849 955 Nero.
876 932 955 965 cap.

253 974 308 1003 51.
330 971 475 1003 Salmas.
489 971 532 1003 ad
547 972 697 1004 Pallium
718 973 861 1006 Ter-tull.
874 983 954 1016 pag.

251 1025 328 1055 246.
372 1022 540 1064 Popmam
571 1022 614 1054 ad
645 1022 809 1055 Varronis
834 1023 956 1065 Virgu-

253 1073 320 1104 lam
336 1072 513 1106 Divinam.
536 1073 573 1106 J.
587 1073 792 1106 Wowerium
817 1074 860 1106 ad
886 1075 954 1107 Pe-

254 1128 343 1157 tron.
371 1133 452 1165 pag.
477 1127 554 1156 451.
577 1124 671 1158 Edit.
686 1123 847 1157 Golstad.
871 1125 955 1158 Pas-

253 1178 357 1206 serat.
380 1174 424 1205 ad
449 1173 611 1215 Propert.
640 1174 701 1208 lib.
726 1184 775 1209 1v.
800 1176 900 1218 Eleg.
923 1180 956 1210 3.

253 1223 356 1256 Voss.
383 1223 419 1255 in
444 1224 584 1256 Rhetor.
607 1224 667 1257 lib.
689 1234 742 1257 ιν.
772 1235 852 1268 pag.
877 1229 955 1260 229.

252 1275 317 1306 dcc.
339 1274 458 1307 Barth.

297 1328 360 1357 118
384 1324 525 1367 Concha]
540 1325 631 1358 Nam
642 1326 759 1359 Venus
775 1337 819 1359 ex
832 1337 955 1369 spuma

253 1376 355 1407 maris
371 1380 453 1408 nata
467 1376 597 1408 concha
612 1376 647 1408 in
661 1376 760 1409 littus
775 1378 891 1411 delata
904 1379 954 1411 di-

254 1425 366 1459 citur:
390 1425 482 1457 unde
504 1425 645 1459 conchae
673 1427 801 1459 Veneri
828 1428 953 1461 dicatoe

254 1479 347 1516 suut,
361 1480 400 1508 et
415 1476 583 1509 Venereae
599 1476 771 1510 dicuntur.
803 1478 955 1520 Proper-

254 1526 323 1557 tius
337 1535 346 1558 :
367 1526 377 1544 ‘
391 1526 438 1558 Et
453 1526 548 1557 venit
563 1535 582 1557 e
603 1526 707 1559 rubro
732 1528 864 1560 concha
876 1529 954 1561 Eri·

254 1585 344 1617 cyna
369 1575 480 1607 mari!
522 1576 717 1610 Martialis:
749 1577 759 1595 ‘
775 1579 909 1611 Laevior
933 1589 955 1612 ο

253 1626 393 1658 conchis
416 1626 518 1659 Galle
545 1626 784 1668 Cytheriacis.'
826 1629 955 1662 Eadem

255 1677 388 1709 ratione
401 1677 515 1710 Julius
539 1677 655 1709 Caesar
670 1677 800 1711 Veneri
815 1679 955 1720 genitri-

255 1728 288 1759 ci
312 1728 442 1761 dicavit
469 1729 655 1769 thoracem,
678 1738 779 1771 quem
808 1740 853 1763 ex
878 1731 956 1764 Bri·

255 1779 404 1812 tannicis
417 1779 609 1820 margaritis
625 1779 754 1812 factum
771 1781 889 1814 volunt
906 1782 958 1815 iu-

254 1829 379 1871 telligi;
401 1834 439 1862 et
453 1830 531 1862 duae
545 1830 694 1873 conchae,
709 1841 785 1874 quae
799 1842 922 1865 navem
937 1843 957 1866 a

253 1880 446 1912 Periandro
467 1880 618 1921 missam,
640 1885 680 1912 ut
704 1881 835 1914 nobiles
860 1884 957 1924 pueri

254 1933 500 1970 cantarentur,
518 1930 746 1972 retinuerunt,
759 1931 795 1963 in
811 1933 957 1965 Veneris

255 1979 394 2013 Gnidiae
410 1980 539 2022 templo
550 1980 763 2014 colebantur.
782 1982 955 2016 Domitius.

299 2033 363 2063 119
384 2031 430 2062 Et
443 2030 702 2073 siflammiferas,
715 2031 784 2073 εμπ]
806 2033 875 2066 Ubi
886 2034 956 2066 Ve-

256 2090 320 2113 nus
335 2081 572 2113 Violantillam
599 2082 712 2124 quoad
727 2081 845 2116 formae
869 2093 957 2126 prae·

257 2132 417 2164 stantiam
448 2140 565 2164 secum
595 2137 786 2174 comparat,
809 2134 857 2167 ita
884 2135 954 2168 ait:

256 2182 339 2214 Hoec
359 2183 389 2215 si
400 2182 624 2224 flammiferas,
645 2185 698 2225 ὅτ.
742 2183 957 2226 Interpretes

255 2233 337 2265 dum
358 2233 536 2275 explicare
558 2239 736 2271 conantur,
759 2243 822 2266 eur
841 2235 851 2253 ‘
864 2244 956 2267 erra-

255 2282 368 2316 turos’
402 2283 546 2316 Amores
582 2284 687 2326 poe'ta
718 2284 859 2326 dixerit,
889 2286 957 2328 ipsi

257 2333 408 2375 graviter
445 2338 573 2366 errant.
617 2334 791 2368 Domitius
819 2336 957 2378 quidem

255 2385 305 2417 sic
330 2384 601 2426 interpretatur:
639 2385 723 2427 Ipsi]
754 2385 796 2418 Id
823 2393 886 2424 est,
910 2387 959 2419 in·

256 2433 344 2475 quit,
360 2434 403 2466 ad
418 2433 524 2475 ipsius
538 2434 747 2467 Violentillae
755 2435 864 2477 jussa.
894 2438 956 2469 Er-

255 2484 388 2525 roratis]
413 2484 455 2516 Id
481 2487 546 2525 est,
567 2484 692 2527 inquit,
716 2485 750 2518 ei
773 2487 956 2527 pareretis,

255 2543 324 2566 non
338 2534 431 2566 mihi.
474 2534 641 2567 Morellus
663 2535 783 2568 malitz
815 2535 881 2578 ipsi
902 2547 957 2569 ar·

254 2584 373 2617 ‹lereti-s
396 2583 537 2617 Amores.
578 2584 648 2617 Sed
682 2583 822 2618 frustra.
867 2587 956 2619 Nam

257 2643 377 2666 sensus
391 2639 467 2666 est:
490 2635 636 2667 Tantam
651 2634 757 2668 fuisse
776 2636 958 2669 Violentil-

256 2685 299 2717 1ae
326 2684 606 2727 pulcritudinem,
620 2690 659 2717 ut
683 2686 712 2718 si
733 2686 809 2728 ipsa
833 2687 956 2719 coelum

719 217 862 250 no'l'AE
893 218 1159 253 VARIORUM
1190 221 1244 255 nt

999 314 1085 353 tilla,
1095 320 1238 358 propter
1249 316 1511 359 pulchritudinis
1526 319 1704 363 aequalita-

1001 369 1084 406 tem,
1109 375 1175 398 non
1203 369 1398 408 potuissent
1421 369 1635 411 discernere3
1660 373 1703 404 et

1001 425 1093 458 saepe
1108 423 1290 460 errassent,
1306 420 1386 451 dum
1400 430 1500 454 unam
1517 431 1580 463 pro
1592 422 1703 455 alter·

1003 468 1263 507 compellarent.
1307 469 1395 502 Nam
1420 471 1540 504 Venus
1557 480 1701 505 *omnen

1001 517 1291 558 pulchritudinem
1313 530 1409 553 suam
1433 531 1471 553 se
1493 522 1703 562 Vici-atillo

1003 568 1139 600 dedisse
1160 570 1263 610 paulo
1289 574 1367 612 post
1390 570 1451 613 ait,
1464 571 1545 604 dum
1566 571 1702 616 inquit:

1001 619 1012 636 ⁴
1025 619 1104 651 Non
1120 618 1197 651 ideo
1213 620 1277 651 tibi
1300 621 1370 653 tale
1387 621 1503 664 decus,
1518 622 1702 666 vultusque

1003 669 1183 711 superbos,
1220 670 1350 712 Meque
1381 671 1474 713 dedi,
1508 672 1628 706 viduos
1663 677 1704 706 ut

1004 720 1236 752 transmittare
1253 730 1316 762 per
1331 721 1462 755 annos!
1485 723 1617 756 Geum-

1049 772 1113 803 122
1137 771 1363 811 Quaeritur-,iam
1377 772 1475 805 Sem
1493 772 1703 816 ameum]

1005 818 1068 852 Ait
1083 818 1170 852 adeo
1196 820 1421 863 splendidam,
1442 826 1608 866 tantaque
1630 824 1704 857 cul·

1005 875 1061 901 tus
1074 869 1329 912 magnificentia
1338 870 1444 905 fuisse
1455 872 1703 916 Violentillam,

1005 923 1043 952 ut
1058 929 1122 953 uec
1136 921 1251 962 serici,
1266 931 1330 954 nec
1345 923 1478 966 electri,
1493 933 1559 958 nec
1573 932 1704 967 purpu-

1006 980 1065 1012 rae,
1081 980 1145 1003 nec
1160 972 1326 1014 crystalli,
1340 982 1405 1006 nec
1426 975 1513 1017 auri,
1527 982 1592 1008 nec
1615 984 1704 1009 mar·

1006 1021 1192 1062 garitarum
1207 1022 1290 1054 satis
1301 1022 1350 1055 illi
1358 1025 1512 1065 potuerit
1521 1025 1703 1058 subminis-

1005 1071 1101 1104 trari.
1145 1072 1234 1105 Haee
1249 1077 1370 1106 autem
1378 1075 1492 1108 omnia
1504 1076 1539 1108 iu
1554 1076 1702 1118 gratiam

1004 1123 1111 1164 ipsius
1132 1124 1260 1165 sponsi,
1282 1125 1400 1157 Stellae
1426 1126 1575 1169 inquam,
1599 1127 1704 1169 dixit,

1004 1173 1063 1215 qui
1077 1173 1214 1215 quidem
1228 1174 1331 1207 etiam
1346 1175 1434 1208 adeo
1455 1176 1654 1220 magnificus
1662 1176 1703 1210 in

986 1224 1101 1269 ,cultu
1115 1223 1192 1265 fuit,
1213 1228 1252 1257 ut
1274 1225 1415 1267 singulis
1435 1233 1596 1260 manuum
1621 1227 1704 1260 nrt}-

1004 1274 1089 1306 culis
1100 1275 1261 1316 plurimas
1277 1285 1427 1318 gemmas
1435 1281 1601 1319 gestaret,
1610 1277 1702 1320 qnod

1004 1326 1154 1355 testatur
1179 1324 1330 1358 Martial-
1355 1325 1415 1359 lib.
1430 1335 1466 1359 v.
1487 1327 1554 1370 Ep.
1578 1329 1636 1360 11.
1657 1326 1702 1359 ad

1002 1373 1177 1406 Severum.
1201 1376 1302 1409 Idem.

1047 1426 1109 1456 124
1133 1424 1201 1457 Nec
1214 1425 1345 1467 virides]
1369 1426 1560 1469 Electrum,
1576 1426 1704 1460 inteili-

1003 1474 1066 1516 git,
1083 1475 1174 1515 qnod
1189 1485 1230 1507 ex
1247 1477 1405 1517 lacrymis
1420 1487 1573 1511 sororum
1589 1478 1702 1523 Phae·

1004 1526 1111 1558 tontis
1139 1536 1284 1559 moerore
1313 1528 1349 1559 iu
1388 1530 1533 1570 populos
1562 1529 1703 1563 arbom

1005 1576 1338 1619 transformatarum,
1374 1579 1477 1621 juxta
1516 1580 1704 1613 Eridanum

1005 1636 1150 1666 amnem,
1181 1638 1280 1669 quem
1312 1630 1369 1662 alii
1402 1631 1537 1663 Padum
1566 1634 1704 1672 vocant,

1005 1676 1101 1708 nasci
1130 1677 1252 1710 Poetae
1274 1678 1460 1714 finxerunt.
1503 1681 1596 1714 Vide
1620 1681 1704 1714 ovi-

1004 1725 1099 1758 dium
1114 1727 1202 1760 Met.
1223 1737 1267 1762 11.
1283 1730 1435 1765 Martial.
1450 1731 1494 1764 de
1509 1732 1587 1774 Ape
1601 1732 1704 1765 Elec-

1005 1780 1060 1808 tro
1074 1776 1218 1818 inclusa,
1232 1782 1269 1811 et
1282 1779 1327 1812 de
1342 1781 1472 1823 vipera.

1048 1827 1111 1858 125
1139 1826 1260 1861 Vellera
1283 1829 1435 1871 Sydonio,
1458 1830 1531 1872 &et-J
1567 1829 1704 1872 Purpu-

1003 1883 1077 1907 ram
1097 1879 1295 1921 Sydoniam,
1321 1881 1394 1913 sive
1415 1880 1563 1922 Tyriam,
1578 1879 1705 1912 intelli-

1005 1929 1079 1971 git3
1100 1929 1217 1971 Sydon
1232 1930 1321 1962 enim
1333 1931 1512 1973 Tyriorum
1528 1930 1704 1974 oppidum.

1004 1979 1095 2013 Vide
1109 1980 1238 2014 Justin.
1253 1980 1314 2013 lib.
1327 1987 1440 2014 xvnr.
1469 1982 1516 2014 Et
1525 1982 1600 2015 haec
1613 1981 1705 2014 inter

1005 2031 1256 2073 preciosissima
1269 2035 1336 2072 est,
1350 2031 1443 2073 apud
1459 2031 1576 2065 Strab.
1599 2032 1707 2066 Ptin.

1007 2083 1040 2115 in
1056 2082 1149 2115 Hist.
1165 2082 1251 2116 Nat.
1274 2082 1349 2115 Cic.
1367 2082 1411 2115 ad
1421 2083 1516 2116 Fam.
1532 2083 1646 2125 Epist.
1661 2091 1705 2116 u.

1050 2135 1112 2165 127
1135 2133 1224 2165 Huic
1237 2132 1404 2174 Hermum,
1416 2133 1488 2175 mn]
1515 2133 1704 2176 Postquam

1006 2192 1059 2224 ea,
1075 2192 1151 2225 quae
1163 2182 1198 2214 in
1209 2182 1335 2216 mundo
1350 2183 1508 2216 muliebri
1521 2187 1614 2221 sunt,
1629 2193 1705 2216 ves-

1007 2237 1060 2265 tes
1089 2237 1126 2265 et
1155 2242 1306 2274 gemmas
1338 2242 1475 2276 quoque
1511 2233 1709 2275 descripsit,

1006 2283 1133 2316 transit
1147 2282 1189 2315 ad
1217 2287 1414 2315 ornamenta
1439 2293 1516 2325 quoe
1539 2292 1583 2315 ex
1607 2291 1703 2315 auro.

1005 2335 1117 2376 Tagus
1125 2333 1215 2366 enim
1227 2333 1413 2365 Lusitania
1424 2333 1559 2375 fluvius,
1569 2337 1607 2366 et
1615 2333 1706 2366 Her·-

1006 2393 1080 2417 mus
1095 2385 1131 2415 in
1151 2383 1286 2425 Dor-ylo
1309 2388 1426 2416 monte
1452 2384 1613 2427 Phrygiae
1637 2384 1706 2417 ori-

1006 2444 1080 2476 ens,
1107 2433 1232 2475 quique
1261 2433 1455 2474 Smyrnaeos
1485 2443 1624 2476 campos
1651 2443 1704 2466 se-

1006 2493 1101 2525 cans,
1116 2482 1371 2524 Phrygiamque
1386 2492 1406 2514 a
1420 2482 1522 2516 Caria
1533 2483 1704 2524 dividens,

1006 2534 1144 2567 tandem
1159 2533 1300 2575 Lyciam
1315 2533 1445 2565 alluens
1466 2533 1501 2565 in
1514 2542 1606 2566 mare
1620 2533 1706 2566 labi-

1007 2591 1076 2626 tur,
1096 2593 1218 2617 aureas
1242 2591 1362 2615 arenas
1385 2583 1521 2616 trahere
1543 2592 1565 2617 a
1587 2582 1722 2616 Poetis*

1007 2635 1192 2676 tinguntur.
1215 2634 1368 2666 Reman.
1536 2647 1540 2650 ·

1051 2688 1112 2717 131
1137 2684 1256 2717 Secum
1269 2684 1303 2715 in
1317 2684 1421 2717 littore
1443 2683 1534 2720 Naxi
1558 2683 1706 2718 mmm

258 2735 427 2777 potuisset
455 2735 698 2777 conscendere,
721 2736 787 2778 ipsi
815 2737 958 2779 Cupidi-
999 2736 1111 2776 Juxta,
1138 2734 1210 2776 ssa]
1255 2735 1444 2777 Corruptus
1467 2735 1571 2768 locus.
1613 2735 1706 2779 Nam

257 2795 319 2821 nes
334 2786 506 2819 Venerem
523 2789 666 2820 matrem
678 2796 773 2823 suam
789 2797 808 2820 a
821 2787 959 2823 Violan-

1009 2785 1177 2835 quomodo
1226 2783 1339 2821 Poeta
1386 2784 1637 2822 Violantillam
1661 2785 1706 2819 in
