1846 3120
287 248 401 291 1416
787 258 826 287 P.
859 257 1052 289 PAPJNH
1085 257 1249 292 s'rA'ru

288 355 407 397 Ecce
428 354 579 396 aderat
597 354 736 403 luctn,
758 352 1049 409 dicturusque
1067 355 1216 398 omnia
1234 357 1344 401 belli

289 422 512 466 Libertate
530 420 695 463 Creon:
726 421 813 463 urit
831 422 927 464 fera
946 421 1084 464 corda
1103 423 1363 468 Menoeceus
1381 440 1392 468 z

291 488 431 530 Nulla
448 488 564 542 patri
584 489 789 542 requies:
819 489 942 531 illum
961 490 1219 545 quaeritque,
1239 495 1456 549 tenetque.

292 555 422 599 Illum
444 555 708 609 sanguineos
728 556 989 610 proflantem
1009 562 1187 613 pectore
1208 559 1329 602 rivos

294 622 478 677 Aspicit
497 626 542 664 et
562 635 687 665 saeva
706 636 880 678 semper
899 624 953 666 de
968 629 1082 667 turre
1102 625 1348 670 cadentem.

292 689 358 732 Ut
376 690 573 741 dubium,
592 694 638 733 et
656 704 827 744 pugnas
848 696 1126 735 cunctantem
1147 694 1361 738 Eteoclea
1377 696 1513 739 vidit:

293 757 404 808 Ibis,
424 757 500 809 ait,
520 771 657 813 neque
675 761 718 800 te
739 759 939 810 ulteriuS,
955 760 1222 816 fratrumque
1241 762 1490 819 ducumque

292 824 511 873 Pessime,
530 824 754 868 funeribus
771 828 941 881 patriae,
958 828 1256 883 lacrymisque
1277 831 1485 884 potitum,

293 891 587 934 Eumenidum
605 892 797 947 bellique
816 906 952 946 reum,
971 895 1192 954 patiemur
1210 897 1353 939 inulti.

285 957 376 1005 Sat
394 963 470 1001 tua
486 973 573 1002 non
594 961 734 1014 aequis
752 960 916 1004 luimus
934 962 1128 1017 perjuria
1148 962 1296 1006 Divis.

294 1026 460 1068 Urbem
480 1028 614 1069 armis
634 1028 879 1083 opibusque
897 1041 1090 1083 gravem,
1111 1035 1157 1072 et
1176 1030 1310 1074 modo
1330 1030 1504 1075 civibus
1524 1036 1704 1084 arctam,

294 1092 391 1136 Ceu
412 1095 530 1137 coelo
549 1094 735 1137 dimissa
754 1096 865 1147 lues,
886 1096 1120 1140 inimicave
1140 1098 1287 1149 tellus,

295 1160 516 1212 Hausisti,
535 1174 808 1217 vacuamque
827 1166 975 1205 tamen
995 1165 1198 1206 sublimis
1217 1167 1452 1209 obumbras
1465 1168 1485 1209 'l

294 1229 437 1276 Deest
458 1229 642 1271 servitio
662 1230 840 1285 plebes:
868 1230 951 1272 hos
970 1231 1084 1285 ignis
1104 1235 1279 1286 egentes

1655 830 1742 875 270

1647 1155 1740 1211 '275

292 1367 408 1397 corum,
429 1363 466 1393 at
487 1370 556 1394 ecce
583 1362 684 1394 Creon
705 1362 828 1403 aderat,
843 1361 993 1403 flagrans
1016 1363 1130 1402 dolore,
1150 1364 1201 1395 cui
1225 1363 1334 1397 bellum
1354 1364 1511 1397 licentiam
1524 1364 1619 1397 dabat
1637 1364 1742 1397 omia

290 1401 424 1435 dicendi.
457 1403 632 1436 Menoeceus
640 1405 778 1437 accendit
784 1405 922 1444 ferocem
933 1404 998 1444 ey‘us
1007 1405 1161 1439 animum:
1175 1407 1259 1438 nulla
1270 1407 1356 1448 putri
1367 1407 1490 1449 requies
1498 1417 1509 1438 .·
1523 1407 1638 1449 quaertt
1650 1406 1740 1440 taum

291 1446 324 1475 et
337 1449 437 1477 mente
450 1448 663 1487 amplectitur.-
686 1448 771 1479 videt
794 1456 913 1487 semper
933 1448 1022 1479 illum
1046 1448 1237 1480 emittentem
1262 1460 1278 1481 e
1299 1453 1422 1490 pectore
1446 1453 1601 1482 torrentes
1610 1450 1741 1490 mgni-

291 1486 354 1523 πίε,
369 1491 400 1519 et
421 1493 562 1528 ruentem
575 1500 616 1522 ex
627 1490 746 1522 crudeli
762 1493 859 1522 turre.
909 1490 953 1522 Ut
968 1490 1068 1522 cernit
1085 1491 1241 1522 Eteoclem
1259 1492 1467 1532 hoesitantem,
1486 1495 1520 1524 et
1542 1491 1740 1534 differentem

290 1532 446 1563 certamen
456 1542 467 1564 .·
496 1532 609 1573 Virites,
628 1533 743 1574 inquit,
764 1543 862 1574 neque
878 1535 922 1572 te,
934 1532 1080 1571 fratrum
1094 1537 1126 1564 et
1141 1534 1252 1565 ducum
1270 1535 1413 1575 pessime,
1435 1534 1569 1576 amplius
1583 1533 1739 1575 feremus,

290 1576 410 1605 sontem
425 1575 560 1607 omnium
574 1576 645 1607 belli
657 1575 817 1614 furorum,
838 1575 961 1615 impune
967 1574 1041 1613 frui
1048 1574 1214 1614 funeribus
1227 1576 1400 1618 acfletibus
1406 1578 1534 1618 patrie.
1577 1575 1738 1618 satiem-

290 1624 401 1647 narum
412 1618 552 1649 dedimus
565 1618 658 1650 iratis
672 1618 760 1654 Diis,
774 1618 811 1648 ob
825 1621 912 1649 tuam
929 1617 1102 1658 perfidiam.
1132 1618 1292 1650 Desolusti
1301 1620 1459 1651 civitatem
1471 1622 1629 1660 potentem
1642 1619 1740 1652 annis

291 1657 485 1700 divitiisque,
505 1664 537 1692 et
561 1663 649 1692 modo
669 1663 834 1700 angustam
856 1661 893 1691 ob
913 1660 1143 1692 multitudinem
1157 1661 1338 1701 incolarum,
1354 1665 1388 1693 ut
1402 1662 1500 1702 pest-is
1512 1662 1643 1694 deminuo
1655 1663 1740 1703 coelo,

291 1703 322 1732 et
328 1700 434 1739 fames
444 1703 613 1745 sterilitate
626 1707 732 1746 terrae,
741 1706 772 1735 et
786 1706 889 1735 tamen
901 1702 1052 1744 superbus
1064 1712 1193 1738 vacuam
1205 1704 1305 1737 adhuc
1319 1707 1452 1745 opacae?
1471 1704 1568 1738 Plebs
1579 1705 1662 1738 ame
1671 1713 1738 1737 m·

900 1806 1134 1821 ‘otum'

291 1882 397 1916 Aldd.
422 1883 533 1916 Colin.
555 1883 689 1926 Gryph.
713 1884 817 1917 Basil.
832 1884 946 1919 Plant.
963 1885 1189 1927 Lindenbrog.
1206 1886 1307 1919 Crnc.
1319 1891 1356 1919 et
1370 1886 1515 1919 Gevert.
1538 1885 1612 1919 Hos
1624 1885 1738 1919 bellare

283 1926 376 1966 jubes
391 1926 497 1958 tacite
512 1926 653 1968 scripsit
669 1927 874 1969 Gronovius,
890 1938 1036 1971 eumque
1050 1930 1160 1961 secuti
1175 1933 1254 1960 sunt
1269 1930 1395 1961 Daum.
1419 1929 1526 1962 veen.
1550 1933 1588 1961 et
1611 1927 1736 1970 Delph.

291 1971 400 2001 —263
423 1969 505 2002 Put.
521 1970 624 2001 omina
639 1970 709 2002 belli
719 1981 733 2009 ;
755 1971 844 2012 quod
862 1971 1094 2012 reponendum
1111 1975 1210 2013 putat
1224 1971 1619 2014 Lindenbrogius0—269
1638 1969 1736 2003 Idem

291 2012 402 2048 codex
417 2012 557 2044 exhibet
572 2012 791 2054 :fratremque
816 2015 1101 2056 ducemque—2⁷0
1121 2014 1131 2032 ‘
1144 2014 1272 2046 Nescio
1294 2023 1337 2046 an
1361 2023 1427 2046 non
1454 2014 1501 2046 sit
1525 2013 1581 2046 τοῦ
1603 2013 1737 2052 nourr-o&

289 2054 395 2086 lectio
411 2054 616 2095 optimarum
631 2056 898 2088 membranarum
911 2060 1064 2098 potentem
1074 2067 1085 2088 .·
1108 2057 1163 2088 cui
1179 2056 1362 2088 assentitur
1387 2056 1497 2088 codex
1523 2051 1737 2089 Lindenbro-

290 2096 348 2137 gio
368 2096 546 2129 laudatus!
570 2098 792 2132 Boxum—274
818 2100 883 2132 Ceu
902 2100 974 2131 coelo
995 2100 1110 2140 dijecto
1135 2107 1220 2132 unus
1247 2099 1356 2131 codex
1381 2098 1648 2140 Lindenbrogii;
1673 2099 1737 2131 Ceu

290 2140 363 2171 coelo
377 2140 510 2171 demissa
532 2141 609 2180 lues,
630 2141 796 2173 inimicave
817 2143 931 2173 tellus.-
952 2142 1114 2182 Hausisti,
1136 2143 1191 2182 ὅτ.
1224 2141 1308 2182 legit
1330 2140 1572 2175 Wakefieldius
1597 2142 1631 2174 in
1643 2141 1737 2183 Sylv-

292 2182 379 2214 Crit.
394 2182 437 2215 P.
452 2191 488 2215 v.
505 2192 538 2224 p.
553 2185 714 2218 ‘tm—2⁷6
734 2185 811 2216 Jam
823 2185 909 2217 deest
923 2194 1008 2216 rinus
1021 2185 1143 2217 Barth.
1156 2188 1193 2216 et
1207 2184 1328 2216 Behot.
1344 2187 1374 2216 1.
1404 2184 1414 2202 ‘
1427 2183 1555 2226 Inepta
1567 2184 1738 2233 scripturn

290 2225 418 2257 servitio
441 2225 554 2266 plebes,
577 2228 648 2267 prae
664 2226 723 2259 ina
738 2236 813 2268 quae
830 2227 864 2259 in
879 2227 1018 2268 optimis
1034 2226 1238 2259 membranis
1254 2226 1444 2268 perspicue,
1458 2226 1493 2258 in
1508 2225 1582 2261 aliie
1601 2225 1737 2268 adjecta

291 2267 443 2302 cernitur
467 2277 531 2310 pro
548 2268 643 2301 varia
668 2269 831 2311 lectione,
853 2270 1009 2309 soevitioe;
1034 2279 1110 2312 quae
1134 2269 1268 2303 omnino
1298 2268 1489 2311 Papiniano.
1514 2267 1589 2303 eat?
1617 2267 1735 2303 Banna.

940 2366 1086 2400 NOTAE

332 2442 395 2472 263
422 2439 505 2472 Belli
527 2439 706 2481 Libertate]
740 2440 858 2484 Major
895 2441 987 2473 enim

290 2490 489 2532 proceribus
501 2490 661 2532 loquendi
675 2491 819 2524 libertas
832 2496 987 2533 tempore

287 2539 383 2580 belli,
396 2543 479 2571 tunc
491 2541 579 2571 enim
592 2540 740 2583 principi
750 2551 868 2574 eorum
881 2550 987 2584 opera

287 2591 436 2624 maxime
451 2600 535 2632 opus
547 2595 614 2624 est.

329 2644 371 2674 2⁷
379 2644 393 2673 ι
417 2642 627 2674 Eumenidum
654 2642 783 2684 bellique
809 2643 911 2684 reum]
942 2643 985 2675 Id

288 2696 360 2733 est,
375 2695 552 2724 oneratum
566 2692 721 2726 omnibus
738 2693 935 2726 criminibus
950 2693 985 2725 in

286 2743 353 2774 hoc
368 2742 459 2774 bello
478 2742 676 2785 commissis,
699 2748 736 2776 et
759 2754 836 2786 quae
861 2745 984 2777 Eume·

287 2791 384 2828 uides
400 2797 653 2835 suggesserunt,

1081 2442 1147 2473 272
1162 2438 1327 2481 Periuria]
1342 2439 1432 2474 Quia
1447 2438 1626 2481 imperium
1641 2439 1735 2470 sorte

1040 2490 1193 2523 debitum
1204 2489 1305 2522 fratri
1320 2489 1467 2531 negasti.

1081 2542 1145 2577 2⁷4
1167 2539 1336 2571 Inimicaoe
1350 2539 1458 2580 tellus]
1481 2538 1566 2572 Qua
1579 2536 1735 2580 negando

1039 2590 1166 2631 fruges,
1189 2590 1373 2623 sterilitate
1400 2599 1440 2623 ac
1465 2589 1555 2622 fame
1581 2588 1734 2626 homines

1040 2641 1178 2674 occidit.

1080 2695 1143 2724 276
1154 2691 1253 2725 Deest
1266 2691 1397 2723 servitio
1409 2690 1528 2732 plebes]
1543 2688 1648 2722 Hunc
1659 2697 1736 2721 ver-

1039 2752 1111 2774 sum
1125 2747 1227 2784 atque
1236 2746 1421 2785 sequentes
1447 2741 1542 2778 delet
1565 2738 1737 2784 Gnyetus,

1038 2797 1075 2829 ut
1088 2792 1259 2830 insititios.
