1846 3120
274 205 387 248 1560

767 218 808 247 P.
839 215 1029 247 PAPmu
1063 216 1227 248 STA'ml

274 309 485 364 Rupibus
500 310 732 364 expositis,
750 310 958 366 longique
976 311 1199 366 crepidine
1220 310 1340 354 dorsi

273 376 518 419 Euboicum
539 378 756 420 scandens
775 377 906 419 Aulis
925 391 1058 430 mare,
1079 379 1230 421 littora
1250 379 1435 420 multum

274 443 543 498 Montivagae
562 444 722 487 dilecta
742 445 881 487 Deae:
913 444 1133 499 juxtaque
1154 444 1410 499 Caphareus

1576 408 1723 487 ν450

275 509 503 552 Latratum
521 511 679 565 pelago
699 511 859 554 tollens
877 515 1032 566 caput:
1062 511 1136 553 ille
1159 512 1372 565 Pelasgas

274 576 341 618 Ut
359 577 470 619 vidit
487 581 714 620 transnare
734 581 865 628 rates,
887 582 953 620 ter
971 582 1135 628 monte,
1157 583 1222 620 ter
1242 578 1371 620 undis

274 643 487 694 Intonuit,
507 657 730 699 saevaeque
751 645 872 687 dedit
891 646 1111 699 praesagia
1129 645 1291 687 noctis.

275 707 430 751 Coetus
449 710 513 752 ibi
533 724 751 753 armorum
770 711 919 764 Trojae
934 711 1110 754 fatalis:
1140 712 1204 753 ibi
1223 712 1375 766 ingens

272 775 303 818 J
305 780 452 818 uratur
471 778 648 829 bellum,
669 778 810 820 donec
826 779 893 820 sol
909 791 1078 820 annuus
1100 791 1254 820 omnes

274 842 525 885 Conficeret
544 849 707 887 metas:
737 850 830 886 tum
849 845 1035 899 primum
1055 844 1234 886 Graecia
1252 844 1368 887 vires

274 908 592 964 Contemplata
611 923 739 952 suas:
771 914 873 953 tunc
890 924 1045 965 sparsa
1066 924 1119 953 ac
1139 911 1318 953 dissona
1336 910 1477 953 moles

274 975 330 1017 In
349 989 508 1031 corpus
531 977 786 1032 vultumque
806 979 909 1027 coit,
933 982 980 1019 et
998 990 1099 1032 rege
1118 979 1200 1020 sub
1221 990 1309 1019 uno

270 1092 356 1133 pulis
374 1095 632 1135 prominentibus,
653 1095 741 1135 qu'us
765 1096 843 1137 ripae
865 1097 998 1127 multum
1020 1105 1100 1128 σανα
1122 1099 1196 1129 sunt
1217 1096 1338 1129 numini
1361 1095 1482 1129 eri-aviti
1502 1095 1640 1128 venado
1667 1103 1722 1137 per

273 1138 403 1168 montes.
443 1138 488 1168 Et
501 1147 595 1178 prope
608 1140 655 1169 est
673 1138 850 1179 Caphar-eus
861 1138 983 1178 erigens
996 1142 1087 1180 caput
1099 1140 1254 1180 pulsatum
1263 1138 1416 1180 fluctibus
1428 1148 1498 1171 cum
1512 1146 1625 1176 magno
1635 1145 1721 1168 mr·

273 1186 372 1209 mure.
418 1179 488 1218 Ille,
502 1183 537 1210 ut
552 1180 631 1211 vidit
645 1180 850 1219 transftetare
859 1190 952 1213 naves
965 1181 1106 1221 Graecas,
1119 1185 1167 1213 ter
1181 1182 1283 1213 tonuit
1297 1181 1331 1213 in
1344 1184 1458 1221 mate,
1469 1184 1502 1212 et
1513 1184 1564 1213 ter
1576 1177 1721 1220 ino-oquin,

273 1222 305 1250 ee
319 1219 406 1251 aedit
415 1221 517 1253 omina
530 1222 609 1253 diroe
621 1222 733 1254 noctis.
779 1223 954 1255 Conventus
966 1223 1271 1262 armorumsunestus
1288 1223 1390 1263 Trv'oe
1401 1223 1446 1255 ibi
1459 1223 1518 1265 fit.
1562 1220 1615 1253 Ibi
1629 1222 1720 1260 jum·

274 1264 327 1292 tm·
340 1271 486 1302 magnum
498 1263 621 1305 bellum,
634 1267 666 1296 et
680 1265 806 1297 interim
819 1266 866 1297 sol
878 1265 999 1306 peregit
1012 1275 1146 1298 annuum
1159 1266 1333 1299 circuitam.
1379 1266 1464 1298 Tunc
1478 1264 1616 1306 primum
1627 1263 1722 1294 Gro-

272 1303 324 1336 cia
337 1305 489 1345 spectavit
503 1316 593 1338 suam
613 1307 805 1349 potentiam:
829 1311 901 1339 tunc
914 1308 1078 1340 multitudo
1102 1307 1219 1350 diffusa
1240 1312 1270 1340 et
1293 1308 1418 1341 dissona
1431 1306 1547 1340 coaluit
1559 1307 1593 1339 ὶκ
1604 1313 1725 1349 corpus,

876 1390 915 1404 00
918 1390 1115 1404 “ecee-9000

273 1444 310 1471 et
324 1440 428 1474 Basil.
441 1444 551 1475 classes
573 1447 833 1486 ,νηπίω-452
861 1445 904 1477 Ut
919 1444 1000 1477 vidit
1015 1444 1149 1476 transire
1168 1448 1253 1477 rates
1267 1445 1389 1479 Petav.
1406 1444 1466 1476 tibi
1487 1446 1590 1476 monte
1603 1446 1651 1475 ter
1665 1452 1722 1474 un·

273 1482 324 1514 dis
335 1484 422 1516 Exc.
438 1485 651 1527 Burg.—458
673 1487 715 1519 In
731 1486 851 1520 iisdem
878 1487 963 1520 Exc.
979 1488 1153 1528 vultumque
1174 1487 1377 1528 cogite-459
1399 1488 1504 1528 Lang-
1519 1487 1621 1519 Laur.
1633 1484 1722 1518 Bus-

927 1571 1071 1605 NOTAE

273 1637 326 1665 est
339 1632 441 1666 filiam
458 1634 672 1677 Iphigeniam
687 1636 734 1668 illi
749 1637 836 1669 Deae
853 1636 968 1668 immo·

271 1684 356 1716 lare.
400 1685 536 1718 Hecate
550 1692 663 1719 autem
679 1687 800 1721 eadem
814 1699 890 1731 quae
905 1688 970 1721 Di-

274 1744 352 1775 ana,
363 1740 401 1767 ut
406 1736 478 1777 jam
493 1737 651 1770 diximus.

316 1787 381 1817 448
404 1786 546 1828 Rupibus
561 1788 726 1830 expositis]
748 1789 790 1821 Id
808 1793 872 1831 est,
893 1799 970 1831 pro-

273 1834 480 1868 minentibus
495 1836 530 1868 in
555 1846 661 1879 mare,
686 1848 747 1871 sen
770 1845 867 1871 extra
882 1839 972 1881 posi-

274 1884 330 1917 tis.
378 1885 558 1926 Crepidine]
594 1887 744 1928 Crepido
766 1893 818 1920 est
838 1888 973 1930 cujusli-

274 1934 336 1967 bet
350 1936 479 1976 scopuli
492 1936 564 1968 sive
578 1936 714 1979 abrupti
726 1940 799 1971 saxi
815 1938 970 1972 altitudo.

316 1987 382 2017 449
404 1986 575 2018 Euboicum
604 1987 703 2029 mare]
736 1989 827 2021 Nam
852 1994 973 2022 contra

274 2035 446 2067 Boeotiam
474 2036 584 2068 insula
612 2041 667 2070 est
693 2038 838 2079 Euboea,
863 2048 883 2070 a
906 2048 974 2080 qua

274 2085 484 2126 interjacens
495 2087 631 2129 euripus
646 2092 787 2121 vocatur
802 2089 974 2121 Euboicum

274 2144 371 2166 mare.

318 2186 382 2216 450
419 2185 615 2226 Montivagoe
654 2187 750 2229 Deoe]
793 2187 973 2220 Venatrici

274 2235 412 2269 Dianae.
449 2237 642 2278 Caphareus]
672 2237 870 2279 Caphereus
896 2249 973 2280 pro-

274 2285 480 2318 montorium
506 2286 647 2319 Euboeae
677 2287 810 2329 insulae,
840 2294 879 2321 ut
899 2290 973 2331 jam

275 2334 436 2376 diximus,
452 2336 621 2368 Boeotiam
638 2338 837 2379 respiciens.

316 2388 379 2417 451
403 2386 584 2427 Latratum]
632 2387 779 2420 Passive
806 2388 878 2421 sine
908 2389 973 2421 ori-

276 2434 355 2474 gine
368 2435 477 2467 verbi.
520 2436 599 2467 Non
616 2436 705 2468 enim
726 2437 973 2471 diciturlatror.

275 2485 443 2526 Pelasgas]
466 2486 620 2519 Graecas.

318 2539 382 2567 452
408 2537 469 2568 Ter
488 2540 602 2579 monte,
624 2541 672 2570 ter
696 2538 789 2570 undis
815 2538 973 2580 Intonuit]

277 2586 450 2618 Numerus
475 2591 587 2618 tamen
611 2588 791 2630 ternarius,
812 2593 848 2621 et
866 2589 973 2621 omnis

277 2636 403 2675 impar,
418 2634 503 2667 felix
526 2636 677 2669 habitus.

318 2687 381 2716 453
406 2685 565 2727 Soevaeque
586 2688 673 2719 dedit
684 2688 843 2728 proesagia
857 2688 972 2730 noctis]

274 2736 366 2770 *Nam
396 2739 473 2778 post
506 2745 659 2769 eversam
696 2738 834 2780 Trojam
872 2738 972 2772 multi

1023 1635 1224 1667 Graecorum
1254 1635 1437 1667 redeuntes
1472 1636 1581 1666 noctu
1610 1633 1722 1675 perie-

1023 1689 1103 1717 runt
1130 1685 1222 1717 inter
1246 1685 1402 1726 scopulos
1421 1683 1604 1725 capharei,
1627 1683 1723 1716 Nau·

1023 1734 1095 1777 plio
1110 1743 1153 1766 ex
1168 1743 1208 1766 eo
1223 1733 1317 1766 faces
1328 1732 1508 1766 efferente.

1065 1788 1130 1818 454
1154 1786 1258 1818 Coetus
1283 1785 1328 1817 ibi
1355 1784 1525 1826 armorum]
1547 1784 1619 1824 Fit,
1643 1793 1722 1826 sup-

1023 1835 1098 1876 ple;
1113 1844 1191 1867 nam
1216 1830 1330 1867 cun'cti
1350 1833 1456 1866 duces
1473 1833 1634 1870 Graeciae,
1650 1833 1721 1866 vel-

1024 1886 1075 1918 uti
1091 1885 1188 1926 signo
1215 1885 1306 1921 dato,
1337 1893 1403 1916 uno
1427 1888 1464 1915 et
1486 1883 1606 1915 eodem
1637 1888 1723 1915 tem-

1024 1946 1108 1978 pore
1123 1935 1251 1968 Aulida
1261 1934 1506 1967 confluxerant.
1535 1934 1721 1976 Armorum]

1026 1987 1110 2027 Pro,
1120 1990 1338 2018 armatorum.

1066 2039 1130 2068 455
1156 2037 1292 2068 Juratur
1320 2034 1446 2076 benum]
1488 2034 1605 2068 Graeei
1630 2035 1722 2068 enim

1026 2086 1073 2119 ibi
1082 2086 1259 2128 juravere,
1274 2095 1310 2118 se
1332 2086 1367 2119 in
1382 2085 1529 2127 patriam
1552 2094 1619 2117 non
1633 2085 1723 2117 redi-

1027 2141 1134 2178 turos,
1159 2137 1220 2168 nisi
1235 2140 1414 2178 postquam
1427 2135 1566 2177 Trojam
1580 2135 1723 2168 evertis-

1027 2190 1115 2219 sent.
1148 2186 1248 2218 Unde
1264 2186 1348 2218 illud
1362 2186 1496 2227 Virgilii
1510 2195 1520 2217 t
1545 2186 1642 2218 ‘Non
1657 2194 1723 2227 ego

1026 2248 1102 2270 cum
1113 2238 1239 2270 Danais
1248 2238 1428 2279 'frojanam
1437 2237 1635 2270 exscindere
1643 2245 1724 2277 gen-

1027 2292 1096 2320 tem
1123 2288 1251 2320 Aulide
1272 2287 1413 2330 juravi.’
1466 2288 1573 2319 Donec
1601 2288 1648 2320 sol
1669 2297 1724 2319 an-

1026 2349 1119 2379 nuus,
1132 2338 1203 2380 sa]
1225 2339 1313 2371 Nam
1329 2347 1451 2370 annum
1468 2337 1584 2370 Graeci
1600 2337 1635 2369 in
1649 2336 1722 2369 Au-

1027 2388 1095 2420 lide
1111 2392 1318 2420 manserunt.

1067 2441 1130 2470 457
1154 2437 1288 2479 Sparsa]
1309 2437 1351 2470 In
1375 2437 1484 2469 varios
1506 2436 1641 2469 scilicet
1664 2445 1722 2477 po-

1027 2488 1124 2529 pulos
1137 2497 1176 2519 ac
1189 2487 1413 2529 principatus.
1450 2486 1600 2527 Dium]
1613 2485 1722 2526 Prop-

1027 2543 1083 2571 ter
1097 2538 1248 2570 diversas
1273 2538 1417 2580 linguas,
1444 2538 1598 2578 AEoliam,
1620 2537 1722 2570 Dori-

1027 2598 1114 2627 cam,
1128 2587 1291 2627 Atticam,
1306 2592 1344 2619 et
1359 2597 1582 2620 communem.

1066 2640 1130 2670 458
1169 2637 1369 2678 Vultumque]
1412 2637 1502 2669 Satis
1538 2636 1722 2677 improprie

1025 2698 1087 2730 pro
1109 2688 1237 2729 capite,
1263 2688 1323 2719 sed
1348 2687 1427 2729 quia
1447 2687 1481 2718 in
1498 2686 1592 2718 vultu
1608 2685 1722 2727 potior

1025 2738 1176 2781 corporis
1192 2737 1311 2771 forma.
1355 2737 1402 2769 Et
1415 2746 1490 2777 rege
1500 2736 1555 2769 sub
1565 2735 1644 2778 uno]
1675 2735 1722 2770 A·
