1846 3120
240 241 354 283 1404
739 251 779 280 P.
812 249 1004 280 PAPan
1039 249 1204 281 s'rA'rn

241 346 373 386 Bella
393 345 536 386 cient:
567 344 759 386 clamant
779 344 1094 395 amnessfreta,
1116 345 1283 397 nubila,
1305 341 1470 402 sylvae3

240 411 433 465 Jamque
453 414 608 465 patent
623 414 815 464 strages:
846 412 1064 466 plangunt
1079 425 1161 454 sua
1180 412 1341 455 damna
1357 414 1518 464 coloni,

242 479 300 520 Et
318 483 465 520 tamen
479 486 727 531 ‘oppressos
747 479 1011 520 miserantur
1031 479 1076 520 in
1097 493 1276 534 aequore
1297 486 1468 522 nautas.

242 543 352 585 Illas
372 547 421 584 ut
435 556 605 585 summo
626 545 740 586 vidit
756 551 883 598 pater
903 546 1023 587 altus
1045 545 1242 602 Olympo

242 609 464 652 Incestare
484 610 624 661 diem,-
640 611 949 666 trepidumque
972 612 1244 667 Hyperionis
1264 615 1414 656 orbem

243 676 447 718 Suffundi
462 677 665 728 maculis,
685 681 814 720 torvo
835 679 904 720 sie
920 679 1096 721 inchoat
1115 693 1215 723 ore:

243 742 449 785 Vidimus
466 745 705 795 armiferos,
726 758 815 799 quo
836 746 906 787 fas
920 750 1016 788 erat
1036 760 1190 801 usque,
1209 749 1396 799 furores,

244 810 495 862 CoeHcolae,
516 812 751 866 licitasque
766 813 902 863 acies,
921 814 1004 855 etsi
1020 814 1160 867 impia
1182 817 1297 858 bella
1335 823 1338 826 ⁴

244 877 374 919 Unus
395 879 492 929 init,
513 891 738 933 aususque
752 892 852 921 mea
871 881 1158 934 procumbere
1177 883 1346 925 dextra.

245 944 379 986 Nunc
399 957 482 998 par
502 945 746 997 infandum,
766 948 1030 1002 miserisque
1046 949 1272 1001 incognita
1283 951 1429 993 terris,

244 1012 401 1065 Pugna
421 1012 596 1055 subest:
630 1014 798 1055 auferte
817 1015 974 1056 oculos
991 1029 1002 1057 :
1034 1017 1292 1059 absentibus
1312 1019 1460 1059 ausint

244 1077 344 1119 Ista
363 1079 492 1129 Deis,
510 1080 763 1135 lateantque
778 1081 808 1123 J
811 1094 937 1124 ovem
954 1095 965 1124 :
997 1087 1069 1124 sat
1088 1083 1240 1125 funera
1260 1097 1441 1127 mensae-

244 1144 490 1197 Tantaleae,
513 1151 559 1188 et
578 1152 727 1190 sontes
747 1148 915 1191 vidisse
931 1149 1152 1205 Lycaonis
1172 1163 1286 1202 aras,

1615 615 1703 657 120

1618 952 1705 994 125

246 1260 374 1303 Libycis
394 1262 498 1294 arenis
509 1273 522 1300 ;
542 1266 684 1306 strepunt
710 1275 827 1304 amnes,
845 1265 957 1306 maria,
979 1266 1086 1306 nubes,
1106 1276 1231 1298 nemora
1243 1277 1253 1297 .·
1267 1266 1397 1308 jamque
1418 1267 1522 1300 clades
1533 1267 1705 1307 detegitur,

245 1303 362 1345 deflent
376 1305 524 1344 agricola:
546 1315 602 1338 sna
625 1307 825 1347 detrimenta,
846 1311 876 1339 et
900 1311 1003 1339 tamen
1027 1309 1216 1341 miserantur
1234 1313 1345 1341 nautas
1359 1311 1393 1350 in
1414 1308 1496 1341 mari
1509 1319 1704 1341 summersos.

251 1346 295 1377 Ut
307 1356 443 1387 summus
460 1351 551 1388 pater
566 1349 621 1383 has
636 1350 759 1390 aspexit
772 1360 789 1381 e
802 1359 941 1391 supremo
961 1351 1046 1391 coelo,
1058 1351 1226 1389 funestare
1250 1353 1360 1390 lucem,
1382 1355 1414 1384 et
1435 1355 1616 1384 trementem
1631 1353 1705 1384 solis

246 1389 347 1420 orbem
360 1391 521 1430 conspergi
535 1392 676 1431 maculis,
692 1393 738 1422 sic
748 1392 860 1433 incipit
874 1393 956 1424 irato
971 1403 1024 1424 ore
1035 1405 1045 1424 .·
1068 1394 1269 1434 Aspeximus,
1279 1395 1405 1433 coelites,
1418 1394 1559 1426 bellicam
1573 1394 1703 1432 rabiem,

245 1440 341 1471 usque
352 1441 410 1472 quo
425 1431 535 1463 licebat
548 1433 608 1473 ire,
631 1437 662 1465 et
683 1434 765 1465 acies
785 1436 966 1475 permissas,
987 1437 1126 1477 quamtis
1138 1446 1219 1467 unus
1232 1436 1376 1468 intulerit
1386 1436 1515 1478 impium
1528 1436 1652 1475 bellum,
1672 1439 1702 1467 et

244 1482 340 1505 ausus
360 1474 460 1511 fuerit
475 1477 584 1507 cadere
598 1475 664 1508 mea
678 1478 803 1509 dextra.
850 1478 942 1509 Nunc
955 1479 1116 1510 scelestum
1128 1488 1197 1519 par,
1219 1483 1250 1511 et
1271 1479 1415 1520 proelium
1429 1479 1549 1510 miseris
1563 1478 1706 1510 mortali·

245 1515 303 1547 bus
316 1517 509 1556 incognitum
530 1520 648 1558 prodit,
669 1520 847 1560 detorquete
863 1520 954 1551 visua
1000 1520 1167 1552 Attentent
1181 1521 1244 1552 ista
1265 1521 1441 1553 numinibus
1461 1520 1650 1557 absentibus,
1672 1523 1704 1552 et

245 1560 437 1591 occultentur
449 1561 534 1592 Jori.
580 1561 705 1603 Sufficit
728 1563 886 1603 aspexisse
913 1563 1010 1595 credes
1035 1563 1192 1595 Tantaleae
1217 1573 1342 1602 mensoe,
1365 1567 1396 1596 et
1420 1564 1565 1596 nocentia
1588 1564 1705 1595 altaria

876 1657 946 1669 ‘00‘
953 1656 1113 1670 “0⁴00“

247 1719 331 1752 Put.
346 1720 446 1752 medio
466 1721 504 1752 de
529 1722 776 1755 cardina—116
799 1723 839 1755 1n
865 1725 986 1757 eodem
1013 1725 1119 1758 libro:
1143 1726 1277 1757 clamant
1303 1725 1530 1756 manes.—12o
1553 1721 1706 1761 Insertum

248 1763 331 1795 diem
358 1763 390 1794 in
408 1763 610 1804 quibusdam
626 1765 724 1798 codd.
752 1766 812 1797 sed
831 1767 906 1799 vide
930 1769 1020 1800 Dan.
1045 1768 1164 1800 Heins.
1182 1768 1223 1799 ad
1242 1767 1418 1799 claudian.
1444 1766 1488 1798 de
1505 1767 1608 1807 Rapt.
1626 1765 1707 1797 Pro-

249 1814 338 1846 serp.
354 1814 394 1838 11.
407 1808 592 1838 21⁷.—122
615 1809 817 1840 Bernartius
834 1810 925 1850 conj.
941 1810 1064 1851 quasas
1077 1813 1266 1843 erut.—124
1290 1811 1397 1850 Laug.
1419 1810 1524 1841 Laut.
1549 1809 1703 1856 Lipsian.

248 1848 388 1880 Behott.
415 1851 445 1880 1.
471 1851 499 1880 2.
526 1850 615 1882 Dan.
644 1852 724 1882 Put.
741 1852 863 1883 Petav.
889 1854 1029 1885 Venett.
1046 1856 1076 1885 8.
1093 1856 1126 1886 4.
1171 1852 1273 1885 Aldd.
1297 1853 1407 1884 Colin.
1438 1850 1569 1892 Gryph.
1596 1850 1702 1881 Banu.

248 1890 365 1923 Plant.
383 1890 612 1931 Lindenbrog.
629 1892 891 1926 Cruc:Geva1-t.
909 1895 1065 1927 Grasser.
1078 1901 1112 1926 et
1129 1894 1270 1927 Amstel.
1285 1896 1460 1935 dignusque
1475 1902 1542 1924 mea
1562 1901 1704 1933 procum-

250 1932 319 1963 bere
333 1934 447 1964 dextra
457 1943 470 1970 ;
494 1934 625 1966 Buslid.
650 1940 686 1967 et
702 1938 852 1968 nonrmlli
870 1938 1021 1970 Gronov.
1042 1947 1192 1978 aususque
1211 1947 1310 1969 meam
1333 1936 1527 1978 procumbere
1547 1936 1704 1967 dextram.

249 1974 438 2009 VideNot.
455 1976 643 2009 Van—127
669 1978 751 2011 Put.
770 1979 887 2017 funera
912 1981 1143 2013 mensim—130
1168 1980 1298 2022 Optimi
1325 1979 1426 2011 libri:
1454 1979 1546 2011 Nunc
1570 1978 1703 2009 iterum.-

904 2066 1050 2099 NOTAE

226 2169 229 2173 ἡ
250 2125 377 2169 Libycis
387 2127 439 2159 hic
449 2131 559 2168 pastus
570 2128 688 2169 arenis]
712 2129 752 2161 Id
766 2133 833 2170 est,
846 2139 949 2172 vapo-

249 2177 344 2210 ribus
360 2178 494 2212 eductis
510 2188 552 2211 ex
569 2180 679 2212 arenis
698 2179 884 2213 Africanis.

294 2232 356 2261 118
378 2230 425 2261 Et
435 2233 539 2262 tamen
552 2241 709 2271 oppressos
721 2233 908 2264 miserantur
917 2232 951 2263 in

249 2290 371 2322 oequore
383 2281 509 2322 nautas]
534 2283 581 2314 Ut
598 2292 682 2324 quos
694 2293 787 2315 saeva
802 2288 950 2325 tempes-

250 2336 304 2363 tas
320 2331 563 2364 submerserit„
661 2334 664 2336 “

248 2405 253 2411 .
295 2384 357 2414 120
392 2383 551 2414 Incestare
576 2382 672 2424 diem]
700 2383 821 2415 Claud.
852 2383 951 2414 Bello

251 2432 401 2464 Getico:
425 2433 434 2450 ‘
450 2433 578 2464 Patriis
593 2434 710 2464 lunare
733 2435 874 2465 venenis
893 2434 950 2465 111-

250 2486 384 2515 cestare
394 2483 524 2524 jubar!
542 2483 643 2515 Cons.
657 2484 776 2514 Manlii
791 2495 799 2515 ε
818 2483 952 2515 ‘Latios

248 2532 422 2564 incestant
432 2531 568 2563 nomina
581 2531 712 2564 fastos.'
745 2532 953 2574 Hyperionis]

249 2581 351 2613 Solis.
396 2581 559 2613 Videlib.
575 2590 657 2613 viu.
670 2584 723 2613 47.

251 2649 254 2652 ’
296 2633 358 2663 123
382 2631 456 2663 Etsi
469 2631 566 2672 impia
580 2631 657 2663 bella
677 2632 764 2663 Unus
788 2631 866 2673 init]
889 2632 952 2664 Ca·

251 2690 399 2723 paneam
436 2681 610 2722 intelligit.
654 2682 744 2712 Vide
783 2682 842 2713 lib.
878 2692 951 2723 sup.

252 2733 414 2764 ceterum
429 2731 472 2763 de
488 2731 701 2772 ingenuitate
716 2731 859 2772 hujusce
877 2741 951 2764 ver-

252 2791 309 2818 sus
323 2786 358 2814 et
372 2782 546 2825 sequentis
562 2781 697 2815 dubitat
714 2783 952 2825 Guyetus„di-

1001 2131 1116 2173 citque
1130 2130 1336 2167 senteutiam
1361 2139 1454 2162 suam
1476 2126 1669 2162 confirmari
1685 2137 1706 2159 a

1002 2180 1121 2212 codiee
1137 2180 1353 2212 Buslidiano.

1047 2232 1109 2261 124
1126 2231 1288 2270 Aususque
1298 2239 1364 2261 mea
1372 2226 1571 2269 procumbere
1578 2224 1707 2266 dextra]

1005 2279 1046 2311 Id
1063 2285 1128 2316 est,
1142 2289 1243 2311 ausus
1255 2278 1392 2318 mereri,
1407 2283 1444 2308 ut
1460 2286 1536 2307 mea
1551 2285 1706 2316 procum-

1006 2330 1103 2362 beret
1131 2329 1265 2361 dextra.
1307 2327 1459 2361 'Quidam
1485 2324 1634 2358 codices
1647 2325 1707 2356 ha·

1005 2379 1089 2411 bent
1103 2389 1111 2410 :
1149 2379 1329 2420 dignasque,
1350 2373 1430 2416 mea,
1458 2378 1512 2417 ᾃτ.
1569 2373 1639 2407 Alii
1668 2378 1706 2410 et

1007 2431 1119 2471 plures
1145 2428 1280 2471 quidem
1295 2437 1305 2459 ε
1334 2435 1484 2466 ausuque
1509 2434 1610 2457 meam
1635 2435 1707 2457 con-

1006 2483 1140 2512 temnere
1153 2480 1311 2510 dextram.
1608 2502 1612 2510 .
1649 2504 1652 2507 ,

1050 2533 1110 2562 125
1128 2530 1196 2560 Par
1207 2527 1383 2568 infandum]
1400 2527 1556 2559 Fratrum
1573 2525 1708 2557 scilicet

1007 2589 1120 2611 secum
1144 2578 1290 2610 invicem
1315 2577 1550 2619 pugnantium,
1573 2580 1610 2608 ut
1624 2574 1707 2608 dici-

1007 2635 1064 2662 tur
1080 2638 1141 2670 par
1157 2628 1399 2669 gladiatorum.

1041 2682 1103 2711 12⁷
1117 2678 1178 2711 Sat
1186 2678 1298 2714 funera
1308 2687 1422 2709 mensae
1435 2675 1606 2717 Tantaleae]
1617 2675 1706 2708 Tan-

1006 2731 1093 2762 talus
1109 2729 1199 2760 enim
1222 2727 1328 2763 filium
1344 2727 1511 2769 Pelopem
1533 2726 1606 2758 Diis
1623 2733 1707 2768 epm
1721 2761 1723 2764 ,

1005 2779 1144 2814 landum
1162 2778 1336 2821 apposuit.
