1846 3120
301 217 416 260 1422
774 255 776 258 ,
797 229 836 258 Ρε
868 228 1059 260 [smmi
1092 228 1257 261 s'rA'ru
1271 237 1284 261 ,-

300 324 407 366 Ulla
427 336 583 365 soror:
603 326 648 363 te
666 325 828 363 cuncta
845 327 1008 375 rogant,
1028 323 1100 366 hic
1119 323 1554 378 plangimus-omnem
1595 344 1598 347 “
1660 326 1751 370 8611

299 390 385 432 Ast
403 392 466 432 ibi
486 391 564 432 vix
584 402 696 430 unus
716 401 890 442 pugnas
906 389 1132 432 dissuadet
1153 390 1385 443 Adrastus,
1426 404 1427 408 ¹
1500 400 1503 410 ²
1529 411 1531 414 ·
1670 417 1672 421 ·
1702 399 1727 424 =¹

300 457 394 499 Aut
413 458 600 499 for-tasse
613 456 766 511 jubet:
798 461 844 498 tu
858 456 1010 499 limina
1030 454 1151 499 avsta
1170 458 1382 512 Deosque
1730 463 1732 465 ’

300 524 499 578 Linquis,
518 529 565 566 et
585 537 613 566 a
631 524 792 566 nostris
812 524 858 565 in
876 524 1054 566 fratrem
1075 525 1355 579 amplexibus
1372 525 1470 573 exis
1482 526 1502 567 ’ἱ

299 590 361 632 At
380 595 506 645 parte
527 605 586 634 ex
605 592 697 634 alia
713 592 877 634 tacitos
892 593 1298 636 obstantemmultu
1354 613 1358 619 ·
1713 632 1739 639 ..

300 657 525 711 Antigone
541 658 682 700 furata
701 659 858 712 gradus
876 658 985 714 (nee
998 664 1125 702 casta
1142 660 1336 703 retardat
1456 669 1459 671 ’
1489 699 1495 705 .
1664 661 1751 704 355

299 723 565 780 Virginitas)
583 726 705 768 volat
726 724 886 780 Ogygii
903 726 1087 780 fastigia*
1099 727 1215 768 muri
1420 735 1423 738 ·
1717 744 1719 746 ·

299 791 584 846 Exsuperare
601 793 776 835 furens:
808 793 949 834 senior
969 806 1119 836 comes
1137 795 1271 837 haeret
1289 795 1408 836 eunti

298 859 453 910 Actor,
473 864 518 901 et
535 860 607 901 hic
625 873 817 901 summas
833 873 921 904 non
936 862 1167 904 duraturus
1188 862 1245 904 ad
1261 875 1405 904 arces.

259 919 267 924 ’
300 927 451 981 thue
468 927 626 982 procul
644 928 755 970 visis
775 928 957 981 paulum
978 929 1201 971 dubitavit
1220 930 1266 970 in
1288 929 1434 979 armis,
1646 967 1649 970 Α
1711 966 1717 970 ,

296 992 576 1048 Agnovitque
594 993 740 1050 (nefas
754 991 788 1049 ἔ)
800 994 963 1048 jaculis
983 1000 1030 1037 et
1048 997 1372 1051 voce‘superba
1479 1014 1494 1046 J
1520 1003 1522 1005 ’
1660 997 1747 1040 360

295 1060 440 1103 Tecta
459 1062 763 1112 incessentem,
781 1074 939 1115 magno
956 1063 1079 1116 prius
1099 1063 1247 1105 omnia
1266 1063 1448 1117 planctu
1699 1082 1705 1085 ’

296 1127 474 1182 Implet,
495 1131 539 1170 et
558 1140 582 1169 e
601 1128 738 1169 muris
759 1141 840 1170 ceu
857 1129 1118 1171 descensura
1135 1130 1360 1183 profatur:

297 1194 551 1249 Comprime
570 1196 659 1237 tela
673 1208 820 1246 manu,
839 1196 1106 1250 paulumque
1125 1196 1240 1238 hanc
1259 1197 1411 1251 aspice
1430 1198 1597 1249 turrim,

296 1261 466 1313 Frater,
488 1266 532 1304 et
551 1261 776 1304 horrentes
797 1263 909 1304 refer
927 1263 972 1304 in
993 1275 1093 1305 mea
1109 1263 1278 1306 lumina
1292 1264 1462 1306 cristas.
1496 1280 1499 1283 ·
1517 1280 1520 1282 ’

294 1381 379 1412 nulla
393 1389 480 1411 soror
494 1389 563 1412 eum
576 1381 702 1412 retinet.
749 1381 864 1412 Omnia
878 1384 909 1413 te
923 1381 1035 1421 arants
1052 1381 1103 1413 hie
1128 1381 1231 1414 cuncti
1249 1381 1374 1423 flemus.
1417 1381 1481 1414 Sed
1499 1382 1567 1415 illic
1589 1380 1646 1415 uix
1665 1391 1746 1414 unus

293 1423 451 1454 Adrastus
465 1423 649 1454 dehortatur
662 1434 681 1455 a
695 1424 817 1464 pra-lio,
829 1428 884 1454 aut
888 1424 1030 1462 forsitan
1044 1423 1079 1455 ia
1091 1423 1234 1464 imperat.
1280 1424 1326 1455 Tu
1340 1424 1456 1456 deseris
1469 1425 1573 1465 domos
1582 1423 1745 1464 maiorum,

293 1469 327 1497 et
340 1465 480 1505 numina,
495 1469 528 1496 et
542 1476 561 1496 a
576 1466 693 1497 nostris
707 1466 899 1506 amplexibus
913 1466 1016 1497 tendis
1037 1466 1072 1497 in
1093 1474 1288 1506 germanum.
1333 1465 1381 1498 At
1403 1469 1495 1506 parte
1515 1475 1556 1498 ex
1568 1466 1634 1497 alia
1645 1465 1745 1498 Anti-

291 1517 386 1547 gone,
401 1517 469 1548 quoe
483 1508 564 1539 clam
577 1517 610 1539 se
624 1508 831 1549 surripuerat,
845 1510 978 1540 tumultu
992 1508 1176 1549 impediente
1188 1519 1227 1541 ne
1241 1508 1345 1540 exitus
1359 1507 1424 1547 eius
1441 1508 1621 1550 sentiretur,
1632 1509 1744 1540 arden-

293 1554 343 1581 ter
357 1551 469 1589 currit,
492 1549 564 1591 (uec
581 1551 696 1590 pudica
717 1551 887 1590 virginitas
911 1554 1086 1583 remoratur
1099 1549 1214 1591 illam)
1240 1554 1272 1582 et
1291 1550 1326 1582 in
1350 1560 1481 1583 summos
1501 1560 1605 1582 muros
1628 1549 1744 1585 evadit.

291 1592 470 1632 Longaevus
485 1593 583 1625 Actor
597 1603 664 1624 eam
678 1595 831 1634 sequitur,
853 1596 884 1624 et
898 1594 947 1625 hie
961 1603 1021 1624 non
1046 1596 1247 1633 perventurus
1261 1593 1298 1624 oh
1312 1594 1431 1625 senium
1451 1595 1492 1626 ad
1512 1593 1631 1625 culmen
1650 1592 1745 1626 areis.

292 1636 339 1667 At
354 1645 423 1666 cum
444 1635 552 1676 procul
573 1636 700 1675 paulum
713 1635 806 1667 dubia
821 1635 924 1675 hoesit,
939 1639 975 1666 ut
998 1636 1083 1667 inter
1107 1639 1244 1667 armatos
1257 1635 1400 1674 fratrem
1416 1638 1599 1676 secerneret,
1611 1634 1745 1684 stillum!

291 1677 396 1715 (nefas
403 1676 435 1719 l)
451 1677 581 1717 agnovit
594 1681 675 1709 tecta
687 1679 858 1718 pulsantem
866 1677 981 1717 jaculis
995 1681 1024 1709 et
1040 1678 1169 1719 superba
1183 1688 1268 1717 voce,
1281 1677 1389 1718 implet
1406 1678 1495 1719 prius
1508 1677 1612 1710 omnia
1624 1676 1745 1717 ingentu

288 1722 429 1762 planctu,
443 1724 474 1751 et
485 1721 573 1762 quasi
586 1730 603 1751 e
613 1721 713 1751 muris
724 1721 918 1758 descensura,
934 1719 1088 1761 loquitur.-
1114 1720 1268 1751 Germane
1282 1721 1384 1752 retine
1396 1720 1432 1751 in
1446 1729 1539 1752 manu
1550 1719 1699 1760 sagittae,
1713 1722 1745 1751 et

288 1763 416 1803 paulum
430 1763 625 1803 hancspecta
642 1763 767 1804 turrim,
779 1766 809 1794 et
823 1766 964 1795 converte
971 1761 1188 1802 formidabiles
1200 1762 1314 1794 cristas
1327 1763 1368 1794 ad
1382 1763 1482 1795 oculos
1495 1772 1588 1796 meos.
1609 1762 1743 1796 Videsne

897 1855 1114 1868 “OO‘OOO‘OO
1119 1855 1136 1867 Ι

290 1916 362 1947 hot.
384 1917 415 1946 1.
442 1913 561 1944 Erinas
585 1913 709 1944 Behot.
732 1915 872 1944 2.—360
904 1911 994 1943 Edd.
1021 1915 1112 1943 vett.
1137 1910 1335 1954 agnovitque
1362 1911 1461 1949 nefas.
1504 1909 1515 1928 ‘
1532 1909 1589 1942 1117v
1603 1909 1742 1951 optimis

290 1957 388 1989 libris
415 1955 612 1997 parenthesi
637 1955 825 1986 includitur
853 1956 926 1986 haec
952 1954 1072 1986 vocula
1100 1954 1210 1992 nesus:
1233 1952 1346 1984 bene!
1369 1952 1594 1985 Bartae—ael
1624 1952 1742 1984 ‘eit-t

290 2001 381 2032 hunc
394 2008 542 2038 versum,
556 2003 591 2029 et
604 1998 807 2029 incessantem
822 1997 906 2036 legit
921 1997 954 2027 iu
971 1996 1039 2028 suis
1059 1996 1154 2027 libris
1170 1995 1343 2036 Eutyches
1358 1995 1610 2027 Grammaticus
1620 1993 1685 2026 ‘lib-
1699 2003 1741 2026 ιι.

290 2053 357 2084 quo
371 2047 484 2074 tamen
500 2050 584 2080 opus
599 2050 666 2072 non
680 2045 746 2078 est,
761 2040 843 2072 licet
858 2040 905 2071 ita
918 2039 1069 2070 habeant
1083 2038 1151 2069 duo
1174 2038 1276 2069 etiam
1300 2037 1421 2078 optimi
1447 2035 1583 2068 codices
1609 2036 1742 2069 nostri-³

290 2086 496 2118 Idem—363
519 2082 662 2115 Behott.
679 2085 709 2115 l.
720 2085 752 2114 2.
774 2083 852 2114 hanc
866 2082 982 2123 respice
994 2082 1231 2113 turrem—373
1254 2080 1397 2112 Venett.
1414 2081 1446 2112 3.
1461 2081 1494 2112 4.
1522 2080 1621 2112 Rom.
1636 2077 1742 2111 Aldd.

940 2177 1080 2210 NOTAE

332 2254 395 2284 351
418 2250 482 2283 Ast
494 2250 539 2282 ibi
561 2250 618 2281 vix
637 2259 716 2281 unus
728 2258 853 2290 pugnas
867 2248 989 2279 dissua·
1044 2247 1118 2287 pitu
1145 2246 1301 2278 obstante
1325 2253 1368 2276 ne
1388 2243 1567 2276 audiretur
1592 2246 1651 2275 aut
1666 2251 1741 2276 sen-

290 2303 343 2334 det
357 2301 528 2340 Adrastus,
542 2301 611 2332 Aut
616 2300 756 2339 fhrtasse
764 2299 873 2339 jubet]
896 2299 989 2339 Ergo
1043 2297 1167 2327 tiretur
1181 2296 1296 2330 exitus
1311 2295 1394 2335 ejus.

288 2352 396 2393 magis
411 2350 570 2383 excusari
589 2349 695 2381 debet
718 2348 827 2381 frater
849 2348 989 2389 Polyni·
1084 2348 1151 2387 356
1173 2343 1312 2386 Ogygii]
1334 2343 1496 2375 Thebani.

289 2412 359 2440 ces,
373 2411 476 2443 quam
500 2407 549 2440 tu,
565 2399 623 2441 qui
651 2399 762 2430 invita
784 2402 905 2438 matre,
932 2406 985 2428 so·
1082 2399 1146 2427 358
1180 2394 1295 2435 Actor]
1357 2394 1481 2425 Custos
1527 2392 1738 2433 Antigones.

288 2461 365 2485 rore
392 2458 429 2484 et
451 2450 621 2490 omnibus,
642 2449 691 2480 vis
717 2457 872 2490 pugnare
908 2456 984 2479 cum
1038 2446 1125 2478 Vide
1148 2444 1206 2481 lib.
1232 2453 1300 2475 vn.
1356 2443 1431 2483 Non
1455 2441 1640 2483 duratum]
1678 2441 1738 2475 ob

286 2503 411 2535 fratre:
436 2500 545 2533 frater
567 2503 681 2531 autem
707 2499 750 2530 ab
764 2497 919 2529 omnibus
935 2496 985 2527 in·
1039 2496 1169 2527 senium
1194 2503 1261 2526 nou
1287 2498 1518 2535 perventurus
1532 2492 1576 2524 ad
1592 2501 1739 2527 summus

286 2553 428 2591 citatur,
445 2561 465 2582 a
479 2550 612 2582 nemine
629 2549 806 2580 retinetur.
852 2548 983 2580 For-tas·
1039 2555 1146 2578 arces.

285 2602 427 2643 sejubet]
451 2602 624 2632 Excusare
637 2600 711 2631 vult
726 2603 838 2631 mater
853 2597 982 2629 filium:
1079 2598 1142 2627 360
1170 2594 1250 2627 Voce
1273 2592 1419 2635 superba]
1442 2592 1536 2634 Alta,
1551 2592 1660 2634 qualis
1682 2595 1738 2624 est

286 2654 360 2685 vult
383 2651 566 2693 impulsum
582 2651 710 2691 'potius
733 2659 834 2692 quam
861 2653 983 2690 sponte
1037 2645 1272 2686 superborum.

285 2703 328 2736 ad
345 2712 439 2737 arma
450 2700 660 2742 prosiluisse.
940 2712 942 2714 ·
1045 2725 1050 2727 .
1077 2699 1138 2727 361
1159 2695 1252 2727 Tecta
1264 2693 1482 2734 incessentem]
1497 2694 1652 2725 Fratrem
1666 2691 1736 2724 Po-

328 2754 392 2785 ³54
416 2751 567 2783 Obstante
582 2748 732 2789 tumultu]
757 2748 798 2781 Id
815 2751 879 2789 est,
895 2751 981 2779 stre·
1035 2745 1197 2787 lynicem.
