<?xml version="1.0" encoding="UTF-8"?>
<!DOCTYPE html PUBLIC "-//W3C//DTD XHTML 1.0 Transitional//EN"
    "http://www.w3.org/TR/xhtml1/DTD/xhtml1-transitional.dtd">
<html xmlns="http://www.w3.org/1999/xhtml" xml:lang="en" lang="en">
 <head>
  <title>
</title>
<meta http-equiv="Content-Type" content="text/html;charset=utf-8" />
  <meta name='ocr-system' content='tesseract 3.04.00' />
  <meta name='ocr-capabilities' content='ocr_page ocr_carea ocr_par ocr_line ocrx_word'/>
</head>
<body>
  <div class='ocr_page' id='page_1' title='image "./operaomniaexedit03statuoft_0050.png"; bbox 0 0 1846 3120; ppageno 0'>
   <div class='ocr_carea' id='block_1_1' title="bbox 245 225 358 269">
    <p class='ocr_par' dir='ltr' id='par_1_1' title="bbox 245 225 358 269">
     <span class='ocr_line' id='line_1_1' title="bbox 245 225 358 269; baseline -0.018 0"><span class='ocrx_word' id='word_1_1' title='bbox 245 225 358 269; x_wconf 87' lang='grc'>1150</span> 
     </span>
    </p>
   </div>
   <div class='ocr_carea' id='block_1_2' title="bbox 746 229 1213 264">
    <p class='ocr_par' dir='ltr' id='par_1_2' title="bbox 746 229 1213 264">
     <span class='ocr_line' id='line_1_2' title="bbox 746 229 1213 264; baseline -0.006 0"><span class='ocrx_word' id='word_1_2' title='bbox 746 234 789 264; x_wconf 84' lang='grc' dir='ltr'><strong>Ρ.</strong></span> <span class='ocrx_word' id='word_1_3' title='bbox 823 229 1015 263; x_wconf 81' lang='lat' dir='ltr'>PAPINII</span> <span class='ocrx_word' id='word_1_4' title='bbox 1048 229 1213 262; x_wconf 75' lang='lat' dir='ltr'>STATII</span> 
     </span>
    </p>
   </div>
   <div class='ocr_carea' id='block_1_3' title="bbox 247 322 1386 444">
    <p class='ocr_par' dir='ltr' id='par_1_3' title="bbox 247 322 1386 444">
     <span class='ocr_line' id='line_1_3' title="bbox 247 322 1386 380; baseline -0.006 -7"><span class='ocrx_word' id='word_1_5' title='bbox 247 328 437 373; x_wconf 84' lang='lat' dir='ltr'><strong>Perseos</strong></span> <span class='ocrx_word' id='word_1_6' title='bbox 458 326 643 380; x_wconf 85' lang='lat' dir='ltr'><strong>effigiem</strong></span> <span class='ocrx_word' id='word_1_7' title='bbox 660 330 866 367; x_wconf 84' lang='lat' dir='ltr'><strong>moestam</strong></span> <span class='ocrx_word' id='word_1_8' title='bbox 887 328 1162 378; x_wconf 75' lang='lat' dir='ltr'><strong>exorantque</strong></span> <span class='ocrx_word' id='word_1_9' title='bbox 1182 322 1386 377; x_wconf 75' lang='lat' dir='ltr'><strong>Mycenae</strong></span> 
     </span>
     <span class='ocr_line' id='line_1_4' title="bbox 247 391 1303 444; baseline -0.008 -5"><span class='ocrx_word' id='word_1_10' title='bbox 247 397 495 439; x_wconf 84' lang='lat' dir='ltr'><strong>Confusum</strong></span> <span class='ocrx_word' id='word_1_11' title='bbox 514 393 543 436; x_wconf 90' lang='lat' dir='ltr'><strong>J</strong></span> <span class='ocrx_word' id='word_1_12' title='bbox 547 393 705 435; x_wconf 89' lang='lat' dir='ltr'><strong>unonis</strong></span> <span class='ocrx_word' id='word_1_13' title='bbox 726 393 857 433; x_wconf 89' lang='lat' dir='ltr'><strong>ebur:</strong></span> <span class='ocrx_word' id='word_1_14' title='bbox 891 391 1057 444; x_wconf 85' lang='lat' dir='ltr'><strong>mugire</strong></span> <span class='ocrx_word' id='word_1_15' title='bbox 1078 393 1303 444; x_wconf 88' lang='lat' dir='ltr'><strong>potentem</strong></span> 
     </span>
    </p>
   </div>
   <div class='ocr_carea' id='block_1_4' title="bbox 247 458 1355 515">
    <p class='ocr_par' dir='ltr' id='par_1_4' title="bbox 247 458 1355 515">
     <span class='ocr_line' id='line_1_5' title="bbox 247 458 1355 515; baseline -0.006 -9"><span class='ocrx_word' id='word_1_16' title='bbox 247 463 444 506; x_wconf 83' lang='lat' dir='ltr'>Inachon</span> <span class='ocrx_word' id='word_1_17' title='bbox 465 460 686 515; x_wconf 80' lang='lat' dir='ltr'><strong>agricolae,</strong></span> <span class='ocrx_word' id='word_1_18' title='bbox 706 459 863 513; x_wconf 83' lang='lat' dir='ltr'><strong>gemini</strong></span> <span class='ocrx_word' id='word_1_19' title='bbox 884 458 1018 500; x_wconf 88' lang='lat' dir='ltr'><strong>maris</strong></span> <span class='ocrx_word' id='word_1_20' title='bbox 1040 458 1185 499; x_wconf 86' lang='lat' dir='ltr'><strong>incola</strong></span> <span class='ocrx_word' id='word_1_21' title='bbox 1205 462 1355 500; x_wconf 83' lang='lat' dir='ltr'><strong>narrat</strong></span> 
     </span>
    </p>
   </div>
   <div class='ocr_carea' id='block_1_5' title="bbox 1613 453 1703 499">
    <p class='ocr_par' dir='ltr' id='par_1_5' title="bbox 1613 453 1703 499">
     <span class='ocr_line' id='line_1_6' title="bbox 1613 453 1703 499; baseline 0.011 -1"><span class='ocrx_word' id='word_1_22' title='bbox 1613 453 1703 499; x_wconf 76' lang='lat'><strong>420</strong></span> 
     </span>
    </p>
   </div>
   <div class='ocr_carea' id='block_1_6' title="bbox 246 525 1341 581">
    <p class='ocr_par' dir='ltr' id='par_1_6' title="bbox 246 525 1341 581">
     <span class='ocr_line' id='line_1_7' title="bbox 246 525 1341 581; baseline -0.007 -8"><span class='ocrx_word' id='word_1_23' title='bbox 246 531 511 574; x_wconf 90' lang='lat' dir='ltr'><strong>Thebanum</strong></span> <span class='ocrx_word' id='word_1_24' title='bbox 533 532 631 570; x_wconf 87' lang='lat' dir='ltr'><strong>toto</strong></span> <span class='ocrx_word' id='word_1_25' title='bbox 652 526 886 581; x_wconf 84' lang='lat' dir='ltr'><strong>planxisse</strong></span> <span class='ocrx_word' id='word_1_26' title='bbox 907 525 1167 567; x_wconf 79' lang='lat' dir='ltr'><strong>Palaemona</strong></span> <span class='ocrx_word' id='word_1_27' title='bbox 1186 529 1341 578; x_wconf 88' lang='lat' dir='ltr'><strong>ponto.</strong></span> 
     </span>
    </p>
   </div>
   <div class='ocr_carea' id='block_1_7' title="bbox 248 593 978 649">
    <p class='ocr_par' dir='ltr' id='par_1_7' title="bbox 248 593 978 649">
     <span class='ocr_line' id='line_1_8' title="bbox 248 593 978 649; baseline -0.01 -9"><span class='ocrx_word' id='word_1_28' title='bbox 248 598 366 640; x_wconf 87' lang='lat' dir='ltr'><strong>Haec</strong></span> <span class='ocrx_word' id='word_1_29' title='bbox 386 596 511 639; x_wconf 88' lang='lat' dir='ltr'><strong>audit</strong></span> <span class='ocrx_word' id='word_1_30' title='bbox 530 595 730 649; x_wconf 85' lang='lat' dir='ltr'><strong>Pelopea</strong></span> <span class='ocrx_word' id='word_1_31' title='bbox 749 593 949 648; x_wconf 85' lang='lat' dir='ltr'><strong>phalanx</strong></span> <span class='ocrx_word' id='word_1_32' title='bbox 967 605 978 634; x_wconf 90' lang='lat'>:</span> 
     </span>
    </p>
   </div>
   <div class='ocr_carea' id='block_1_8' title="bbox 1009 591 1447 635">
    <p class='ocr_par' dir='ltr' id='par_1_8' title="bbox 1009 591 1447 635">
     <span class='ocr_line' id='line_1_9' title="bbox 1009 591 1447 635; baseline 0 -1"><span class='ocrx_word' id='word_1_33' title='bbox 1009 592 1088 634; x_wconf 90' lang='lat' dir='ltr'><strong>sed</strong></span> <span class='ocrx_word' id='word_1_34' title='bbox 1108 592 1297 635; x_wconf 83' lang='lat' dir='ltr'><strong>bellicus</strong></span> <span class='ocrx_word' id='word_1_35' title='bbox 1317 591 1447 634; x_wconf 87' lang='lat' dir='ltr'><strong>ardor</strong></span> 
     </span>
    </p>
   </div>
   <div class='ocr_carea' id='block_1_9' title="bbox 248 660 1312 785">
    <p class='ocr_par' dir='ltr' id='par_1_9' title="bbox 248 660 1312 785">
     <span class='ocr_line' id='line_1_10' title="bbox 248 660 1312 715; baseline -0.006 -8"><span class='ocrx_word' id='word_1_36' title='bbox 248 664 457 707; x_wconf 90' lang='lat' dir='ltr'><strong>Consiliis</strong></span> <span class='ocrx_word' id='word_1_37' title='bbox 480 663 630 705; x_wconf 84' lang='lat' dir='ltr'><strong>obstat</strong></span> <span class='ocrx_word' id='word_1_38' title='bbox 650 662 829 712; x_wconf 85' lang='lat' dir='ltr'><strong>Divum,</strong></span> <span class='ocrx_word' id='word_1_39' title='bbox 848 660 1140 715; x_wconf 82' lang='lat' dir='ltr'><strong>prohibetque</strong></span> <span class='ocrx_word' id='word_1_40' title='bbox 1158 660 1312 702; x_wconf 86' lang='lat' dir='ltr'><strong>timeri.</strong></span> 
     </span>
     <span class='ocr_line' id='line_1_11' title="bbox 248 728 1307 785; baseline -0.005 -11"><span class='ocrx_word' id='word_1_41' title='bbox 248 732 278 775; x_wconf 90' lang='lat' dir='ltr'><strong>J</strong></span> <span class='ocrx_word' id='word_1_42' title='bbox 282 745 353 774; x_wconf 89' lang='lat' dir='ltr'><strong>am</strong></span> <span class='ocrx_word' id='word_1_43' title='bbox 374 731 511 785; x_wconf 86' lang='lat' dir='ltr'><strong>ripas,</strong></span> <span class='ocrx_word' id='word_1_44' title='bbox 531 729 701 783; x_wconf 87' lang='lat' dir='ltr'><strong>Asope,</strong></span> <span class='ocrx_word' id='word_1_45' title='bbox 722 733 840 779; x_wconf 78' lang='lat' dir='ltr'><strong>tuaS,</strong></span> <span class='ocrx_word' id='word_1_46' title='bbox 862 728 1114 782; x_wconf 81' lang='lat' dir='ltr'><strong>Boeotaque</strong></span> <span class='ocrx_word' id='word_1_47' title='bbox 1133 731 1307 770; x_wconf 87' lang='lat' dir='ltr'><strong>ventum</strong></span> 
     </span>
    </p>
   </div>
   <div class='ocr_carea' id='block_1_10' title="bbox 251 795 1389 848">
    <p class='ocr_par' dir='ltr' id='par_1_10' title="bbox 251 795 1389 848">
     <span class='ocr_line' id='line_1_12' title="bbox 251 795 1389 848; baseline -0.004 -7"><span class='ocrx_word' id='word_1_48' title='bbox 251 799 482 841; x_wconf 84' lang='lat' dir='ltr'><strong>Flumina:</strong></span> <span class='ocrx_word' id='word_1_49' title='bbox 513 809 601 838; x_wconf 90' lang='lat' dir='ltr'><strong>non</strong></span> <span class='ocrx_word' id='word_1_50' title='bbox 621 807 744 838; x_wconf 84' lang='lat' dir='ltr'><strong>ausae</strong></span> <span class='ocrx_word' id='word_1_51' title='bbox 763 795 1064 837; x_wconf 85' lang='lat' dir='ltr'><strong>transmittere</strong></span> <span class='ocrx_word' id='word_1_52' title='bbox 1086 795 1287 848; x_wconf 86' lang='lat' dir='ltr'><strong>protinus</strong></span> <span class='ocrx_word' id='word_1_53' title='bbox 1307 795 1389 837; x_wconf 89' lang='lat' dir='ltr'><strong>alae</strong></span> 
     </span>
    </p>
   </div>
   <div class='ocr_carea' id='block_1_11' title="bbox 250 858 1484 1119">
    <p class='ocr_par' dir='ltr' id='par_1_11' title="bbox 250 858 1484 1119">
     <span class='ocr_line' id='line_1_13' title="bbox 250 858 1427 916; baseline -0.004 -8"><span class='ocrx_word' id='word_1_54' title='bbox 250 865 478 909; x_wconf 86' lang='lat' dir='ltr'><strong>Hostilem</strong></span> <span class='ocrx_word' id='word_1_55' title='bbox 499 863 682 906; x_wconf 87' lang='lat' dir='ltr'><strong>fluvium</strong></span> <span class='ocrx_word' id='word_1_56' title='bbox 700 858 711 905; x_wconf 73' lang='grc' dir='ltr'>ὲ</span> <span class='ocrx_word' id='word_1_57' title='bbox 741 861 855 904; x_wconf 86' lang='lat' dir='ltr'><strong>forte</strong></span> <span class='ocrx_word' id='word_1_58' title='bbox 869 865 912 904; x_wconf 89' lang='lat' dir='ltr'><strong>et</strong></span> <span class='ocrx_word' id='word_1_59' title='bbox 934 862 1258 916; x_wconf 86' lang='lat' dir='ltr'><strong>trepidantibus</strong></span> <span class='ocrx_word' id='word_1_60' title='bbox 1274 862 1427 916; x_wconf 84' lang='lat' dir='ltr'><strong>ingens</strong></span> 
     </span>
     <span class='ocr_line' id='line_1_14' title="bbox 251 928 1407 983; baseline -0.003 -8"><span class='ocrx_word' id='word_1_61' title='bbox 251 932 563 975; x_wconf 88' lang='lat' dir='ltr'><strong>Descendebat</strong></span> <span class='ocrx_word' id='word_1_62' title='bbox 582 930 714 983; x_wconf 85' lang='lat' dir='ltr'><strong>agris,</strong></span> <span class='ocrx_word' id='word_1_63' title='bbox 735 930 906 972; x_wconf 88' lang='lat' dir='ltr'><strong>animos</strong></span> <span class='ocrx_word' id='word_1_64' title='bbox 928 930 1024 972; x_wconf 85' lang='lat' dir='ltr'><strong>sive</strong></span> <span class='ocrx_word' id='word_1_65' title='bbox 1043 928 1239 972; x_wconf 82' lang='lat' dir='ltr'><strong>imbrifer</strong></span> <span class='ocrx_word' id='word_1_66' title='bbox 1257 942 1407 980; x_wconf 86' lang='lat' dir='ltr'><strong>arcus,</strong></span> 
     </span>
     <span class='ocr_line' id='line_1_15' title="bbox 251 996 1484 1047; baseline -0.003 -6"><span class='ocrx_word' id='word_1_67' title='bbox 251 1000 341 1041; x_wconf 90' lang='lat' dir='ltr'><strong>Seu</strong></span> <span class='ocrx_word' id='word_1_68' title='bbox 362 1000 566 1039; x_wconf 88' lang='lat' dir='ltr'><strong>montana</strong></span> <span class='ocrx_word' id='word_1_69' title='bbox 587 997 710 1038; x_wconf 84' lang='lat' dir='ltr'><strong>dedit</strong></span> <span class='ocrx_word' id='word_1_70' title='bbox 723 997 877 1047; x_wconf 86' lang='lat' dir='ltr'><strong>nubes,</strong></span> <span class='ocrx_word' id='word_1_71' title='bbox 899 1009 978 1038; x_wconf 86' lang='lat' dir='ltr'><strong>seu</strong></span> <span class='ocrx_word' id='word_1_72' title='bbox 996 996 1191 1038; x_wconf 88' lang='lat' dir='ltr'><strong>fluminis</strong></span> <span class='ocrx_word' id='word_1_73' title='bbox 1209 997 1290 1038; x_wconf 89' lang='lat' dir='ltr'><strong>illa</strong></span> <span class='ocrx_word' id='word_1_74' title='bbox 1478 1042 1484 1044; x_wconf 41' lang='grc'>-</span> 
     </span>
     <span class='ocr_line' id='line_1_16' title="bbox 252 1059 1479 1119; baseline -0.001 -11"><span class='ocrx_word' id='word_1_75' title='bbox 252 1065 384 1108; x_wconf 88' lang='lat' dir='ltr'><strong>Mens</strong></span> <span class='ocrx_word' id='word_1_76' title='bbox 405 1064 507 1115; x_wconf 86' lang='lat' dir='ltr'><strong>fuit,</strong></span> <span class='ocrx_word' id='word_1_77' title='bbox 526 1063 814 1119; x_wconf 89' lang='lat' dir='ltr'><strong>objectusque</strong></span> <span class='ocrx_word' id='word_1_78' title='bbox 834 1064 952 1108; x_wconf 85' lang='lat' dir='ltr'><strong>vado</strong></span> <span class='ocrx_word' id='word_1_79' title='bbox 971 1067 1100 1119; x_wconf 90' lang='lat' dir='ltr'><strong>pater</strong></span> <span class='ocrx_word' id='word_1_80' title='bbox 1121 1077 1245 1107; x_wconf 87' lang='lat' dir='ltr'><strong>arma</strong></span> <span class='ocrx_word' id='word_1_81' title='bbox 1264 1063 1460 1107; x_wconf 85' lang='lat' dir='ltr'><strong>vetabat.</strong></span> <span class='ocrx_word' id='word_1_82' title='bbox 1477 1059 1479 1061; x_wconf 69' lang='grc'><strong>’</strong></span> 
     </span>
    </p>
   </div>
   <div class='ocr_carea' id='block_1_12' title="bbox 251 1194 685 1237">
    <p class='ocr_par' dir='ltr' id='par_1_12' title="bbox 251 1194 685 1237">
     <span class='ocr_line' id='line_1_17' title="bbox 251 1194 685 1237; baseline 0.005 -11"><span class='ocrx_word' id='word_1_83' title='bbox 251 1194 314 1226; x_wconf 67' lang='lat' dir='ltr'><strong>lem</strong></span> <span class='ocrx_word' id='word_1_84' title='bbox 327 1197 463 1228; x_wconf 78' lang='lat' dir='ltr'><strong>statuam</strong></span> <span class='ocrx_word' id='word_1_85' title='bbox 476 1197 618 1237; x_wconf 79' lang='lat' dir='ltr'><strong>Perseos,</strong></span> <span class='ocrx_word' id='word_1_86' title='bbox 626 1200 658 1229; x_wconf 72' lang='lat' dir='ltr'><strong>et</strong></span> <span class='ocrx_word' id='word_1_87' title='bbox 668 1206 685 1228; x_wconf 82' lang='lat' dir='ltr'><strong>e</strong></span> 
     </span>
    </p>
   </div>
   <div class='ocr_carea' id='block_1_13' title="bbox 676 1194 1710 1240">
    <p class='ocr_par' dir='ltr' id='par_1_13' title="bbox 676 1194 1710 1240">
     <span class='ocr_line' id='line_1_18' title="bbox 676 1194 1710 1240; baseline -0.001 -11"><span class='ocrx_word' id='word_1_88' title='bbox 676 1196 802 1240; x_wconf 82' lang='lat' dir='ltr'><strong>ffigiem</strong></span> <span class='ocrx_word' id='word_1_89' title='bbox 815 1196 979 1230; x_wconf 80' lang='lat' dir='ltr'><strong>eburneam</strong></span> <span class='ocrx_word' id='word_1_90' title='bbox 990 1196 1128 1230; x_wconf 69' lang='lat' dir='ltr'><strong>Junonis</strong></span> <span class='ocrx_word' id='word_1_91' title='bbox 1137 1199 1289 1230; x_wconf 77' lang='lat' dir='ltr'><strong>mutatam</strong></span> <span class='ocrx_word' id='word_1_92' title='bbox 1303 1197 1403 1230; x_wconf 69' lang='lat' dir='ltr'><strong>vultu.</strong></span> <span class='ocrx_word' id='word_1_93' title='bbox 1431 1196 1558 1230; x_wconf 63' lang='lat' dir='ltr'><strong>Rurici</strong></span> <span class='ocrx_word' id='word_1_94' title='bbox 1569 1194 1710 1236; x_wconf 65' lang='lat' dir='ltr'><strong>resen-‘me</strong></span> 
     </span>
    </p>
   </div>
   <div class='ocr_carea' id='block_1_14' title="bbox 242 1238 1710 1282">
    <p class='ocr_par' dir='ltr' id='par_1_14' title="bbox 242 1238 1710 1282">
     <span class='ocr_line' id='line_1_19' title="bbox 242 1238 1710 1282; baseline 0.001 -14"><span class='ocrx_word' id='word_1_95' title='bbox 242 1238 413 1279; x_wconf 79' lang='lat' dir='ltr'><strong>florentem</strong></span> <span class='ocrx_word' id='word_1_96' title='bbox 426 1239 574 1271; x_wconf 81' lang='lat' dir='ltr'><strong>Inachum</strong></span> <span class='ocrx_word' id='word_1_97' title='bbox 589 1241 722 1280; x_wconf 80' lang='lat' dir='ltr'><strong>ululare,</strong></span> <span class='ocrx_word' id='word_1_98' title='bbox 735 1243 766 1272; x_wconf 82' lang='lat' dir='ltr'><strong>et</strong></span> <span class='ocrx_word' id='word_1_99' title='bbox 781 1240 942 1272; x_wconf 76' lang='lat' dir='ltr'><strong>habitator</strong></span> <span class='ocrx_word' id='word_1_100' title='bbox 951 1242 1083 1272; x_wconf 82' lang='lat' dir='ltr'><strong>duorum</strong></span> <span class='ocrx_word' id='word_1_101' title='bbox 1096 1240 1252 1282; x_wconf 64' lang='lat' dir='ltr'><strong>(equorum</strong></span> <span class='ocrx_word' id='word_1_102' title='bbox 1265 1240 1443 1273; x_wconf 78' lang='lat' dir='ltr'><strong>Thebanum</strong></span> <span class='ocrx_word' id='word_1_103' title='bbox 1451 1239 1631 1272; x_wconf 74' lang='lat' dir='ltr'><strong>Palaemona</strong></span> <span class='ocrx_word' id='word_1_104' title='bbox 1642 1239 1710 1280; x_wconf 78' lang='lat' dir='ltr'><strong>plo·</strong></span> 
     </span>
    </p>
   </div>
   <div class='ocr_carea' id='block_1_15' title="bbox 251 1278 1519 1325">
    <p class='ocr_par' dir='ltr' id='par_1_15' title="bbox 251 1278 1519 1325">
     <span class='ocr_line' id='line_1_20' title="bbox 251 1278 1519 1325; baseline 0.003 -14"><span class='ocrx_word' id='word_1_105' title='bbox 251 1281 385 1319; x_wconf 72' lang='lat' dir='ltr'><strong>meseia</strong></span> <span class='ocrx_word' id='word_1_106' title='bbox 399 1285 464 1313; x_wconf 72' lang='lat' dir='ltr'><strong>toto</strong></span> <span class='ocrx_word' id='word_1_107' title='bbox 481 1283 604 1323; x_wconf 78' lang='lat' dir='ltr'><strong>pelago.</strong></span> <span class='ocrx_word' id='word_1_108' title='bbox 648 1283 730 1314; x_wconf 81' lang='lat' dir='ltr'><strong>Hoec</strong></span> <span class='ocrx_word' id='word_1_109' title='bbox 744 1278 859 1323; x_wconf 76' lang='lat' dir='ltr'><strong>accipit</strong></span> <span class='ocrx_word' id='word_1_110' title='bbox 873 1283 1030 1315; x_wconf 79' lang='lat' dir='ltr'><strong>exercitus</strong></span> <span class='ocrx_word' id='word_1_111' title='bbox 1042 1283 1196 1323; x_wconf 67' lang='lat' dir='ltr'><strong>Argivus,</strong></span> <span class='ocrx_word' id='word_1_112' title='bbox 1208 1284 1262 1315; x_wconf 81' lang='lat' dir='ltr'><strong>sed</strong></span> <span class='ocrx_word' id='word_1_113' title='bbox 1278 1283 1420 1315; x_wconf 76' lang='lat' dir='ltr'><strong>Martius</strong></span> <span class='ocrx_word' id='word_1_114' title='bbox 1438 1281 1519 1325; x_wconf 79' lang='lat' dir='ltr'><strong>impe</strong></span> 
     </span>
    </p>
   </div>
   <div class='ocr_carea' id='block_1_16' title="bbox 1519 1278 1710 1315">
    <p class='ocr_par' dir='ltr' id='par_1_16' title="bbox 1519 1278 1710 1315">
     <span class='ocr_line' id='line_1_21' title="bbox 1519 1278 1710 1315; baseline 0 -1"><span class='ocrx_word' id='word_1_115' title='bbox 1519 1285 1571 1315; x_wconf 68' lang='lat' dir='ltr'><strong>tus</strong></span> <span class='ocrx_word' id='word_1_116' title='bbox 1587 1278 1710 1314; x_wconf 63' lang='lat' dir='ltr'><strong>residit</strong></span> 
     </span>
    </p>
   </div>
   <div class='ocr_carea' id='block_1_17' title="bbox 250 1323 1712 1497">
    <p class='ocr_par' dir='ltr' id='par_1_17' title="bbox 250 1323 1712 1497">
     <span class='ocr_line' id='line_1_22' title="bbox 251 1323 1710 1371; baseline 0.001 -18"><span class='ocrx_word' id='word_1_117' title='bbox 251 1323 379 1371; x_wconf 54' lang='lat' dir='ltr'><strong>monilis</strong></span> <span class='ocrx_word' id='word_1_118' title='bbox 391 1324 522 1361; x_wconf 78' lang='lat' dir='ltr'><strong>Divum,</strong></span> <span class='ocrx_word' id='word_1_119' title='bbox 534 1328 564 1356; x_wconf 78' lang='lat' dir='ltr'><strong>el</strong></span> <span class='ocrx_word' id='word_1_120' title='bbox 576 1327 661 1356; x_wconf 80' lang='lat' dir='ltr'><strong>vetat</strong></span> <span class='ocrx_word' id='word_1_121' title='bbox 667 1325 850 1363; x_wconf 78' lang='lat' dir='ltr'><strong>formidari.</strong></span> <span class='ocrx_word' id='word_1_122' title='bbox 882 1326 958 1357; x_wconf 82' lang='lat' dir='ltr'><strong>Jum</strong></span> <span class='ocrx_word' id='word_1_123' title='bbox 970 1329 1161 1358; x_wconf 76' lang='lat' dir='ltr'><strong>accesserant</strong></span> <span class='ocrx_word' id='word_1_124' title='bbox 1171 1327 1213 1357; x_wconf 80' lang='lat' dir='ltr'><strong>ad</strong></span> <span class='ocrx_word' id='word_1_125' title='bbox 1228 1329 1283 1357; x_wconf 76' lang='lat' dir='ltr'><strong>tua</strong></span> <span class='ocrx_word' id='word_1_126' title='bbox 1295 1326 1414 1366; x_wconf 77' lang='lat' dir='ltr'><strong>littora,</strong></span> <span class='ocrx_word' id='word_1_127' title='bbox 1431 1326 1462 1357; x_wconf 92' lang='lat'>0</span> <span class='ocrx_word' id='word_1_128' title='bbox 1474 1327 1590 1366; x_wconf 74' lang='grc' dir='ltr'><strong><em>Αωρε,</em></strong></span> <span class='ocrx_word' id='word_1_129' title='bbox 1603 1323 1710 1366; x_wconf 59' lang='lat' dir='ltr'><strong>efflu-</strong></span> 
     </span>
     <span class='ocr_line' id='line_1_23' title="bbox 250 1365 1711 1408; baseline 0.002 -13"><span class='ocrx_word' id='word_1_130' title='bbox 250 1374 318 1396; x_wconf 78' lang='lat' dir='ltr'><strong>vzos</strong></span> <span class='ocrx_word' id='word_1_131' title='bbox 328 1365 474 1398; x_wconf 78' lang='lat' dir='ltr'><strong>Boeotioe.</strong></span> <span class='ocrx_word' id='word_1_132' title='bbox 505 1367 580 1398; x_wconf 82' lang='lat' dir='ltr'><strong>Non</strong></span> <span class='ocrx_word' id='word_1_133' title='bbox 590 1367 699 1398; x_wconf 79' lang='lat' dir='ltr'><strong>statim</strong></span> <span class='ocrx_word' id='word_1_134' title='bbox 710 1371 821 1399; x_wconf 77' lang='lat' dir='ltr'><strong>turma&gt;</strong></span> <span class='ocrx_word' id='word_1_135' title='bbox 832 1371 990 1400; x_wconf 77' lang='lat' dir='ltr'><strong>tentarunt</strong></span> <span class='ocrx_word' id='word_1_136' title='bbox 1003 1368 1146 1408; x_wconf 76' lang='lat' dir='ltr'><strong>trnjz’cere</strong></span> <span class='ocrx_word' id='word_1_137' title='bbox 1155 1368 1295 1400; x_wconf 77' lang='lat' dir='ltr'><strong>hostilem</strong></span> <span class='ocrx_word' id='word_1_138' title='bbox 1307 1378 1436 1401; x_wconf 85' lang='lat' dir='ltr'><strong>amnem.</strong></span> <span class='ocrx_word' id='word_1_139' title='bbox 1469 1368 1565 1400; x_wconf 73' lang='lat' dir='ltr'><strong>Forte</strong></span> <span class='ocrx_word' id='word_1_140' title='bbox 1575 1371 1607 1399; x_wconf 76' lang='lat' dir='ltr'><strong>et</strong></span> <span class='ocrx_word' id='word_1_141' title='bbox 1615 1366 1711 1399; x_wconf 69' lang='lat' dir='ltr'><strong>tunni-</strong></span> 
     </span>
     <span class='ocr_line' id='line_1_24' title="bbox 251 1407 1712 1455; baseline 0.003 -16"><span class='ocrx_word' id='word_1_142' title='bbox 251 1407 309 1438; x_wconf 81' lang='lat' dir='ltr'><strong>dus</strong></span> <span class='ocrx_word' id='word_1_143' title='bbox 322 1409 500 1441; x_wconf 81' lang='lat' dir='ltr'><strong>exundabat</strong></span> <span class='ocrx_word' id='word_1_144' title='bbox 514 1409 546 1440; x_wconf 84' lang='lat' dir='ltr'><strong>in</strong></span> <span class='ocrx_word' id='word_1_145' title='bbox 558 1412 725 1441; x_wconf 78' lang='lat' dir='ltr'><strong>trementes</strong></span> <span class='ocrx_word' id='word_1_146' title='bbox 739 1420 872 1451; x_wconf 81' lang='lat' dir='ltr'><strong>campos,</strong></span> <span class='ocrx_word' id='word_1_147' title='bbox 893 1420 947 1442; x_wconf 82' lang='lat' dir='ltr'><strong>seu</strong></span> <span class='ocrx_word' id='word_1_148' title='bbox 962 1412 1123 1455; x_wconf 77' lang='lat' dir='ltr'><strong>pluviosus</strong></span> <span class='ocrx_word' id='word_1_149' title='bbox 1135 1420 1225 1443; x_wconf 83' lang='lat' dir='ltr'><strong>arcus</strong></span> <span class='ocrx_word' id='word_1_150' title='bbox 1238 1411 1381 1451; x_wconf 70' lang='lat' dir='ltr'><strong>coelestis,</strong></span> <span class='ocrx_word' id='word_1_151' title='bbox 1394 1420 1449 1443; x_wconf 85' lang='lat' dir='ltr'><strong>seu</strong></span> <span class='ocrx_word' id='word_1_152' title='bbox 1459 1408 1712 1444; x_wconf 55' lang='lat' dir='ltr'><strong>mimmenah&amp;</strong></span> 
     </span>
     <span class='ocr_line' id='line_1_25' title="bbox 252 1452 1711 1497; baseline 0.001 -15"><span class='ocrx_word' id='word_1_153' title='bbox 252 1458 321 1481; x_wconf 80' lang='lat' dir='ltr'><strong>eum</strong></span> <span class='ocrx_word' id='word_1_154' title='bbox 345 1455 510 1494; x_wconf 79' lang='lat' dir='ltr'><strong>auxerant,</strong></span> <span class='ocrx_word' id='word_1_155' title='bbox 535 1461 590 1484; x_wconf 85' lang='lat' dir='ltr'><strong>seu</strong></span> <span class='ocrx_word' id='word_1_156' title='bbox 614 1452 692 1484; x_wconf 82' lang='lat' dir='ltr'><strong>illud</strong></span> <span class='ocrx_word' id='word_1_157' title='bbox 712 1452 784 1492; x_wconf 80' lang='lat' dir='ltr'><strong>suit</strong></span> <span class='ocrx_word' id='word_1_158' title='bbox 811 1453 974 1486; x_wconf 67' lang='lat' dir='ltr'><strong>consillum</strong></span> <span class='ocrx_word' id='word_1_159' title='bbox 999 1453 1112 1497; x_wconf 75' lang='lat' dir='ltr'><strong>amnis,</strong></span> <span class='ocrx_word' id='word_1_160' title='bbox 1139 1456 1171 1485; x_wconf 78' lang='lat' dir='ltr'><strong>et</strong></span> <span class='ocrx_word' id='word_1_161' title='bbox 1191 1456 1285 1495; x_wconf 75' lang='lat' dir='ltr'><strong>paler</strong></span> <span class='ocrx_word' id='word_1_162' title='bbox 1308 1454 1466 1496; x_wconf 69' lang='lat' dir='ltr'><strong>oppositu</strong></span> <span class='ocrx_word' id='word_1_163' title='bbox 1489 1453 1577 1496; x_wconf 71' lang='lat' dir='ltr'><strong>aqui·</strong></span> <span class='ocrx_word' id='word_1_164' title='bbox 1600 1452 1711 1486; x_wconf 65' lang='lat' dir='ltr'><strong>bellam</strong></span> 
     </span>
    </p>
   </div>
   <div class='ocr_carea' id='block_1_18' title="bbox 865 1562 1102 1583">
    <p class='ocr_par' dir='ltr' id='par_1_18' title="bbox 865 1562 1102 1583">
     <span class='ocr_line' id='line_1_26' title="bbox 865 1562 1102 1583; baseline -0.004 -1"><span class='ocrx_word' id='word_1_165' title='bbox 865 1562 1102 1583; x_wconf 65' lang='lat' dir='ltr'><strong>beoeooeeoeoo</strong></span> 
     </span>
    </p>
   </div>
   <div class='ocr_carea' id='block_1_19' title="bbox 253 1636 1713 1781">
    <p class='ocr_par' dir='ltr' id='par_1_19' title="bbox 253 1636 1713 1781">
     <span class='ocr_line' id='line_1_27' title="bbox 253 1636 1710 1688; baseline 0 -12"><span class='ocrx_word' id='word_1_166' title='bbox 253 1646 316 1676; x_wconf 79' lang='lat'><strong>423</strong></span> <span class='ocrx_word' id='word_1_167' title='bbox 339 1644 350 1664; x_wconf 84' lang='lat'>‘</span> <span class='ocrx_word' id='word_1_168' title='bbox 362 1641 404 1677; x_wconf 91' lang='lat' dir='ltr'><strong>I&#39;n</strong></span> <span class='ocrx_word' id='word_1_169' title='bbox 422 1644 488 1677; x_wconf 84' lang='lat' dir='ltr'><strong>alio</strong></span> <span class='ocrx_word' id='word_1_170' title='bbox 511 1645 598 1678; x_wconf 88' lang='lat' dir='ltr'><strong>libro</strong></span> <span class='ocrx_word' id='word_1_171' title='bbox 622 1642 675 1677; x_wconf 82' lang='lat' dir='ltr'><strong>cst</strong></span> <span class='ocrx_word' id='word_1_172' title='bbox 691 1646 701 1676; x_wconf 68' lang='lat' dir='ltr'><strong>vt</strong></span> <span class='ocrx_word' id='word_1_173' title='bbox 723 1636 926 1688; x_wconf 65' lang='lat' dir='ltr'><strong>prohibetque</strong></span> <span class='ocrx_word' id='word_1_174' title='bbox 944 1647 1060 1686; x_wconf 80' lang='lat' dir='ltr'><strong>dolore,</strong></span> <span class='ocrx_word' id='word_1_175' title='bbox 1082 1655 1158 1679; x_wconf 89' lang='lat' dir='ltr'><strong>cum</strong></span> <span class='ocrx_word' id='word_1_176' title='bbox 1170 1646 1306 1688; x_wconf 79' lang='lat' dir='ltr'><strong>glossa:</strong></span> <span class='ocrx_word' id='word_1_177' title='bbox 1322 1646 1336 1682; x_wconf 61' lang='lat'><strong>,⁶</strong></span> <span class='ocrx_word' id='word_1_178' title='bbox 1352 1647 1394 1680; x_wconf 84' lang='lat' dir='ltr'><strong>Id</strong></span> <span class='ocrx_word' id='word_1_179' title='bbox 1411 1649 1488 1679; x_wconf 84' lang='lat' dir='ltr'><strong>est:</strong></span> <span class='ocrx_word' id='word_1_180' title='bbox 1509 1645 1555 1678; x_wconf 80' lang='lat' dir='ltr'><strong>Sa</strong></span> <span class='ocrx_word' id='word_1_181' title='bbox 1582 1653 1652 1688; x_wconf 82' lang='lat' dir='ltr'><strong>ere,</strong></span> <span class='ocrx_word' id='word_1_182' title='bbox 1667 1642 1710 1677; x_wconf 75' lang='lat' dir='ltr'><strong>ad</strong></span> 
     </span>
     <span class='ocr_line' id='line_1_28' title="bbox 253 1687 1712 1730; baseline 0.001 -12"><span class='ocrx_word' id='word_1_183' title='bbox 253 1697 290 1718; x_wconf 86' lang='lat' dir='ltr'><strong>se</strong></span> <span class='ocrx_word' id='word_1_184' title='bbox 308 1687 444 1720; x_wconf 58' lang='lat' dir='ltr'><strong>redire?</strong></span> <span class='ocrx_word' id='word_1_185' title='bbox 488 1689 580 1720; x_wconf 85' lang='lat' dir='ltr'><strong>Nihil</strong></span> <span class='ocrx_word' id='word_1_186' title='bbox 597 1687 714 1720; x_wconf 90' lang='lat' dir='ltr'><strong>muto.’</strong></span> <span class='ocrx_word' id='word_1_187' title='bbox 737 1689 964 1721; x_wconf 77' lang='lat' dir='ltr'><strong>Barth.--424</strong></span> <span class='ocrx_word' id='word_1_188' title='bbox 988 1689 1149 1730; x_wconf 78' lang='lat' dir='ltr'><strong>Bo&#39;e&#39;taque</strong></span> <span class='ocrx_word' id='word_1_189' title='bbox 1178 1699 1263 1721; x_wconf 91' lang='lat' dir='ltr'><strong>unus</strong></span> <span class='ocrx_word' id='word_1_190' title='bbox 1294 1689 1416 1725; x_wconf 76' lang='lat' dir='ltr'><strong>Behot,</strong></span> <span class='ocrx_word' id='word_1_191' title='bbox 1446 1689 1535 1722; x_wconf 84' lang='lat' dir='ltr'><strong>Dan.</strong></span> <span class='ocrx_word' id='word_1_192' title='bbox 1597 1691 1647 1720; x_wconf 84' lang='lat' dir='ltr'><strong>ut.</strong></span> <span class='ocrx_word' id='word_1_193' title='bbox 1676 1691 1712 1719; x_wconf 87' lang='lat' dir='ltr'><strong>et</strong></span> 
     </span>
     <span class='ocr_line' id='line_1_29' title="bbox 254 1729 1713 1781; baseline 0.001 -20"><span class='ocrx_word' id='word_1_194' title='bbox 254 1729 487 1764; x_wconf 56' lang='lat' dir='ltr'><strong>Petam—428</strong></span> <span class='ocrx_word' id='word_1_195' title='bbox 509 1731 707 1763; x_wconf 86' lang='lat' dir='ltr'><strong>Markland.</strong></span> <span class='ocrx_word' id='word_1_196' title='bbox 721 1731 763 1763; x_wconf 81' lang='lat' dir='ltr'><strong>ad</strong></span> <span class='ocrx_word' id='word_1_197' title='bbox 779 1731 872 1773; x_wconf 78' lang='lat' dir='ltr'><strong>Sylv.</strong></span> <span class='ocrx_word' id='word_1_198' title='bbox 891 1741 923 1764; x_wconf 89' lang='lat' dir='ltr'><strong>v.</strong></span> <span class='ocrx_word' id='word_1_199' title='bbox 941 1734 973 1763; x_wconf 81' lang='grc'><strong>3.</strong></span> <span class='ocrx_word' id='word_1_200' title='bbox 990 1734 1063 1764; x_wconf 84' lang='grc'><strong>171.</strong></span> <span class='ocrx_word' id='word_1_201' title='bbox 1080 1732 1165 1774; x_wconf 85' lang='lat' dir='ltr'><strong>legit</strong></span> <span class='ocrx_word' id='word_1_202' title='bbox 1178 1743 1186 1764; x_wconf 88' lang='lat'><strong>:</strong></span> <span class='ocrx_word' id='word_1_203' title='bbox 1199 1731 1263 1764; x_wconf 78' lang='lat' dir='ltr'><strong>Seu</strong></span> <span class='ocrx_word' id='word_1_204' title='bbox 1277 1735 1423 1764; x_wconf 78' lang='lat' dir='ltr'><strong>montana</strong></span> <span class='ocrx_word' id='word_1_205' title='bbox 1434 1731 1521 1781; x_wconf 69' lang='lat' dir='ltr'><strong>dedit</strong></span> <span class='ocrx_word' id='word_1_206' title='bbox 1535 1729 1636 1772; x_wconf 71' lang='lat' dir='ltr'><strong>tabes,</strong></span> <span class='ocrx_word' id='word_1_207' title='bbox 1658 1736 1713 1762; x_wconf 67' lang='lat' dir='ltr'><strong>seu</strong></span> 
     </span>
    </p>
   </div>
   <div class='ocr_carea' id='block_1_20' title="bbox 914 1834 1057 1871">
    <p class='ocr_par' dir='ltr' id='par_1_20' title="bbox 914 1834 1057 1871">
     <span class='ocr_line' id='line_1_30' title="bbox 914 1834 1057 1871; baseline -0.007 0"><span class='ocrx_word' id='word_1_208' title='bbox 914 1836 946 1871; x_wconf 87' lang='lat' dir='ltr'>N</span> <span class='ocrx_word' id='word_1_209' title='bbox 953 1834 1057 1870; x_wconf 83' lang='lat' dir='ltr'><strong>OTAE</strong></span> 
     </span>
    </p>
   </div>
   <div class='ocr_carea' id='block_1_21' title="bbox 254 1903 962 2254">
    <p class='ocr_par' dir='ltr' id='par_1_21' title="bbox 254 1903 959 2060">
     <span class='ocr_line' id='line_1_31' title="bbox 255 1903 959 1955; baseline -0.003 -9"><span class='ocrx_word' id='word_1_210' title='bbox 255 1903 535 1955; x_wconf 70' lang='lat' dir='ltr'><strong>Acheloi,primo</strong></span> <span class='ocrx_word' id='word_1_211' title='bbox 551 1913 593 1945; x_wconf 89' lang='lat' dir='ltr'><strong>ab</strong></span> <span class='ocrx_word' id='word_1_212' title='bbox 609 1912 761 1945; x_wconf 86' lang='lat' dir='ltr'><strong>Hercule</strong></span> <span class='ocrx_word' id='word_1_213' title='bbox 784 1912 819 1944; x_wconf 88' lang='lat' dir='ltr'><strong>in</strong></span> <span class='ocrx_word' id='word_1_214' title='bbox 845 1911 959 1953; x_wconf 82' lang='lat' dir='ltr'><strong>plures</strong></span> 
     </span>
     <span class='ocr_line' id='line_1_32' title="bbox 254 1962 959 2003; baseline -0.003 -7"><span class='ocrx_word' id='word_1_215' title='bbox 254 1965 346 1997; x_wconf 84' lang='lat' dir='ltr'><strong>rivos</strong></span> <span class='ocrx_word' id='word_1_216' title='bbox 360 1963 511 1996; x_wconf 81' lang='lat' dir='ltr'><strong>deducto</strong></span> <span class='ocrx_word' id='word_1_217' title='bbox 524 1968 559 1996; x_wconf 90' lang='lat' dir='ltr'><strong>et</strong></span> <span class='ocrx_word' id='word_1_218' title='bbox 576 1964 765 1996; x_wconf 86' lang='lat' dir='ltr'><strong>exsiccato.</strong></span> <span class='ocrx_word' id='word_1_219' title='bbox 795 1962 959 2003; x_wconf 59' lang='lat' dir='ltr'><strong>Acar-mn]</strong></span> 
     </span>
     <span class='ocr_line' id='line_1_33' title="bbox 254 2005 580 2060; baseline -0.003 -14"><span class='ocrx_word' id='word_1_220' title='bbox 254 2005 346 2047; x_wconf 78' lang='lat' dir='ltr'><strong>&#39;Vide</strong></span> <span class='ocrx_word' id='word_1_221' title='bbox 361 2014 423 2060; x_wconf 81' lang='lat' dir='ltr'><strong>lib.</strong></span> <span class='ocrx_word' id='word_1_222' title='bbox 439 2023 489 2047; x_wconf 81' lang='lat' dir='ltr'><strong>vr.</strong></span> <span class='ocrx_word' id='word_1_223' title='bbox 504 2017 580 2046; x_wconf 82' lang='grc'><strong>652.</strong></span> 
     </span>
    </p>

    <p class='ocr_par' dir='ltr' id='par_1_22' title="bbox 255 2063 962 2254">
     <span class='ocr_line' id='line_1_34' title="bbox 298 2063 959 2107; baseline -0.005 -9"><span class='ocrx_word' id='word_1_224' title='bbox 298 2067 363 2098; x_wconf 81' lang='grc'><strong>418</strong></span> <span class='ocrx_word' id='word_1_225' title='bbox 388 2065 518 2097; x_wconf 86' lang='lat' dir='ltr'><strong>Perseos</strong></span> <span class='ocrx_word' id='word_1_226' title='bbox 543 2063 676 2107; x_wconf 58' lang='lat' dir='ltr'><strong>effigiem</strong></span> <span class='ocrx_word' id='word_1_227' title='bbox 694 2063 848 2105; x_wconf 80' lang='lat' dir='ltr'><strong>moestam]</strong></span> <span class='ocrx_word' id='word_1_228' title='bbox 873 2064 959 2096; x_wconf 87' lang='lat' dir='ltr'><strong>Per-</strong></span> 
     </span>
     <span class='ocr_line' id='line_1_35' title="bbox 257 2113 959 2156; baseline -0.006 -8"><span class='ocrx_word' id='word_1_229' title='bbox 257 2118 335 2148; x_wconf 80' lang='lat' dir='ltr'><strong>seus</strong></span> <span class='ocrx_word' id='word_1_230' title='bbox 345 2115 433 2147; x_wconf 88' lang='lat' dir='ltr'><strong>enim</strong></span> <span class='ocrx_word' id='word_1_231' title='bbox 449 2114 490 2146; x_wconf 84' lang='lat' dir='ltr'><strong>ab</strong></span> <span class='ocrx_word' id='word_1_232' title='bbox 501 2114 638 2155; x_wconf 85' lang='lat' dir='ltr'><strong>Argivis</strong></span> <span class='ocrx_word' id='word_1_233' title='bbox 650 2118 685 2146; x_wconf 84' lang='lat' dir='ltr'><strong>et</strong></span> <span class='ocrx_word' id='word_1_234' title='bbox 693 2113 959 2156; x_wconf 82' lang='lat' dir='ltr'><strong>Mycenensibus</strong></span> 
     </span>
     <span class='ocr_line' id='line_1_36' title="bbox 255 2161 962 2205; baseline -0.004 -8"><span class='ocrx_word' id='word_1_235' title='bbox 255 2165 348 2197; x_wconf 82' lang='lat' dir='ltr'><strong>inter</strong></span> <span class='ocrx_word' id='word_1_236' title='bbox 371 2164 464 2196; x_wconf 83' lang='lat' dir='ltr'><strong>Deos</strong></span> <span class='ocrx_word' id='word_1_237' title='bbox 491 2163 619 2195; x_wconf 80' lang='lat' dir='ltr'><strong>relatus</strong></span> <span class='ocrx_word' id='word_1_238' title='bbox 646 2161 772 2195; x_wconf 80' lang='lat' dir='ltr'><strong>fuerat.</strong></span> <span class='ocrx_word' id='word_1_239' title='bbox 813 2163 962 2205; x_wconf 77' lang='lat' dir='ltr'><strong>Effigiem</strong></span> 
     </span>
     <span class='ocr_line' id='line_1_37' title="bbox 257 2211 960 2254; baseline -0.006 -7"><span class='ocrx_word' id='word_1_240' title='bbox 257 2213 413 2254; x_wconf 81' lang='lat' dir='ltr'><strong>moeslam]</strong></span> <span class='ocrx_word' id='word_1_241' title='bbox 435 2211 481 2245; x_wconf 88' lang='lat' dir='ltr'><strong>Et</strong></span> <span class='ocrx_word' id='word_1_242' title='bbox 495 2211 560 2245; x_wconf 87' lang='lat' dir='ltr'><strong>hoc</strong></span> <span class='ocrx_word' id='word_1_243' title='bbox 577 2212 667 2244; x_wconf 87' lang='lat' dir='ltr'><strong>inter</strong></span> <span class='ocrx_word' id='word_1_244' title='bbox 679 2212 831 2254; x_wconf 86' lang='lat' dir='ltr'><strong>prodigia</strong></span> <span class='ocrx_word' id='word_1_245' title='bbox 844 2222 960 2244; x_wconf 88' lang='lat' dir='ltr'><strong>nume-</strong></span> 
     </span>
    </p>
   </div>
   <div class='ocr_carea' id='block_1_22' title="bbox 199 2262 964 2304">
    <p class='ocr_par' dir='ltr' id='par_1_23' title="bbox 199 2262 964 2304">
     <span class='ocr_line' id='line_1_38' title="bbox 199 2262 964 2304; baseline -0.004 -7"><span class='ocrx_word' id='word_1_246' title='bbox 199 2293 201 2296; x_wconf 66' lang='lat'><strong>,</strong></span> <span class='ocrx_word' id='word_1_247' title='bbox 258 2269 383 2302; x_wconf 77' lang='lat' dir='ltr'><strong>ratum,</strong></span> <span class='ocrx_word' id='word_1_248' title='bbox 399 2264 428 2295; x_wconf 83' lang='lat' dir='ltr'><strong>si</strong></span> <span class='ocrx_word' id='word_1_249' title='bbox 443 2263 617 2295; x_wconf 86' lang='lat' dir='ltr'><strong>numinum</strong></span> <span class='ocrx_word' id='word_1_250' title='bbox 634 2262 778 2304; x_wconf 87' lang='lat' dir='ltr'><strong>effigies,</strong></span> <span class='ocrx_word' id='word_1_251' title='bbox 799 2262 866 2294; x_wconf 88' lang='lat' dir='ltr'><strong>alio</strong></span> <span class='ocrx_word' id='word_1_252' title='bbox 893 2263 964 2294; x_wconf 88' lang='lat' dir='ltr'><strong>vul·</strong></span> 
     </span>
    </p>
   </div>
   <div class='ocr_carea' id='block_1_23' title="bbox 259 2311 965 2809">
    <p class='ocr_par' dir='ltr' id='par_1_24' title="bbox 259 2311 962 2648">
     <span class='ocr_line' id='line_1_39' title="bbox 259 2311 962 2356; baseline -0.004 -10"><span class='ocrx_word' id='word_1_253' title='bbox 259 2318 308 2355; x_wconf 84' lang='lat' dir='ltr'><strong>tu,</strong></span> <span class='ocrx_word' id='word_1_254' title='bbox 324 2322 422 2356; x_wconf 82' lang='lat' dir='ltr'><strong>quam</strong></span> <span class='ocrx_word' id='word_1_255' title='bbox 439 2322 507 2355; x_wconf 91' lang='lat' dir='ltr'><strong>quo</strong></span> <span class='ocrx_word' id='word_1_256' title='bbox 523 2312 648 2353; x_wconf 79' lang='lat' dir='ltr'><strong>solitae‚</strong></span> <span class='ocrx_word' id='word_1_257' title='bbox 664 2312 875 2344; x_wconf 84' lang='lat' dir='ltr'><strong>viderentur.</strong></span> <span class='ocrx_word' id='word_1_258' title='bbox 903 2311 962 2344; x_wconf 89' lang='lat' dir='ltr'><strong>Sic</strong></span> 
     </span>
     <span class='ocr_line' id='line_1_40' title="bbox 259 2362 962 2404; baseline -0.007 -7"><span class='ocrx_word' id='word_1_259' title='bbox 259 2363 413 2397; x_wconf 86' lang='lat' dir='ltr'><strong>Hercule</strong></span> <span class='ocrx_word' id='word_1_260' title='bbox 426 2362 636 2404; x_wconf 86' lang='lat' dir='ltr'><strong>Epitrap.de</strong></span> <span class='ocrx_word' id='word_1_261' title='bbox 648 2362 866 2395; x_wconf 85' lang='lat' dir='ltr'><strong>Alexandro:</strong></span> <span class='ocrx_word' id='word_1_262' title='bbox 878 2365 887 2381; x_wconf 90' lang='lat'>‘</span> <span class='ocrx_word' id='word_1_263' title='bbox 896 2362 962 2393; x_wconf 88' lang='lat' dir='ltr'><strong>Ille</strong></span> 
     </span>
     <span class='ocr_line' id='line_1_41' title="bbox 259 2412 960 2455; baseline -0.006 -7"><span class='ocrx_word' id='word_1_264' title='bbox 259 2415 374 2454; x_wconf 75' lang='lat' dir='ltr'><strong>etiam,</strong></span> <span class='ocrx_word' id='word_1_265' title='bbox 391 2412 475 2445; x_wconf 82' lang='lat' dir='ltr'><strong>fatis</strong></span> <span class='ocrx_word' id='word_1_266' title='bbox 497 2421 635 2454; x_wconf 85' lang='lat' dir='ltr'><strong>magnos</strong></span> <span class='ocrx_word' id='word_1_267' title='bbox 651 2412 889 2455; x_wconf 86' lang='lat' dir='ltr'><strong>rumpentibus</strong></span> <span class='ocrx_word' id='word_1_268' title='bbox 906 2421 960 2444; x_wconf 81' lang='lat' dir='ltr'><strong>ac-</strong></span> 
     </span>
     <span class='ocr_line' id='line_1_42' title="bbox 259 2461 962 2504; baseline -0.004 -7"><span class='ocrx_word' id='word_1_269' title='bbox 259 2468 326 2504; x_wconf 76' lang='lat' dir='ltr'><strong>tus,</strong></span> <span class='ocrx_word' id='word_1_270' title='bbox 338 2464 423 2496; x_wconf 88' lang='lat' dir='ltr'><strong>Cum</strong></span> <span class='ocrx_word' id='word_1_271' title='bbox 441 2461 594 2495; x_wconf 87' lang='lat' dir='ltr'><strong>traheret</strong></span> <span class='ocrx_word' id='word_1_272' title='bbox 605 2464 709 2495; x_wconf 88' lang='lat' dir='ltr'><strong>letale</strong></span> <span class='ocrx_word' id='word_1_273' title='bbox 725 2472 869 2503; x_wconf 87' lang='lat' dir='ltr'><strong>merum,</strong></span> <span class='ocrx_word' id='word_1_274' title='bbox 889 2463 962 2504; x_wconf 86' lang='lat' dir='ltr'><strong>jam</strong></span> 
     </span>
     <span class='ocr_line' id='line_1_43' title="bbox 259 2513 962 2555; baseline -0.004 -8"><span class='ocrx_word' id='word_1_275' title='bbox 259 2514 379 2548; x_wconf 76' lang='lat' dir='ltr'><strong>mortis</strong></span> <span class='ocrx_word' id='word_1_276' title='bbox 411 2523 531 2555; x_wconf 81' lang='lat' dir='ltr'><strong>opacae</strong></span> <span class='ocrx_word' id='word_1_277' title='bbox 563 2513 664 2545; x_wconf 90' lang='lat' dir='ltr'><strong>Nube</strong></span> <span class='ocrx_word' id='word_1_278' title='bbox 695 2513 820 2554; x_wconf 84' lang='lat' dir='ltr'><strong>gravis,</strong></span> <span class='ocrx_word' id='word_1_279' title='bbox 850 2513 962 2545; x_wconf 81' lang='lat' dir='ltr'><strong>vultus</strong></span> 
     </span>
     <span class='ocr_line' id='line_1_44' title="bbox 260 2562 960 2605; baseline -0.006 -7"><span class='ocrx_word' id='word_1_280' title='bbox 260 2566 344 2598; x_wconf 87' lang='lat' dir='ltr'><strong>alios</strong></span> <span class='ocrx_word' id='word_1_281' title='bbox 356 2565 391 2596; x_wconf 89' lang='lat' dir='ltr'><strong>in</strong></span> <span class='ocrx_word' id='word_1_282' title='bbox 412 2563 549 2596; x_wconf 85' lang='lat' dir='ltr'><strong>numine</strong></span> <span class='ocrx_word' id='word_1_283' title='bbox 568 2573 661 2604; x_wconf 84' lang='lat' dir='ltr'><strong>caro,</strong></span> <span class='ocrx_word' id='word_1_284' title='bbox 677 2562 825 2605; x_wconf 88' lang='lat' dir='ltr'><strong>AEraque</strong></span> <span class='ocrx_word' id='word_1_285' title='bbox 842 2572 960 2605; x_wconf 85' lang='lat' dir='ltr'><strong>supre-</strong></span> 
     </span>
     <span class='ocr_line' id='line_1_45' title="bbox 260 2613 795 2648; baseline -0.007 0"><span class='ocrx_word' id='word_1_286' title='bbox 260 2616 324 2648; x_wconf 80' lang='lat' dir='ltr'><strong>mis</strong></span> <span class='ocrx_word' id='word_1_287' title='bbox 342 2614 459 2647; x_wconf 88' lang='lat' dir='ltr'><strong>timuit</strong></span> <span class='ocrx_word' id='word_1_288' title='bbox 473 2613 632 2646; x_wconf 80' lang='lat' dir='ltr'><strong>sudantia</strong></span> <span class='ocrx_word' id='word_1_289' title='bbox 646 2613 795 2646; x_wconf 63' lang='lat' dir='ltr'><strong>mensis!</strong></span> 
     </span>
    </p>

    <p class='ocr_par' dir='ltr' id='par_1_25' title="bbox 262 2663 965 2809">
     <span class='ocr_line' id='line_1_46' title="bbox 304 2663 964 2705; baseline -0.003 -8"><span class='ocrx_word' id='word_1_290' title='bbox 304 2668 368 2697; x_wconf 76' lang='lat'><strong>419</strong></span> <span class='ocrx_word' id='word_1_291' title='bbox 394 2663 565 2703; x_wconf 67' lang='lat' dir='ltr'><strong>Consu-sum</strong></span> <span class='ocrx_word' id='word_1_292' title='bbox 578 2663 712 2695; x_wconf 80' lang='lat' dir='ltr'><strong>Junonis</strong></span> <span class='ocrx_word' id='word_1_293' title='bbox 728 2663 818 2705; x_wconf 85' lang='lat' dir='ltr'><strong>ebur]</strong></span> <span class='ocrx_word' id='word_1_294' title='bbox 840 2663 881 2695; x_wconf 90' lang='lat' dir='ltr'><strong>Id</strong></span> <span class='ocrx_word' id='word_1_295' title='bbox 898 2666 964 2704; x_wconf 87' lang='lat' dir='ltr'><strong>est,</strong></span> 
     </span>
     <span class='ocr_line' id='line_1_47' title="bbox 262 2714 965 2757; baseline -0.001 -10"><span class='ocrx_word' id='word_1_296' title='bbox 262 2714 410 2756; x_wconf 73' lang='lat' dir='ltr'><strong>statuam</strong></span> <span class='ocrx_word' id='word_1_297' title='bbox 426 2714 571 2747; x_wconf 77' lang='lat' dir='ltr'><strong>sunonis</strong></span> <span class='ocrx_word' id='word_1_298' title='bbox 585 2715 784 2756; x_wconf 84' lang='lat' dir='ltr'><strong>eburneam,</strong></span> <span class='ocrx_word' id='word_1_299' title='bbox 795 2724 871 2757; x_wconf 82' lang='lat' dir='ltr'><strong>quae</strong></span> <span class='ocrx_word' id='word_1_300' title='bbox 889 2715 965 2746; x_wconf 89' lang='lat' dir='ltr'><strong>reli-</strong></span> 
     </span>
     <span class='ocr_line' id='line_1_48' title="bbox 263 2764 965 2809; baseline -0.001 -10"><span class='ocrx_word' id='word_1_301' title='bbox 263 2767 358 2809; x_wconf 76' lang='lat' dir='ltr'><strong>giose</strong></span> <span class='ocrx_word' id='word_1_302' title='bbox 391 2764 484 2799; x_wconf 78' lang='lat' dir='ltr'><strong>culta</strong></span> <span class='ocrx_word' id='word_1_303' title='bbox 512 2764 555 2798; x_wconf 82' lang='lat' dir='ltr'><strong>ab</strong></span> <span class='ocrx_word' id='word_1_304' title='bbox 586 2765 733 2807; x_wconf 82' lang='lat' dir='ltr'><strong>Argivis.</strong></span> <span class='ocrx_word' id='word_1_305' title='bbox 779 2765 965 2807; x_wconf 66' lang='lat' dir='ltr'><strong>confusum]</strong></span> 
     </span>
    </p>
   </div>
   <div class='ocr_carea' id='block_1_24' title="bbox 1013 1910 1719 2806">
    <p class='ocr_par' dir='ltr' id='par_1_26' title="bbox 1013 1910 1718 2206">
     <span class='ocr_line' id='line_1_49' title="bbox 1015 1910 1713 1956; baseline -0.003 -11"><span class='ocrx_word' id='word_1_306' title='bbox 1015 1910 1119 1945; x_wconf 84' lang='lat' dir='ltr'><strong>Forte</strong></span> <span class='ocrx_word' id='word_1_307' title='bbox 1133 1912 1378 1956; x_wconf 73' lang='lat' dir='ltr'><strong>sudans,qnod</strong></span> <span class='ocrx_word' id='word_1_308' title='bbox 1387 1911 1490 1945; x_wconf 77' lang='lat' dir='ltr'><strong>etiam</strong></span> <span class='ocrx_word' id='word_1_309' title='bbox 1500 1911 1588 1944; x_wconf 80' lang='lat' dir='ltr'><strong>inter</strong></span> <span class='ocrx_word' id='word_1_310' title='bbox 1599 1914 1713 1944; x_wconf 52' lang='lat' dir='ltr'><strong>osten*</strong></span> 
     </span>
     <span class='ocr_line' id='line_1_50' title="bbox 1017 1962 1714 2005; baseline 0 -10"><span class='ocrx_word' id='word_1_311' title='bbox 1017 1968 1053 1995; x_wconf 83' lang='lat' dir='ltr'><strong>ta</strong></span> <span class='ocrx_word' id='word_1_312' title='bbox 1068 1963 1235 2005; x_wconf 82' lang='lat' dir='ltr'><strong>habitum,</strong></span> <span class='ocrx_word' id='word_1_313' title='bbox 1251 1968 1289 1996; x_wconf 84' lang='lat' dir='ltr'><strong>ut</strong></span> <span class='ocrx_word' id='word_1_314' title='bbox 1303 1973 1382 1996; x_wconf 80' lang='lat' dir='ltr'><strong>mox</strong></span> <span class='ocrx_word' id='word_1_315' title='bbox 1402 1962 1548 1995; x_wconf 73' lang='lat' dir='ltr'><strong>&#39;vidImus</strong></span> <span class='ocrx_word' id='word_1_316' title='bbox 1563 1971 1607 1994; x_wconf 84' lang='lat' dir='ltr'><strong>ex</strong></span> <span class='ocrx_word' id='word_1_317' title='bbox 1623 1962 1714 1995; x_wconf 76' lang='lat' dir='ltr'><strong>Her·</strong></span> 
     </span>
     <span class='ocr_line' id='line_1_51' title="bbox 1014 2011 1714 2055; baseline -0.001 -10"><span class='ocrx_word' id='word_1_318' title='bbox 1014 2014 1091 2046; x_wconf 89' lang='lat' dir='ltr'><strong>cule</strong></span> <span class='ocrx_word' id='word_1_319' title='bbox 1109 2013 1342 2055; x_wconf 79' lang='lat' dir='ltr'><strong>Epitrapezio,</strong></span> <span class='ocrx_word' id='word_1_320' title='bbox 1359 2016 1396 2045; x_wconf 88' lang='lat' dir='ltr'><strong>et</strong></span> <span class='ocrx_word' id='word_1_321' title='bbox 1408 2012 1516 2044; x_wconf 85' lang='lat' dir='ltr'><strong>Theb.</strong></span> <span class='ocrx_word' id='word_1_322' title='bbox 1529 2021 1580 2044; x_wconf 77' lang='lat' dir='ltr'><strong>iv.</strong></span> <span class='ocrx_word' id='word_1_323' title='bbox 1604 2011 1714 2044; x_wconf 79' lang='lat' dir='ltr'><strong>‘Nam</strong></span> 
     </span>
     <span class='ocr_line' id='line_1_52' title="bbox 1013 2061 1718 2104; baseline -0.003 -10"><span class='ocrx_word' id='word_1_324' title='bbox 1013 2063 1131 2104; x_wconf 81' lang='lat' dir='ltr'><strong>Tyrios</strong></span> <span class='ocrx_word' id='word_1_325' title='bbox 1151 2063 1289 2095; x_wconf 83' lang='lat' dir='ltr'><strong>sudasse</strong></span> <span class='ocrx_word' id='word_1_326' title='bbox 1315 2061 1425 2094; x_wconf 67' lang='lat' dir='ltr'><strong>lares!</strong></span> <span class='ocrx_word' id='word_1_327' title='bbox 1469 2061 1614 2102; x_wconf 67' lang='lat' dir='ltr'><strong>Mag-ire]</strong></span> <span class='ocrx_word' id='word_1_328' title='bbox 1635 2061 1718 2093; x_wconf 83' lang='lat' dir='ltr'><strong>Hoc·</strong></span> 
     </span>
     <span class='ocr_line' id='line_1_53' title="bbox 1014 2109 1715 2154; baseline -0.004 -9"><span class='ocrx_word' id='word_1_329' title='bbox 1014 2112 1167 2146; x_wconf 82' lang='lat' dir='ltr'><strong>refertur</strong></span> <span class='ocrx_word' id='word_1_330' title='bbox 1180 2113 1224 2146; x_wconf 85' lang='lat' dir='ltr'><strong>ad</strong></span> <span class='ocrx_word' id='word_1_331' title='bbox 1251 2113 1419 2146; x_wconf 76' lang='lat' dir='ltr'><strong>taurinam</strong></span> <span class='ocrx_word' id='word_1_332' title='bbox 1442 2112 1594 2154; x_wconf 80' lang='lat' dir='ltr'><strong>speciem</strong></span> <span class='ocrx_word' id='word_1_333' title='bbox 1607 2109 1715 2143; x_wconf 81' lang='lat' dir='ltr'><strong>flumi-</strong></span> 
     </span>
     <span class='ocr_line' id='line_1_54' title="bbox 1013 2163 1376 2206; baseline -0.008 -10"><span class='ocrx_word' id='word_1_334' title='bbox 1013 2173 1107 2205; x_wconf 87' lang='lat' dir='ltr'><strong>num,</strong></span> <span class='ocrx_word' id='word_1_335' title='bbox 1122 2163 1165 2196; x_wconf 90' lang='lat' dir='ltr'><strong>de</strong></span> <span class='ocrx_word' id='word_1_336' title='bbox 1181 2173 1248 2206; x_wconf 81' lang='lat' dir='ltr'><strong>qua</strong></span> <span class='ocrx_word' id='word_1_337' title='bbox 1262 2172 1376 2204; x_wconf 80' lang='lat' dir='ltr'><strong>supra.</strong></span> 
     </span>
    </p>

    <p class='ocr_par' dir='ltr' id='par_1_27' title="bbox 1016 2210 1716 2396">
     <span class='ocr_line' id='line_1_55' title="bbox 1060 2210 1715 2254; baseline -0.005 -8"><span class='ocrx_word' id='word_1_338' title='bbox 1060 2216 1124 2246; x_wconf 80' lang='lat'><strong>420</strong></span> <span class='ocrx_word' id='word_1_339' title='bbox 1148 2213 1302 2254; x_wconf 74' lang='lat' dir='ltr'><strong>Inachon]</strong></span> <span class='ocrx_word' id='word_1_340' title='bbox 1316 2211 1462 2244; x_wconf 86' lang='lat' dir='ltr'><strong>Inachus</strong></span> <span class='ocrx_word' id='word_1_341' title='bbox 1472 2210 1595 2245; x_wconf 81' lang='lat' dir='ltr'><strong>fluvius</strong></span> <span class='ocrx_word' id='word_1_342' title='bbox 1607 2211 1715 2254; x_wconf 78' lang='lat' dir='ltr'><strong>Argo-</strong></span> 
     </span>
     <span class='ocr_line' id='line_1_56' title="bbox 1016 2260 1716 2302; baseline -0.003 -7"><span class='ocrx_word' id='word_1_343' title='bbox 1016 2263 1104 2296; x_wconf 86' lang='lat' dir='ltr'><strong>lidis.</strong></span> <span class='ocrx_word' id='word_1_344' title='bbox 1142 2261 1271 2295; x_wconf 81' lang='lat' dir='ltr'><strong>Gemini</strong></span> <span class='ocrx_word' id='word_1_345' title='bbox 1285 2262 1381 2294; x_wconf 82' lang='lat' dir='ltr'><strong>maris</strong></span> <span class='ocrx_word' id='word_1_346' title='bbox 1395 2260 1512 2302; x_wconf 77' lang='lat' dir='ltr'><strong>incola]</strong></span> <span class='ocrx_word' id='word_1_347' title='bbox 1535 2261 1577 2293; x_wconf 86' lang='lat' dir='ltr'><strong>Id</strong></span> <span class='ocrx_word' id='word_1_348' title='bbox 1588 2262 1716 2302; x_wconf 83' lang='lat' dir='ltr'><strong>est,iu·</strong></span> 
     </span>
     <span class='ocr_line' id='line_1_57' title="bbox 1017 2310 1716 2355; baseline -0.006 -9"><span class='ocrx_word' id='word_1_349' title='bbox 1017 2314 1094 2346; x_wconf 84' lang='lat' dir='ltr'><strong>cola</strong></span> <span class='ocrx_word' id='word_1_350' title='bbox 1108 2312 1244 2355; x_wconf 82' lang='lat' dir='ltr'><strong>Isthmi,</strong></span> <span class='ocrx_word' id='word_1_351' title='bbox 1256 2313 1311 2355; x_wconf 84' lang='lat' dir='ltr'><strong>qui</strong></span> <span class='ocrx_word' id='word_1_352' title='bbox 1327 2312 1406 2345; x_wconf 85' lang='lat' dir='ltr'><strong>hinc</strong></span> <span class='ocrx_word' id='word_1_353' title='bbox 1421 2315 1459 2344; x_wconf 89' lang='lat' dir='ltr'><strong>et</strong></span> <span class='ocrx_word' id='word_1_354' title='bbox 1472 2310 1652 2344; x_wconf 73' lang='lat' dir='ltr'><strong>iude&#39;mari</strong></span> <span class='ocrx_word' id='word_1_355' title='bbox 1667 2311 1716 2343; x_wconf 83' lang='lat' dir='ltr'><strong>al-</strong></span> 
     </span>
     <span class='ocr_line' id='line_1_58' title="bbox 1017 2364 1136 2396; baseline 0 0"><span class='ocrx_word' id='word_1_356' title='bbox 1017 2364 1136 2396; x_wconf 88' lang='lat' dir='ltr'><strong>luitur.</strong></span> 
     </span>
    </p>

    <p class='ocr_par' dir='ltr' id='par_1_28' title="bbox 1017 2411 1717 2505">
     <span class='ocr_line' id='line_1_59' title="bbox 1058 2411 1717 2453; baseline -0.003 -8"><span class='ocrx_word' id='word_1_357' title='bbox 1058 2416 1121 2446; x_wconf 78' lang='lat'><strong>421</strong></span> <span class='ocrx_word' id='word_1_358' title='bbox 1149 2413 1327 2446; x_wconf 78' lang='lat' dir='ltr'><strong>Thebanum</strong></span> <span class='ocrx_word' id='word_1_359' title='bbox 1351 2411 1549 2453; x_wconf 77' lang='lat' dir='ltr'><strong>Palaemm]</strong></span> <span class='ocrx_word' id='word_1_360' title='bbox 1577 2412 1631 2444; x_wconf 82' lang='lat' dir='ltr'><strong>De</strong></span> <span class='ocrx_word' id='word_1_361' title='bbox 1650 2411 1717 2444; x_wconf 82' lang='lat' dir='ltr'><strong>Pa-</strong></span> 
     </span>
     <span class='ocr_line' id='line_1_60' title="bbox 1017 2462 1696 2505; baseline -0.003 -9"><span class='ocrx_word' id='word_1_362' title='bbox 1017 2464 1161 2496; x_wconf 84' lang='lat' dir='ltr'><strong>laemone</strong></span> <span class='ocrx_word' id='word_1_363' title='bbox 1178 2463 1256 2496; x_wconf 82' lang='lat' dir='ltr'><strong>vide</strong></span> <span class='ocrx_word' id='word_1_364' title='bbox 1272 2473 1374 2505; x_wconf 79' lang='lat' dir='ltr'><strong>supra</strong></span> <span class='ocrx_word' id='word_1_365' title='bbox 1387 2462 1539 2504; x_wconf 73' lang='lat' dir='ltr'><strong>pluribus</strong></span> <span class='ocrx_word' id='word_1_366' title='bbox 1551 2462 1586 2494; x_wconf 86' lang='lat' dir='ltr'><strong>in</strong></span> <span class='ocrx_word' id='word_1_367' title='bbox 1601 2462 1696 2495; x_wconf 85' lang='lat' dir='ltr'><strong>locis.</strong></span> 
     </span>
    </p>

    <p class='ocr_par' dir='ltr' id='par_1_29' title="bbox 1059 2513 1589 2556">
     <span class='ocr_line' id='line_1_61' title="bbox 1059 2513 1589 2556; baseline -0.002 -9"><span class='ocrx_word' id='word_1_368' title='bbox 1059 2516 1124 2547; x_wconf 81' lang='grc'><strong>422</strong></span> <span class='ocrx_word' id='word_1_369' title='bbox 1147 2515 1295 2556; x_wconf 78' lang='lat' dir='ltr'><strong>Pelopea]</strong></span> <span class='ocrx_word' id='word_1_370' title='bbox 1323 2513 1589 2556; x_wconf 76' lang='lat' dir='ltr'><strong>Peloponnesia.</strong></span> 
     </span>
    </p>

    <p class='ocr_par' dir='ltr' id='par_1_30' title="bbox 1022 2562 1719 2697">
     <span class='ocr_line' id='line_1_62' title="bbox 1060 2562 1717 2610; baseline 0 -14"><span class='ocrx_word' id='word_1_371' title='bbox 1060 2567 1125 2598; x_wconf 79' lang='grc'><strong>424</strong></span> <span class='ocrx_word' id='word_1_372' title='bbox 1148 2564 1280 2610; x_wconf 50' lang='lat' dir='ltr'><strong>Asopel</strong></span> <span class='ocrx_word' id='word_1_373' title='bbox 1302 2563 1439 2607; x_wconf 82' lang='lat' dir='ltr'><strong>Asopus</strong></span> <span class='ocrx_word' id='word_1_374' title='bbox 1467 2562 1590 2606; x_wconf 69' lang='lat' dir='ltr'><strong>fluvius</strong></span> <span class='ocrx_word' id='word_1_375' title='bbox 1615 2563 1717 2597; x_wconf 85' lang='lat' dir='ltr'><strong>Boeo-</strong></span> 
     </span>
     <span class='ocr_line' id='line_1_63' title="bbox 1022 2614 1719 2657; baseline -0.001 -10"><span class='ocrx_word' id='word_1_376' title='bbox 1022 2614 1095 2656; x_wconf 76' lang='lat' dir='ltr'><strong>tiae,</strong></span> <span class='ocrx_word' id='word_1_377' title='bbox 1106 2615 1202 2657; x_wconf 74' lang='lat' dir='ltr'><strong>cujus</strong></span> <span class='ocrx_word' id='word_1_378' title='bbox 1218 2614 1368 2647; x_wconf 80' lang='lat' dir='ltr'><strong>fabulam</strong></span> <span class='ocrx_word' id='word_1_379' title='bbox 1378 2623 1483 2656; x_wconf 81' lang='lat' dir='ltr'><strong>supra</strong></span> <span class='ocrx_word' id='word_1_380' title='bbox 1499 2614 1619 2647; x_wconf 85' lang='lat' dir='ltr'><strong>retulit</strong></span> <span class='ocrx_word' id='word_1_381' title='bbox 1631 2614 1719 2646; x_wconf 86' lang='lat' dir='ltr'><strong>Nos-</strong></span> 
     </span>
     <span class='ocr_line' id='line_1_64' title="bbox 1023 2670 1090 2697; baseline 0 0"><span class='ocrx_word' id='word_1_382' title='bbox 1023 2670 1090 2697; x_wconf 87' lang='lat' dir='ltr'><strong>ter.</strong></span> 
     </span>
    </p>

    <p class='ocr_par' dir='ltr' id='par_1_31' title="bbox 1019 2713 1719 2806">
     <span class='ocr_line' id='line_1_65' title="bbox 1062 2713 1719 2756; baseline 0.003 -11"><span class='ocrx_word' id='word_1_383' title='bbox 1062 2716 1126 2746; x_wconf 79' lang='lat'><strong>427</strong></span> <span class='ocrx_word' id='word_1_384' title='bbox 1157 2713 1306 2753; x_wconf 65' lang='lat' dir='ltr'><strong>Imbrifer</strong></span> <span class='ocrx_word' id='word_1_385' title='bbox 1340 2713 1446 2756; x_wconf 72' lang='lat' dir='ltr'><strong>arcus]</strong></span> <span class='ocrx_word' id='word_1_386' title='bbox 1478 2713 1591 2748; x_wconf 70' lang='lat' dir='ltr'><strong>Arcus</strong></span> <span class='ocrx_word' id='word_1_387' title='bbox 1627 2713 1719 2749; x_wconf 75' lang='lat' dir='ltr'><strong>eni‘m</strong></span> 
     </span>
     <span class='ocr_line' id='line_1_66' title="bbox 1019 2763 1524 2806; baseline -0.002 -9"><span class='ocrx_word' id='word_1_388' title='bbox 1019 2764 1170 2797; x_wconf 78' lang='lat' dir='ltr'><strong>coelestis</strong></span> <span class='ocrx_word' id='word_1_389' title='bbox 1185 2763 1524 2806; x_wconf 61' lang='lat' dir='ltr'><strong>portendiss&#39;pluvias.</strong></span> 
     </span>
    </p>
   </div>
  </div>
 </body>
</html>
