1846 3120
284 239 398 284 1438
775 250 818 283 Ρ.
849 251 1039 284 nemu
1073 253 1238 286 s'rA'rn

284 343 472 386 Mortem
492 344 791 398 imperfectam
809 358 819 387 ε
850 347 985 388 veteri
1010 351 1096 389 stat
1113 348 1295 392 sordida
1311 350 1417 393 tabo

285 410 486 464 Utraque
506 411 703 461 canities,
722 416 767 452 et
786 411 921 453 durus
940 415 1151 466 sanguine
1172 415 1307 456 crinis

286 477 488 518 Obnubit
506 476 659 518 furiale
679 483 846 531 caput:
875 481 1034 532 procul
1054 494 1147 532 ora,
1168 494 1377 536 genaeque

284 542 426 592 Intus,
447 547 492 583 et
511 542 683 586 effossae
706 543 910 598 squalent
925 547 1111 599 vestigia
1127 547 1257 589 lucis.
1642 546 1730 590 585

285 609 421 662 Virgo
441 613 584 651 autem
605 610 828 663 impositae
849 614 1070 654 sustentat
1089 613 1282 666 pondera
1301 614 1448 665 laevae,
1704 620 1713 630 ”

286 676 455 716 Dextra
476 676 600 717 sedet
616 677 795 719 baculo:
829 678 974 731 qualis
995 679 1034 719 si
1054 692 1205 733 puppe
1223 681 1378 722 relicta

284 741 463 782 Exosus
482 742 596 795 pigri
614 755 766 784 manes
788 744 982 785 sulcator
1001 742 1171 785 Averni

285 807 432 849 Exeat
451 808 507 849 ad
529 808 747 862 Superos,
769 809 991 862 solemque
1011 814 1057 851 et
1074 810 1243 864 pallida
1262 812 1410 854 turbet
1658 854 1661 856 .

283 873 431 924 Astra,
449 888 530 916 nec
550 875 650 929 ipse
672 875 749 916 diu
764 875 904 926 fortis,
918 877 1175 931 patiensque
1195 880 1374 932 superni
1587 902 1589 904 “
1644 880 1730 924 590

284 940 440 982 Aeris:
471 942 635 983 interea
650 942 830 995 longum
851 947 1048 984 cessante
1066 939 1276 997 magistro
1707 942 1712 958 ⁵

284 1006 470 1048 Crescat
488 1020 616 1062 opus,
637 1009 829 1062 totisque
849 1013 1088 1062 expectent
1105 1011 1270 1051 saecula
1288 1011 1409 1064 ripis.

284 1074 411 1116 Talis
427 1075 506 1115 init
526 1088 744 1129 campum,
763 1076 998 1128 comitique
1012 1080 1206 1118 extrema
1225 1078 1424 1129 gementi,

286 1141 403 1191 Duc,
422 1142 500 1191 ait,
522 1142 578 1182 ad
597 1146 742 1192 natos,
763 1147 1022 1196 patremque
1042 1144 1295 1185 recentibus
1315 1157 1394 1186 oro

284 1207 424 1261 Injice
444 1207 672 1249 funeribus
690 1222 700 1249 ε
733 1212 960 1250 cunctatur
979 1210 1131 1251 nescia
1151 1211 1294 1264 virgo'
1639 1212 1728 1268 695

285 1273 403 1323 Quid
425 1280 576 1333 paret:
606 1275 853 1328 impediunt
871 1276 968 1325 iter,
988 1276 1316 1330 implicitosque
1337 1281 1561 1334 morantur

283 1341 436 1391 Arma,
457 1342 553 1392 viri,
574 1354 740 1392 currus,
762 1343 941 1395 altaque
958 1344 1004 1383 in
1024 1347 1166 1396 strage
1186 1344 1366 1386 seniles

285 1407 513 1448 Deficiunt
532 1421 724 1461 gressus,
746 1413 791 1450 et
812 1409 903 1451 dux
919 1410 1169 1452 miseranda
1186 1410 1376 1453 laborat.

283 1512 362 1544 libus
378 1513 506 1552 foribus
519 1517 650 1546 mortem
664 1514 887 1555 imperfectam.
935 1515 1016 1546 Cani
1030 1515 1131 1547 crines
1145 1519 1175 1547 et
1190 1526 1266 1549 cana
1281 1517 1374 1549 barba
1387 1518 1525 1558 squalent
1539 1519 1665 1560 antiqua
1677 1529 1729 1561 sq-

283 1556 345 1594 nie,
360 1566 396 1587 ac
409 1556 515 1596 capilli
526 1566 634 1588 cruore
648 1558 785 1588 concreti
805 1560 914 1597 tegunt
928 1558 1087 1588 horridum
1102 1562 1206 1598 caput.
1253 1560 1298 1590 Oe
1311 1563 1444 1599 etgenae
1457 1560 1548 1600 longe
1559 1561 1730 1595 intrarem

283 1599 438 1634 recedunt,
453 1601 483 1630 et
496 1599 565 1633 cavi
578 1599 665 1630 sinus
678 1603 835 1631 ‹er-uturum
853 1601 1007 1630 oculorum
1027 1600 1162 1632 sordent.
1206 1601 1319 1633 Puella
1337 1605 1438 1634 autem
1459 1603 1594 1635 sustinet
1611 1604 1731 1643 pondu

283 1639 435 1680 impositae
448 1651 555 1672 manus
569 1641 715 1678 sinistrae,
730 1643 842 1673 dextra
856 1641 990 1682 scipione
1006 1641 1167 1674 innititur.
1214 1643 1324 1678 Qualis
1344 1645 1479 1684 portitor
1496 1643 1586 1685 pigri
1599 1645 1730 1684 Averni,

282 1682 311 1712 si
325 1682 426 1713 iratus
441 1683 560 1714 umbris
573 1683 687 1715 revisat
701 1683 846 1723 Superos,
856 1685 978 1715 deserta
991 1684 1109 1724 cymba,
1123 1688 1154 1715 et
1167 1694 1220 1715 suo
1234 1689 1357 1726 aspectu
1371 1686 1473 1718 turbet
1485 1687 1578 1720 solem
1590 1697 1627 1721 ac
1637 1687 1731 1728 palli-

283 1725 324 1754 da
337 1725 448 1756 reddat
461 1728 546 1756 astra
556 1736 569 1762 ‚¹
592 1726 730 1764 quamvis
743 1735 804 1757 non
819 1725 874 1757 diu
887 1726 983 1764 possit
997 1726 1147 1756 sustinere
1162 1728 1277 1759 lacem:
1299 1731 1330 1759 et
1343 1727 1476 1765 interea,
1489 1732 1584 1760 nauta
1598 1730 1728 1760 multum

282 1767 440 1805 tardante,
456 1777 531 1807 opus
544 1771 675 1807 crescat,
690 1770 721 1798 et
737 1767 854 1798 umbroe
868 1767 956 1798 illum
969 1769 1185 1807 praestoleutur
1200 1769 1231 1800 in
1247 1769 1385 1801 omnibus
1397 1769 1486 1811 ripis.
1533 1771 1620 1802 Talis
1635 1771 1730 1802 OEai·

278 1818 340 1848 pus
349 1809 430 1849 petit
445 1819 595 1849 campum,
610 1813 640 1840 et
653 1810 738 1840 dixit
750 1809 856 1840 comiti
869 1810 998 1840 multum
1010 1810 1159 1848 gementi,
1176 1811 1258 1850 Duc,
1269 1821 1389 1851 precor,
1400 1813 1442 1844 ad
1455 1811 1578 1852 liberos,
1591 1817 1622 1844 et
1636 1813 1730 1852 injice

279 1853 402 1889 patrem
416 1851 448 1881 in
464 1861 568 1882 eorum
583 1851 718 1883 recentia
733 1853 893 1882 cadavera.
939 1851 1048 1882 Puelta
1063 1856 1225 1883 cunctatur
1246 1853 1358 1892 ignara
1377 1853 1452 1894 quid
1469 1854 1521 1886 ille
1540 1855 1643 1886 volvat
1659 1854 1728 1886 ani·

282 1902 342 1924 mo.
386 1892 497 1932 Arma,
509 1894 657 1932 homines,
672 1902 781 1924 currus
795 1893 965 1933 impediunt
980 1893 1074 1933 viam,
1090 1896 1120 1924 et
1134 1895 1297 1926 retardant
1312 1896 1382 1927 illoc
1395 1895 1436 1926 iis
1449 1895 1624 1936 implicitos.
1671 1896 1728 1928 Se-

283 1943 346 1966 nex
360 1944 443 1973 oegre
456 1935 572 1967 incedit
584 1945 640 1976 per
653 1937 766 1967 celsum
780 1935 935 1966 cumulum
949 1935 1126 1975 occisorum,
1142 1939 1171 1967 et
1186 1937 1374 1976 deploranda
1386 1938 1453 1969 dux
1458 1937 1636 1978 fatigatur.
1684 1939 1729 1970 Ut

877 2018 1117 2030 Onnum„

284 2081 403 2122 Erupit
425 2081 560 2114 tenebris
579 2083 669 2115 Dan.
695 2083 824 2123 Erepeit
847 2083 975 2114 latebris
989 2083 1128 2123 optimae
1144 2083 1277 2115 Barthii
1291 2084 1616 2118 membranae.—582
1636 2086 1730 2118 Dan.

272 2124 320 2165 fit
341 2124 465 2155 sordida
486 2124 677 2156 taba—583
701 2125 783 2156 Put.
806 2129 838 2156 et
861 2125 934 2155 duri
955 2125 1108 2164 sanguine
1132 2125 1353 2158 crinem—584
1380 2127 1625 2165 obnubitserale
1637 2131 1730 2168 capnt

283 2166 432 2197 correxit
455 2166 678 2198 Marklandus
703 2167 745 2198 ad
761 2167 856 2207 Sylv.
869 2176 903 2198 v,
918 2169 949 2198 1.
964 2169 1146 2198 mih—588
1163 2168 1287 2199 Behot.
1304 2171 1335 2200 1.
1352 2167 1455 2201 Aldd.
1471 2169 1580 2202 enlin.
1595 2169 1728 2211 Gryph.

284 2212 320 2240 et
335 2209 440 2241 Basil.
465 2209 554 2249 nigri
567 2219 609 2241 m.
620 2219 648 2241 s.
664 2209 783 2241 Averni
795 2220 806 2241 :
826 2209 1026 2240 Bernartius
1040 2210 1189 2241 correxit
1203 2219 1246 2241 ex
1259 2209 1359 2242 codd.
1372 2211 1730 2253 manuscriptb.—ffl

933 2293 1073 2326 NOTAE

326 2359 389 2389 582
412 2358 547 2389 Mortem
562 2356 787 2397 imperfectam]
809 2357 865 2388 Sic
880 2361 980 2388 vocat
1035 2356 1092 2388 vix
1104 2357 1213 2388 lucem
1229 2356 1383 2398 perferre
1394 2360 1546 2398 possunt.
1582 2356 1728 2391 Quidam

283 2407 493 2446 caecitatem3
518 2406 602 2438 caeci
617 2407 719 2444 enim,
736 2417 811 2438 cum
830 2416 894 2437 non
912 2405 979 2437 fru·
1034 2413 1070 2440 et
1085 2409 1186 2439 nimio
1202 2409 1327 2440 lumine
1343 2409 1448 2440 visum
1464 2408 1661 2440 amiserunt.
1697 2418 1706 2425 ⁶
1722 2445 1724 2447 r

284 2459 383 2487 antur
396 2457 484 2496 luce,
498 2465 596 2496 paeue
611 2456 734 2487 mortui
749 2455 964 2496 judicantur.
1074 2461 1136 2489 591
1159 2457 1335 2498 Magistro]
1359 2458 1486 2494 Nauta,
1497 2457 1677 2499 portitore.

327 2508 389 2536 583
419 2506 559 2545 Utraque
572 2505 719 2546 canities]
743 2505 875 2545 Capitis
890 2505 979 2536 scili·
1075 2510 1138 2539 592
1160 2507 1298 2547 Samala]
1312 2508 1382 2539 Pro
1397 2507 1586 2539 hominibus
1598 2506 1729 2547 posuit,

284 2559 352 2593 cet,
370 2558 406 2585 et
420 2555 549 2586 barbae.
1033 2561 1172 2588 secutus
1189 2557 1398 2595 Lucretium,
1425 2555 1482 2597 qui
1508 2555 1596 2587 dixit
1615 2554 1676 2587 lib.
1690 2563 1726 2587 v.

327 2606 392 2635 588
414 2604 513 2643 Pigri
533 2605 670 2635 sulcator
689 2604 824 2646 Averni]
845 2605 980 2637 Charon
1031 2605 1139 2637 ‘Inde
1166 2606 1233 2637 loci
1262 2607 1419 2637 mortalia
1449 2607 1549 2638 saecla
1572 2605 1728 2638 creavit!

283 2653 473 2685 Inferorum
490 2655 646 2694 portitor.
1033 2655 1079 2687 Et
1101 2655 1250 2686 ibidem:
1287 2655 1297 2673 ⁸
1312 2655 1397 2686 Tum
1423 2654 1486 2688 tibi
1515 2660 1607 2688 terra
1631 2653 1728 2686 dedit

325 2705 388 2733 590
412 2703 480 2734 Nec
496 2703 563 2744 ipse
585 2703 654 2744 diu]
679 2703 748 2736 Qui
769 2703 859 2734 enim
876 2703 933 2734 diu
945 2703 979 2734 in
1033 2704 1175 2746 primum
1191 2704 1347 2736 mortalia
1362 2704 1490 2736 saecla?

283 2752 433 2784 tenebris
448 2753 624 2795 sederunt,
641 2763 718 2786 cum
741 2753 820 2786 inde
835 2758 978 2794 exeunt,
1075 2756 1136 2785 595
1165 2752 1279 2794 Virgo]
1301 2752 1485 2794 Antigone.
