1858 3112
420 291 463 322 ι’.
493 286 687 322 rammi
718 289 886 322 sra'ru
918 288 1067 322 svnv.
1099 290 1196 323 ma.
1219 292 1294 325 111.
1324 283 1367 326 l.

155 379 367 428 mobmgae
382 385 524 428 juvenis
537 385 734 426 πολυμαθοῦς
747 393 862 418 emen-

158 436 282 478 datos
295 445 364 480 qua
398 436 541 469 ›Teleboae
571 436 781 478 postliminio
809 445 861 468 re-

158 487 290 527 deunt3
322 491 365 520 ut
390 495 450 520 eas
476 496 612 530 quoqne
638 487 690 519 M.
716 485 861 519 Adrian-

157 536 308 570 rumen.
323 537 358 569 in
374 545 472 569 auum
485 537 574 569 eod.
586 536 795 578 jampridem
810 546 862 569 re-

157 592 313 629 vocarat,
336 596 506 630 manuque
528 597 589 619 sua
605 587 859 629 adscripserat:

131 671 135 676 ,
155 638 268 671 ἣιοεκ
281 637 472 671 Aristotele
492 636 673 679 ἠΰς-φύσει
687 637 764 679 πρὸς
784 637 861 678 ἀλή-

87 722 94 733 ,
155 691 239 723 Um
251 687 390 732 φέρει-ω.
402 696 419 710 -2
432 689 598 731 Virgilius
614 689 690 721 AEn.
708 699 775 722 vn.
791 695 863 722 stat

155 745 221 782 pm
234 733 322 773 nus:
344 739 390 772 de
408 738 524 782 prisco
545 748 624 782 rege
640 740 864 782 Caprearum,

156 786 303 824 OEb'ah:
324 789 337 811 ⁴
354 799 455 833 quem
474 798 660 832 generasse
673 790 784 822 Telon
801 791 862 822 Se-

155 840 276 874 betlde
313 840 478 883 Nympha
507 841 646 877 Fertur.
674 841 862 873 Teleboum

157 891 311 934 Capreas
326 901 403 925 cum
427 901 533 934 regna
555 891 713 925 teneret!
736 892 863 925 Morelz.

157 955 160 957 ’
192 945 265 975 129
287 941 492 984 far-uhab]
514 942 593 975 Hoc
613 952 737 974 nomen
754 952 774 975 a
789 952 862 975 cos-

154 992 354 1035 mographis
385 992 654 1034 praetermissum
682 997 760 1024 est:
800 992 861 1024 sed

154 1046 243 1084 puto
255 1041 378 1075 fictum'
391 1051 469 1074 esse
485 1051 506 1074 a
517 1041 678 1084 Papinio,
692 1047 798 1085 atque
813 1043 863 1075 ita

156 1092 324 1135 appellat-l
353 1092 442 1125 viam
476 1092 686 1125 Herculeam
726 1098 862 1135 septem

153 1142 342 1176 mdiorum
366 1147 449 1175 ante
474 1143 660 1175 Lucrinum
696 1142 731 1174 in
763 1147 861 1176 exte-

155 1193 247 1227 riore
264 1198 387 1236 parte:
411 1192 512 1235 eujus
523 1192 752 1226 meminerunt
763 1193 860 1226 Stra-

154 1244 201 1277 bo
220 1247 263 1277 et
286 1243 487 1276 Diodorus:
522 1252 601 1275 nam
631 1247 769 1276 structa
805 1248 862 1276 est

154 1303 259 1328 causa
286 1293 575 1327 traducendorum
599 1294 715 1335 boum,
750 1295 862 1335 ταῦρος

154 1350 271 1378 autem
286 1344 557 1386 amentiae
573 1347 682 1377 taurus
691 1355 704 1383 ,·
727 1350 764 1376 et
779 1343 861 1381 βάλ-

152 1401 212 1438 M,
237 1395 340 1436 ,ios-io,
366 1396 450 1427 -aive
488 1394 630 1435 trosseio,
678 1395 861 1437 significat.

153 1446 256 1480 Unde
283 1445 480 1480 Tumbatoe.
503 1446 694 1478 Domitius.
740 1447 859 1478 Tauru-

152 1495 355 1539 bulaeTNon
378 1499 435 1533 eat
458 1495 600 1528 dubium
626 1496 786 1528 Thelebrae
802 1506 860 1536 ge-

153 1548 294 1581 nuinam
308 1546 494 1580 lectionem
513 1555 600 1578 esse.
645 1546 696 1578 Ea
710 1546 861 1578 debetur

153 1597 264 1631 Incio
275 1597 358 1630 sou.
371 1597 534 1638 Scoppae‚
547 1595 636 1629 Coll.
651 1596 711 1629 lib.
728 1605 754 1628 ι.
782 1606 859 1637 cap.

154 1650 211 1681 80.
254 1649 365 1691 Cujus
379 1648 525 1681 bominis
545 1647 744 1689 ignobilitas
762 1647 860 1687 fecit,

153 1703 197 1733 ut
206 1698 300 1732 idem
312 1699 467 1732 sentiens
477 1697 571 1730 Frid.
583 1698 814 1739 Lindenbrog.
825 1697 859 1729 in

153 1750 301 1793 vestigia
315 1750 392 1792 eju·
405 1750 610 1783 incurreret.
655 1749 728 1782 Nos
744 1754 859 1781 tamen

151 1801 232 1835 huie
259 1802 354 1834 illam
382 1804 561 1842 acceptam
604 1800 858 1832 restitutionem

153 1851 310 1892 ferimus,
326 1851 385 1894 qui
400 1855 455 1883 tot
469 1850 568 1883 bonis
583 1859 655 1882 rem
671 1850 858 1882 literarium

153 1900 331 1942 mactavit,
345 1909 424 1933 eum
440 1900 498 1932 ille
513 1900 602 1932 alter
613 1900 689 1941 plus
701 1899 859 1932 tenebra-

153 1961 229 1985 rum
239 1958 340 1996 quum
356 1951 443 1984 lucis
458 1951 676 1992 insperserit.
710 1950 790 1983 Non
805 1955 859 1983 at-

153 2003 245 2036 tinet
274 2006 390 2035 autem
428 2002 531 2044 plura
567 2001 747 2041 adnotare,
779 2011 858 2034 cum

153 2052 352 2096 G'eographi
379 2052 449 2086 sint
476 2052 513 2084 in
541 2052 693 2085 omnium
722 2053 857 2086 notitia.

198 2159 261 2190 1⁸5
279 2155 439 2198 Annius]
453 2155 523 2188 Vix
538 2156 648 2188 altero
662 2165 752 2189 anno
766 2156 859 2189 labo·

153 2207 316 2246 rabatur:
340 2207 396 2239 vel
413 2206 506 2249 quod
525 2207 657 2248 placet,
672 2208 731 2240 vix
747 2208 858 2240 altero

155 2267 247 2292 anno
260 2257 417 2291 redierat
439 2261 540 2291 aestas
560 2267 628 2301 qua
650 2258 859 2291 anhelamus.

196 2363 265 2396 1⁸9
283 2361 361 2394 Jum
379 2360 513 2403 placida
537 2361 617 2392 aaut
643 2359 738 2400 signa
762 2359 861 2402 tuba]

154 2411 203 2444 Et
220 2410 276 2457 hic
296 2411 422 2444 iterum
446 2420 519 2444 mos
534 2410 667 2452 priscus
685 2410 858 2452 tangitur:

154 2461 248 2495 tuboe
261 2462 360 2505 signo
375 2461 449 2494 ludi
470 2471 601 2501 omnes,
619 2461 723 2494 etiam
740 2460 859 2493 Sceni-

155 2511 202 2552 ci,
216 2512 402 2545 commissi.
423 2512 559 2544 Plinius
579 2512 640 2544 lib.
651 2520 692 2544 ιι.
709 2511 859 2553 Epistol.

153 2562 166 2581 ⁸
183 2559 441 2605 Qui-nunquam
455 2566 571 2595 castra
586 2561 758 2602 viderunt,
774 2569 861 2592 nun-

155 2622 258 2656 quam
281 2613 440 2646 tubarum
456 2622 575 2645 sonum
590 2612 658 2644 nisi
673 2612 707 2644 in
723 2616 860 2654 specta-

154 2663 244 2696 culis
258 2661 470 2696 audierunt!
512 2662 701 2704 Virgilius:
717 2663 727 2681 ⁴
743 2661 791 2695 At
806 2667 859 2694 tu—

155 2713 201 2746 ba
215 2713 413 2746 commissos
435 2711 549 2746 medio
563 2713 656 2745 canit
671 2722 794 2754 aggere
809 2713 860 2744 lu-

155 2763 244 2797 ‹lo-2
299 2763 532 2798 Quintilianus
563 2763 598 2795 in
634 2763 858 2796 Gladiatore:

155 2816 167 2834 ⁴
196 2814 374 2848 Sonabant
408 2816 568 2857 clangore
605 2814 708 2848 ferali
743 2815 861 2848 tubae-³

157 2864 237 2899 Alia
267 2864 316 2898 de
340 2865 394 2898 hi·
421 2865 527 2899 habes
556 2865 647 2908 apud
677 2871 861 2909 cognatum

1502 285 1616 328 1699

910 394 1023 418 meum
1046 385 1198 428 Lipsium
1217 388 1450 421 Saturnalium
1472 388 1561 422 libro
1577 399 1619 422 ιι.

911 444 988 477 quae
1030 446 1099 468 non
1136 447 1319 480 recoquam
1357 449 1435 480 ego.
1461 440 1617 473 Bel-nort.

911 486 1063 518 Fortibus
1094 487 1227 530 addens]
1252 488 1322 520 Ubi
1345 490 1617 532 congrediantur

910 540 948 568 et
977 541 1210 570 exerceantur
1237 538 1397 580 juvenes.
1456 541 1553 573 Dicit
1579 541 1617 573 id

910 587 1001 629 quod
1017 597 1122 630 supra
1137 594 1363 622 memoratum
1379 595 1454 624 est:
1479 592 1490 610 ‘
1504 592 1559 624 hic
1575 591 1620 624 ti·

911 636 946 669 bi
960 637 1077 679 festa,'
1090 640 1157 671 διο.
1195 639 1315 671 Fortia
1331 649 1431 672 sacra
1445 641 1551 673 etiam
1568 642 1617 674 ci-

912 693 966 720 tra
982 689 1192 731 sanguinem,
1213 690 1351 723 virtutis
1366 695 1404 723 et
1419 692 1540 724 virium
1557 702 1618 725 ex-

911 738 1105 779 perimenta
1120 739 1155 771 iu
1176 739 1339 772 honorem
1355 740 1534 773 fortissimi
1557 742 1618 774 he-

912 789 994 826 rois,
1021 789 1196 822 Herculis.
1243 791 1322 823 Non
1349 791 1457 833 igitur
1481 791 1636 826 accedi—'

910 849 985 871 mus
999 839 1022 873 J
1027 845 1101 871 usto
1115 840 1235 882 Lipsio
1251 841 1426 875 Saturnal.
1441 843 1500 875 lib.
1516 853 1561 877 ιι.
1585 854 1617 876 c.

912 892 966 922 14.
992 895 1028 922 et
1052 891 1126 932 eJus
1152 895 1300 933 cognato
1314 892 1348 926 J.
1365 893 1550 927 Bernartio
1574 895 1618 926 ad

910 939 1000 973 hunc
1025 941 1139 974 locum
1167 942 1303 974 sortibus
1330 943 1386 975 hic
1412 944 1618 985 legentibus.

911 991 991 1023 Non
1007 993 1098 1024 enim
1120 997 1173 1025 est
1193 993 1342 1034 Papinio
1362 993 1469 1036 digna
1489 1005 1618 1028 sermo-

910 1041 963 1073 nis
978 1052 1086 1082 mora,
1107 1053 1185 1085 quoe
1207 1043 1287 1076 hinc
1302 1046 1426 1078 oritur.
1470 1046 1517 1079 Et
1533 1047 1618 1089 quid

906 1097 965 1125 est
985 1093 995 1111 ‘
1007 1092 1200 1126 Ardentem
1217 1103 1356 1126 arenam
1371 1093 1502 1128 fumare
1519 1098 1618 1129 sorti-

908 1143 971 1176 bus
980 1143 1004 1176 ?'
1035 1144 1144 1176 Favet
1156 1144 1268 1176 eidem
1283 1146 1491 1178 correctioni
1505 1147 1618 1180 Emer.

909 1195 1075 1236 Cruceus,
1093 1205 1194 1238 quem
1218 1204 1297 1227 cum
1318 1194 1384 1227 illis
1407 1197 1618 1239 seponimus.

912 1245 1034 1278 Barth.

953 1298 1013 1328 141
1047 1299 1116 1328 Aut
1148 1297 1282 1339 Cyri-lice
1316 1301 1410 1340 pater
1436 1303 1620 1340 aspernetur

906 1347 1025 1389 opucae]
1058 1348 1147 1380 Ha’c
1186 1351 1240 1380 est
1276 1348 1440 1389 periocha
1470 1354 1619 1390 quatuor

908 1398 1212 1430 celeberrimorum
1246 1398 1395 1431 Graeciae
1431 1399 1612 1431 ludorum:

908 1449 1163 1491 Olympiorum,
1174 1450 1232 1492 qui
1245 1450 1288 1482 ab
1300 1450 1453 1483 Hercule
1464 1451 1545 1485 Jovi
1558 1451 1618 1484 Pi-

907 1509 976 1532 saeo
1014 1500 1168 1532 instituti
1204 1499 1362 1532 fuerant:
1402 1501 1619 1543 Pythiorum,

909 1551 967 1593 qui
982 1550 1137 1593 Apollini
1151 1551 1280 1592 Pythio
1293 1551 1489 1584 consecrati
1505 1558 1619 1593 erant,

909 1610 1010 1643 quem
1037 1601 1179 1643 Cyrrhae
1205 1606 1338 1642 patrem
1362 1602 1418 1634 hic
1443 1603 1618 1643 nominat,

909 1660 953 1683 ne
965 1651 1040 1693 quis
1053 1660 1130 1683 cum
1143 1651 1328 1683 Calderino
1337 1651 1619 1684 comminiscantur

909 1701 1027 1733 nescio
1057 1701 1139 1743 quid
1176 1700 1221 1733 de
1252 1700 1412 1742 Actiaco,
1439 1702 1531 1743 quod
1560 1702 1617 1734 hic

910 1751 1012 1792 plane
1042 1755 1096 1783 est
1135 1749 1400 1792 ἂπροσδιόνυσονς
1432 1755 1485 1783 est
1526 1751 1617 1783 enim

909 1802 1044 1843 cyrrha
1053 1801 1088 1832 in
1102 1801 1254 1833 Phocide
1265 1800 1356 1833 infra
1368 1801 1521 1843 Cyrphin
1535 1802 1619 1834 urbs

909 1852 1048 1894 antiqua
1076 1851 1120 1883 ad
1143 1860 1239 1883 mare
1261 1851 1340 1892 sita,
1363 1861 1383 1883 e
1407 1852 1544 1892 regione
1569 1852 1619 1883 Si-

909 1903 1053 1944 cyonis;
1074 1902 1166 1933 unde
1181 1901 1366 1934 adscensus
1383 1901 1541 1943 Delphos
1558 1911 1618 1943 pa-

910 1953 1010 1986 tebat
1033 1952 1154 1985 stadiis
1181 1952 1322 1984 circiter
1357 1955 1411 1984 80.
1458 1952 1619 1984 Straboni

909 2004 968 2037 lib.
982 2013 1035 2037 lx.
1051 2007 1087 2036 et
1099 2003 1280 2036 Eustath.:
1314 2003 1548 2044 Isthmiorum,
1560 2003 1620 2045 qui

909 2055 944 2087 in
960 2055 1072 2087 insula
1094 2055 1228 2087 Isthmo
1251 2054 1529 2094 celebrabantur,
1551 2063 1618 2085 non

908 2106 1012 2148 longe
1029 2117 1048 2138 a
1060 2106 1241 2147 Corintho,
1252 2106 1286 2138 in
1298 2107 1462 2138 honorem
1479 2105 1617 2146 Neptu-

909 2157 957 2197 ni,
983 2162 1022 2189 et
1050 2157 1258 2189 Palaemouis
1295 2156 1523 2189 Portumnive
1558 2165 1619 2187 seu

912 2208 1128 2242 Melicertae:
1161 2207 1386 2246 Nemeorum,
1405 2206 1463 2249 qui
1487 2205 1620 2238 Arche-

910 2268 1006 2291 moro
1031 2258 1137 2290 dicati
1167 2261 1267 2289 erant
1293 2257 1336 2289 ab
1359 2256 1511 2298 Argivis.
1556 2257 1619 2288 Est

910 2313 1027 2341 autem
1039 2308 1152 2341 Neme
1167 2307 1257 2340 inter
1272 2307 1416 2339 Cleonas
1427 2311 1464 2339 et
1479 2306 1620 2338 Phliun-

912 2365 993 2393 tem.
1016 2360 1145 2392 Mareu.

955 2413 1016 2443 14⁵
1034 2409 1177 2452 Scapulis
1186 2408 1384 2441 humentibus
1397 2408 1534 2449 herent]
1551 2408 1620 2440 Ma.

915 2461 1098 2494 Senensis:
1115 2459 1301 2492 virentibus.
1330 2458 1400 2490 Ms.
1412 2458 1504 2492 Flor.
1518 2459 1617 2490 Rom.

910 2513 1135 2553 Venetusque
1173 2510 1259 2543 Cod.
1298 2509 1484 2541 viventibus.
1538 2508 1619 2540 Scio

911 2562 993 2595 alibi
1020 2562 1031 2580 ‘
1044 2561 1168 2594 Vivum
1184 2569 1305 2592 saxum
1320 2559 1329 2574 ’
1355 2559 1424 2591 dici
1439 2569 1448 2591 ε
1468 2558 1528 2592 sed
1546 2559 1619 2591 unl-

910 2614 981 2646 lum
1007 2612 1149 2644 dubium
1174 2615 1239 2651 est,
1255 2610 1338 2653 quin
1354 2611 1533 2652 scripserit
1550 2611 1617 2642 Pa-

910 2665 985 2705 pin.
999 2663 1132 2704 scopulis
1154 2661 1318 2694 niventibus
1338 2662 1480 2699 haerent5
1503 2660 1536 2693 id
1553 2666 1619 2700 est,

909 2711 1121 2756 βρεχομένου.
1164 2712 1213 2744 Ut
1244 2712 1255 2730 ‘
1273 2711 1406 2744 Uvidus
1437 2711 1617 2752 aspergine

910 2764 1020 2796 multa
1035 2761 1239 2796 Desilieutis
1249 2771 1345 2804 aqum
1357 2771 1400 2794 ex
1415 2762 1486 2794 alto
1499 2760 1619 2793 lacus!

909 2813 1016 2848 Ovid.
1032 2813 1129 2845 Fast.
1144 2822 1198 2845 lv.
1223 2813 1361 2845 Gronov.
1377 2813 1487 2845 Diutr.

956 2867 1017 2898 14⁷
1044 2863 1188 2905 Gaurus]
1210 2863 1300 2897 Nam
1327 2861 1481 2896 Gaurani
1508 2860 1614 2893 conen
