1846 3120
262 239 385 286 1658·

265 348 330 380 viri
357 345 545 379 doctissimi
575 345 649 387 jam
673 354 741 377 non
770 345 960 378 attulerint.

264 397 357 429 Vide
374 406 434 428 nos
450 395 492 427 ad
509 395 687 433 Claudiani
711 395 853 427 Sextum
871 395 960 427 Con-

266 448 411 479 sulatum
435 445 683 485 Honorianum,
722 454 756 476 v.
779 445 823 476 D.
850 446 892 477 V.
918 446 960 478 B.

263 495 477 528 Brissonium
494 495 725 526 Formularum
741 495 805 527 lib.
821 504 845 526 1.
875 495 961 527 Gre-

269 545 399 586 gorium
423 544 681 585 Bersmannum,
704 544 894 577 Comment.
919 545 960 576 ad

268 595 403 637 Virgilii
415 595 544 636 Georg.
558 603 599 626 11.
622 594 658 627 J.
673 595 904 627 Passeratium
917 594 961 627 ad

267 645 429 687 Propert.
442 646 501 678 lib.
513 654 554 677 11.
570 646 667 686 Eleg.
682 648 735 678 19.
758 646 875 678 Barth.

260 717 265 724 .-
308 697 431 729 Canu.
456 706 488 728 v.
519 696 675 728 Balneum
696 697 839 738 Etrusci]
876 698 961 729 Mss.

265 748 421 780 Balneum
433 749 559 780 Claudii
570 747 710 780 Etrusci.
733 749 843 782 Recte
859 761 868 782 :
882 759 960 783 nam

260 798 347 839 quia
361 798 522 830 Claudius
542 807 618 830 eum
645 798 774 840 prImus
790 801 960 842 provexit,

259 857 387 880 :nomen
402 847 444 879 ab
461 848 518 879 illo
533 853 676 888 patrono
692 850 835 890 accepit.
872 851 960 883 Con·

262 896 381 929 firmat
398 897 555 939 praefatio
568 898 657 930 libri.
683 899 820 932 Gronov.

260 961 263 964 >
307 950 326 979 1
351 947 427 979 Non
451 947 640 989 Helicona]
661 949 882 990 Cantaturus,
911 951 960 983 in-

262 997 353 1039 quit,
368 997 412 1030 de
428 997 522 1040 aquis
539 1001 574 1029 et
588 997 727 1030 fornace
750 999 875 1040 balnei,
893 1008 959 1032 non

259 1057 435 1080 accersam
462 1047 600 1089 aliquod
630 1058 752 1081 numen
790 1059 831 1081 ex
864 1051 959 1082 Heli-

257 1106 351 1129 cone
372 1108 382 1137 ;
427 1097 487 1129 sed
524 1098 691 1131 invocabo
728 1100 890 1141 nymphas
922 1104 960 1133 et

263 1148 454 1180 Vulcanum
471 1148 554 1180 alius
565 1152 673 1181 coetus
687 1150 875 1183 numinum.
890 1149 959 1183 Do-

264 1198 386 1230 mitius.

305 1254 326 1282 4
352 1250 398 1282 Tu
411 1258 525 1291 quoque
546 1254 633 1283 mutu
648 1251 743 1291 seroe,
764 1252 886 1284 volucer
903 1252 958 1284 Te-

259 1309 358 1341 geaee,
381 1311 499 1333 sonorae
528 1302 630 1342 Terga
649 1301 787 1343 premas]
812 1302 888 1334 Non
906 1308 958 1335 est

256 1351 484 1382 dubitandum
500 1351 544 1382 de
569 1350 631 1382 1130
658 1351 821 1383 Politiani
844 1361 956 1383 emen·

260 1400 415 1441 datione,
433 1410 532 1442 quam
561 1411 700 1442 magnus
720 1402 872 1442 Scaliger
897 1408 957 1434 sua

259 1458 362 1481 manu
379 1450 412 1481 in
430 1460 490 1482 suo
509 1450 627 1483 codice
643 1450 805 1483 firmarat.
825 1454 835 1469 ⁶
848 1450 955 1483 feram

261 1500 444 1540 sonoram,’
467 1501 672 1533 testudinem
690 1505 801 1533 vocat.
844 1502 956 1543 Vulgo

258 1550 380 1591 inepte
395 1551 540 1591 legitur:
557 1551 659 1592 Tuque
673 1552 891 1590 inimicaserae
905 1562 956 1584 vo·

256 1599 345 1631 lucer
370 1600 495 1639 Tegeaee
508 1610 635 1631 sonoroe.
679 1602 725 1632 Et
749 1601 896 1642 ineptius
922 1602 955 1632 in

257 1658 390 1690 nupera
407 1650 490 1681 edit.
509 1650 695 1682 Parisiensi
722 1652 815 1683 nullo
832 1661 955 1684 sensu:

261 1698 365 1740 Tuque
378 1700 503 1731 inimico
516 1700 592 1738 fera
612 1701 732 1731 volucer
748 1701 878 1741 Tegoeus
902 1703 955 1734 110-

259 1757 334 1780 nore
350 1751 450 1789 Terga
462 1759 596 1790 premas,
611 1752 665 1791 ἅμ.
690 1750 833 1783 Gevart.
897 1752 956 1784 Vo-

258 1801 344 1832 lucer
362 1802 503 1842 Tegea’e]
526 1802 730 1834 Mercurius.
746 1802 756 1820 ‘
770 1800 878 1834 Arcas
892 1802 955 1834 Te-

258 1853 414 1892 geaticus
427 1852 436 1867 ’
452 1852 530 1883 alibi
547 1853 702 1893 Papinio.
727 1853 773 1884 Et
789 1853 799 1870 ‘
812 1852 855 1884 de
871 1853 955 1885 Mae-

257 1903 357 1934 naliae
395 1903 532 1935 volucer
574 1903 776 1943 Tegeaticus
815 1903 955 1936 umbra.’

255 1953 425 1986 Boethius
448 1955 471 1985 1.
496 1963 546 1985 iv.
567 1953 667 1985 Cons.
687 1953 773 1984 Phil.
796 1955 805 1972 ‘
820 1954 954 1985 Numen

256 2004 404 2037 Arcadis
420 2004 535 2044 alitis,’
550 2006 615 2036 &c.
638 2004 755 2035 Barth.

302 2058 323 2087 6
348 2055 472 2086 Naidas
495 2053 662 2093 undarum]
697 2055 810 2094 Nunc,
833 2055 953 2096 iuquit,

258 2104 339 2136 dum
362 2104 512 2135 ‘imbelli
537 2103 665 2135 cithara
687 2104 845 2135 Carmina
869 2105 954 2136 divi-

257 2156 328 2197 do,’
347 2161 382 2188 et
399 2155 638 2187 thei-mularum
666 2153 804 2186 delicias
830 2164 954 2187 memo—

259 2216 336 2239 rare
353 2206 544 2248 aggredior,
562 2205 642 2236 satis
658 2210 711 2236 est
724 2214 800 2235 cum
815 2205 953 2237 Charite

260 2256 444 2289 Homerica
465 2256 652 2287 Vulcanum
681 2254 866 2286 advocare:
895 2254 955 2285 “H-

260 2314 376 2348 φαιστε
405 2305 535 2348 πρόμολ’
561 2303 627 2336 ὧδε·
655 2303 744 2336 Θέτις
768 2303 804 2335 νύ
832 2314 862 2336 τι
888 2306 953 2336 σεῖο

256 2357 396 2398 χατίζει.
432 2356 598 2397 Virgilio:
617 2355 833 2395 ‘ignipotens
848 2364 953 2395 opera

257 2409 303 2441 ad
320 2408 456 2440 fabrilia
475 2405 607 2447 surgit!
652 2406 697 2437 Et
711 2414 719 2437 t
735 2406 745 2423 ‘
760 2404 952 2437 fornacibus

257 2460 349 2500 ignis
366 2456 529 2489 anhelat)
553 2456 677 2487 Morele.

298 2512 319 2540 8
346 2507 471 2548 Thebae]
499 2506 715 2547 Apostrophe
742 2505 784 2537 ad
810 2505 954 2538 Thebai-

256 2559 334 2590 dem
361 2568 460 2600 quam
488 2556 726 2597 componebat,
758 2556 854 2597 cujus
877 2566 952 2588 car-

255 2619 333 2641 men
371 2608 582 2647 intermittit,
618 2611 654 2637 ut
689 2606 776 2638 hauc
812 2607 950 2647 Sylvam

254 2661 360 2690 canat
374 2658 407 2689 in
421 2658 564 2698 gratiam
584 2657 717 2688 Etrusci
734 2655 870 2688 sodalis.
885 2658 950 2689 Do-

254 2708 377 2740 mitius.

251 2782 258 2788 .
299 2761 340 2790 10
361 2759 469 2797 Junge
482 2765 559 2798 puer
574 2757 711 2797 cyathos,
723 2760 814 2798 atque
829 2766 949 2789 enume⁶

254 2818 327 2842 rare
352 2806 472 2848 labora]
493 2805 661 2842 Referunt
690 2807 753 2839 hoc
779 2807 948 2849 interpre-

725 249 864 282 No'rAE
897 248 1157 281 VARIORUM
1190 249 1243 281 IN

1012 348 1065 376 tes
1090 344 1132 376 ad
1160 353 1289 376 morem
1312 343 1623 386 convivalem5qu·
1649 347 1703 377 r&

1005 399 1150 436 ceptum
1167 399 1240 425 erat
1255 398 1294 425 ut
1309 394 1343 425 in
1357 394 1521 425 honorem
1536 393 1704 427 amicita

1010 444 1134 476 calices
1150 444 1340 484 ebiberent,
1353 449 1438 486 quot
1463 443 1588 476 litteras
1603 443 1636 475 in
1650 443 1702 485 ip—

1010 494 1079 526 sius
1091 494 1224 526 nomine
1241 499 1351 526 eraut.
1395 492 1495 527 Quod
1510 498 1547 526 et
1563 493 1702 526 Martin-

1011 543 1051 574 lis
1066 543 1194 575 innuit:
1218 544 1228 560 ‘
1242 544 1275 575 N
1279 543 1365 575 aevia
1379 552 1440 574 sex
1456 542 1601 584 cyathis,
1623 546 1702 584 sep'·

1011 597 1080 626 tem
1094 594 1230 627 Justina
1255 592 1415 625 bibatur.’
1457 592 1526 625 Sed
1542 592 1620 624 mihi
1634 595 1702 624 m

1009 643 1050 676 fit
1066 644 1260 685 verisimile,
1283 644 1431 676 Statium
1454 642 1546 675 nullo
1567 642 1702 677 nomine

1010 703 1187 735 expresso,
1202 694 1257 725 vel
1269 693 1456 735 proposito,
1473 693 1562 725 1111110
1575 697 1702 725 morem

1010 748 1164 786 tangere.
1206 744 1248 776 Iu
1280 743 1435 785 principe
1462 742 1546 775 edit.
1568 743 1703 775 venees

1008 799 1086 828 est:
1106 795 1214 834 Junge
1228 804 1305 835 puer
1318 794 1446 836 cyathos
1469 796 1501 825 et
1525 798 1702 825 enumerare

1010 847 1125 879 labora.
1169 847 1270 879 Unde
1286 846 1567 888 elegantissimum
1582 845 1701 877 lectio·

1009 907 1084 929 nem
1101 897 1219 930 elicuit
1245 896 1531 938 ingeniosissimus
1553 896 1596 928 P.
1610 894 1702 928 Seri·

1009 950 1121 981 verius
1134 961 1142 980 ι
1164 950 1272 989 Junge
1284 959 1361 990 puer
1375 948 1513 991 cyathoa,
1525 947 1578 980 sed
1588 955 1631 979 ne
1642 952 1700 979 fluv

1007 1009 1126 1032 merare
1140 999 1262 1031 labora.
1304 999 1390 1031 Vult
1405 996 1614 1039 enimpoetn
1633 996 1704 1028 lsr-

1008 1050 1083 1091 gius
1099 1059 1175 1082 sese
1199 1049 1347 1081 invitare
1372 1052 1408 1080 et
1430 1055 1703 1088 uumernmzeya·

1007 1099 1140 1132 thorum
1152 1097 1374 1139 confundere,
1387 1097 1532 1139 ideoque
1547 1103 1614 1129 non
1627 1095 1703 1142 vult

1006 1150 1110 1182 ullum
1137 1148 1303 1184 arbitrum
1334 1157 1422 1188 esse,
1449 1155 1548 1189 qnam
1575 1146 1700 1178 multos

1006 1200 1190 1232 exhauriat.
1233 1200 1289 1231 Sic
1316 1198 1465 1240 loquitur
1489 1197 1642 1230 Catullus
1656 1195 1700 1228 ad

1003 1251 1181 1283 Lesbiam:
1197 1251 1207 1268 ι
1221 1250 1274 1281 Da
1289 1248 1370 1280 mihi
1385 1240 1701 1287 basia‘mille,deiu·

1007 1301 1050 1332 de
1066 1305 1216 1339 centum,
1245 1300 1335 1331 Dein
1361 1298 1455 1330 mille
1474 1298 1597 1336 altera,
1621 1295 1700 1327 dein

1006 1350 1158 1382 secunda
1187 1353 1334 1388 centum,
1367 1348 1458 1379 Dein
1483 1352 1561 1379 cum
1594 1344 1700 1379 millia

992 1392 1114 1433 ‘multa
1127 1400 1321 1440 fecerimus,
1333 1397 1618 1431 Conturbabimus
1629 1396 1701 1436 1113,

1004 1461 1049 1483 110
1066 1451 1223 1490 sciamus,
1238 1449 1310 1482 Aut
1326 1459 1370 1481 ne
1386 1449 1460 1491 quis
1483 1448 1591 1480 malus
1612 1447 1699 1479 invi·

1007 1501 1089 1532 dere
1103 1501 1222 1542 possit,
1244 1500 1330 1532 Cum
1357 1504 1487 1532 tautum
1512 1497 1601 1530 sciat
1623 1505 1700 1528 esse

1002 1550 1196 1583 hasim-um!
1239 1550 1318 1582 Sine
1345 1549 1450 1581 dubio
1466 1547 1505 1580 τὸ
1519 1550 1624 1588 utque,
1649 1546 1700 1578 iu·

1007 1602 1213 1642 terpolatum
1229 1604 1282 1632 est
1298 1611 1317 1632 a
1333 1599 1529 1635 Calderino,
1549 1606 1625 1630 eum
1648 1596 1698 1628 vi·
1726 1596 1728 1598 ’

1006 1651 1105 1683 deret
1117 1650 1212 1690 illud,
1225 1653 1256 1682 et
1264 1658 1442 1682 enumerare
1451 1648 1566 1684 labora,
1578 1655 1697 1679 versus

1005 1702 1111 1742 legem
1127 1710 1297 1742 spernere.
1321 1700 1430 1731 Nemo
1444 1703 1558 1730 autem
1572 1696 1695 1736 nescit,

1005 1751 1139 1792 quoties
1156 1751 1189 1782 in
1206 1754 1290 1782 vett.
1306 1748 1480 1781 codicibus
1508 1751 1538 1779 et
1566 1746 1697 1788 procel

1005 1806 1167 1842 corrupte
1193 1801 1337 1842 legatur,
1359 1809 1400 1831 ex
1419 1802 1552 1831 vetusta
1564 1797 1699 1830 scilieet

1006 1851 1179 1883 scribendi
1209 1851 1355 1891 ratione,
1382 1859 1449 1891 qua
1475 1857 1610 1889 semper
1635 1851 1697 1887 set,

1004 1911 1072 1941 11οῃ
1085 1903 1137 1933 sed
1153 1901 1351 1932 exarabant.
1408 1900 1461 1931 De
1473 1909 1539 1941 quo
1551 1907 1616 1930 11011
1632 1906 1698 1930 11110

1003 1953 1078 1984 1000
1093 1952 1136 1983 311
1151 1951 1342 1982 Martialem
1355 1959 1450 1982 suum
1467 1949 1556 1980 idem
1569 1948 1697 1981 amicus

1003 2007 1120 2034 noster
1134 2001 1383 2032 P.Scriverius.
1418 2000 1429 2018 ⁴
1442 1998 1616 2040 Jungere,'
1638 2008 1697 2030 nu-

1005 2057 1087 2091 tem,
1106 2051 1116 2068 ‘
1129 2049 1294 2093 cyathos‚’
1322 2055 1376 2081 est
1397 2049 1470 2080 sine
1497 2048 1695 2081 intermissi·

1003 2112 1069 2135 one
1084 2111 1219 2142 semper
1232 2110 1337 2132 novos
1352 2099 1598 2131 exhauriendos
1621 2108 1696 2140 por*

1001 2154 1126 2194 rigere.
1146 2152 1277 2183 Gevart.
1307 2152 1414 2190 Junge
1423 2159 1512 2191 puer,
1527 2149 1596 2191 ξω]
1611 2149 1696 2182 Cum

1000 2205 1160 2237 biberent
1179 2204 1219 2234 ad
1245 2205 1378 2234 nomina
1404 2202 1586 2233 amicorum
1615 2201 1697 2232 nmi-

1001 2265 1160 2287 carumve
1191 2253 1399 2285 numeranda
1433 2256 1532 2284 erant
1560 2250 1695 2282 omnino

1001 2307 1137 2346 pocula,
1146 2310 1185 2336 ut
1195 2305 1250 2336 lex
1262 2304 1502 2336 observaretur
1512 2299 1692 2340 συμποτική.

1001 2357 1179 2396 Gontiana,
1192 2354 1315 2396 inquit,
1326 2352 1480 2394 cyathos,
1489 2361 1585 2392 puer,
1596 2351 1694 2382 alios-

1000 2416 1068 2448 que
1083 2415 1185 2447 super
1200 2405 1283 2436 alios
1301 2403 1495 2444 porrige,et
1510 2401 1583 2442 ipse
1601 2401 1693 2432 labo-¹

1001 2463 1069 2487 rem
1086 2465 1178 2487 sume
1195 2452 1413 2486 enumerandi
1427 2462 1435 2483 ε
1460 2451 1540 2482 mihi
1556 2460 1622 2482 non
1639 2460 1694 2482 vm

1000 2510 1068 2545 cat,
1103 2505 1160 2547 qui
1196 2504 1301 2544 inter,
1317 2500 1499 2533 bibendum
1530 2500 1693 2532 Hetrusci

1000 2565 1084 2588 cano
1111 2555 1244 2587 balnea.
1281 2553 1418 2584 Gronov.
1433 2550 1560 2582 Observ.
1581 2550 1636 2583 lib.
1651 2558 1693 2582 11.

999 2615 1068 2646 ‘’⁰1’ae
1085 2609 1117 2637 3·

1045 2657 1084 2687 13
1109 2654 1253 2694 Dumque
1265 2661 1383 2693 procax
1397 2648 1521 2691 myrtis]
1535 2648 1692 2680 Callima·

1000 2707 1082 2738 chus
1098 2705 1206 2745 primo
1222 2701 1438 2742 Anthologiae
1448 2699 1611 2740 epigram.
1625 2700 1691 2730 Tit.

999 2757 1041 2789 In
1058 2755 1198 2788 Poetas.
1219 2753 1315 2785 ’Ὅσαι
1330 2752 1451 2783 Μοῦσαι
1465 2749 1515 2781 καὶ
1530 2748 1580 2781 οἷα
1594 2748 1692 2792 εὖρον.

1001 2805 1100 2839 Κλειὼ
1116 2802 1305 2845 καλλιχόρου
1319 2799 1441 2843 κιθάρης
1454 2799 1601 2840 μελιηδέα
1612 2806 1692 2840 μολ.

1805 2992 1843 3120 01141»
1816 2962 1823 2969 ⁴
1815 2912 1844 2947 τ*
