1858 3112
429 231 470 262 P.
502 229 696 262 PAP1N11
730 226 903 261 STA'rll
936 227 1087 260 SYLv.
1123 228 1222 259 [AB.
1248 228 1305 259 ΙΙ.
1333 217 1376 259 l.

166 327 293 360 mulum
315 326 520 370 adoptavit3
543 325 601 368 qui
623 334 660 358 se
686 330 724 361 et
750 324 874 357 fratres

168 379 280 412 voluit
295 378 444 413 Arvales
454 376 620 410 nominari
634 388 644 409 x
665 375 754 408 unde
767 374 874 407 Arva·

160 430 246 464 lium
258 428 446 471 collegium
456 427 587 461 dictum
603 431 668 468 est,
683 431 720 460 et
734 426 872 458 iustitu-

164 485 239 514 tum
253 489 298 513 ne
307 480 424 522 plures
437 488 539 522 quam
552 477 735 510 duodecim
744 480 872 510 esseut.

107 556 114 563 .
163 530 299 564 nomn
313 529 462 571 insignia
482 533 584 563 erant
605 528 724 571 spicea
745 536 873 560 corona

86 614 89 615 γ
161 584 201 614 et
214 579 345 613 inf-12.
388 578 523 612 Plinius
537 578 638 620 hujus
654 577 789 619 collegii
803 587 873 610 me-

163 629 287 665 minitz
319 631 331 650 ‘
346 628 584 672 Neglexmt:
616 629 741 672 inquit,
777 629 788 647 ‘
805 628 872 661 Ilia

161 686 275 717 mter
286 682 482 723 Romulum,
495 680 558 715 sed
573 680 668 715 Acca
681 679 799 713 nutrix
813 689 871 712 cu·

162 732 290 768 rabat!
312 733 413 767 lde-⁸.

206 786 270 817 los
298 783 508 826 vagumque
527 781 652 823 rudem]
678 781 870 823 Vagitauus

163 834 262 869 Dens
288 833 472 869 infantium
495 833 667 876 vagitibus
682 831 870 874 praefectus

160 882 241 925 fuit,
255 888 294 917 ut
303 894 414 927 penes
429 894 531 927 quem
546 884 638 916 vocis
647 884 801 916 humauoe
817 892 869 915 es-

161 939 242 975 sent
252 934 367 976 initia,
381 939 522 969 anctore
537 935 694 969 Varrone
709 933 803 976 apud
818 934 868 967 D.

159 984 310 1027 August.
320 985 426 1020 Civit.
438 985 524 1027 Dei,
533 984 593 1019 lib.
607 993 678 1018 vn.
700 983 868 1017 Fabulino

162 1041 279 1072 autem
294 1038 375 1071 Deo
390 1037 491 1072 Rom.
512 1035 767 1077 sacrificabant,
788 1045 866 1068 cum

159 1087 306 1130 primum
329 1086 492 1129 fabulari,
519 1087 555 1120 id
581 1091 647 1128 est,
675 1085 868 1129 fari‚pueri

156 1137 387 1180 incipiebant,
414 1138 493 1172 eod.
514 1138 617 1171 Varr.
640 1141 745 1178 teste,
774 1136 868 1178 apud

159 1188 325 1226 Nonium.
369 1189 460 1222 Plin.
493 1188 552 1222 lib.
582 1196 667 1222 vm.
703 1189 715 1208 ⁴
731 1187 869 1220 Natura

158 1238 328 1276 bominem
352 1243 487 1273 tautum
502 1238 645 1279 nudum,
659 1242 695 1270 et
717 1237 751 1270 in
776 1238 869 1270 nuda

159 1289 274 1332 humo,
301 1291 408 1323 natali
436 1289 495 1323 die
522 1289 643 1332 abjicit
666 1288 710 1321 ad
734 1288 868 1331 vagitus

156 1341 276 1375 rtatim
307 1346 344 1374 et
374 1342 567 1384 ploratum:
590 1341 790 1382 nullumque
817 1344 870 1373 tot

157 1392 354 1430 auin-lium
378 1392 472 1426 aliud
495 1391 636 1434 pronius
661 1391 706 1424 ad
736 1391 870 1433 lachry-

157 1443 258 1478 mas?
300 1442 466 1486 synesius
489 1442 603 1484 Epist.
626 1445 681 1475 90.
700 1441 747 1475 ad
759 1442 868 1475 Theo-

157 1492 310 1535 philam:
329 1492 451 1535 mov,
475 1491 504 1525 εἰ
528 1491 687 1533 μηδέποτε
707 1491 787 1533 μετὰ
806 1494 870 1527 τῶν

157 1543 389 1586 εὐημερούντων
406 1541 599 1585 στησόμεθα,
613 1544 680 1577 τοῖς
695 1542 729 1576 δὲ
744 1542 868 1576 κλαίου-

157 1606 210 1629 σαι
221 1594 270 1629 sd
283 1592 547 1638 σωδακρύσομα.
591 1594 710 1636 Iniqua
733 1603 803 1626 sorr
820 1605 868 1628 es·

155 1650 219 1688 m,
241 1646 272 1681 ri
294 1657 366 1681 cum
377 1646 527 1679 hilariter
540 1648 571 1678 et
587 1644 675 1678 beate
684 1645 871 1685 degentibus

154 1695 870 1740 manumet-sarmursstoumflentibue

154 1757 276 1790 nemer
296 1747 382 1790 flers
402 1756 590 1780 amemus.
610 1745 676 1778 ‘Id
692 1755 775 1779 vero
792 1746 868 1788 quis

138 1798 351 1841 oelegautius
373 1797 549 1840 expressit
572 1806 673 1839 quam
690 1796 867 1837 Palladas,

153 1849 246 1884 visne
256 1847 586 1891 Hamae-Speculo
593 1847 871 1889 Epigrammate?

155 1899 344 1944 Autholog.
371 1899 436 1934 lib.
461 1909 504 1934 u.
527 1899 569 1934 Τ.
586 1901 640 1932 19.
676 1897 868 1940 Δωφυχέων

154 1951 303 1994 γενόμην,
324 1949 378 1990 ml
403 1949 563 1993 δακρύσας
582 1947 778 1988 ἀποθνήσκω.
801 1948 866 1984 Δά-

153 2011 242 2044 κρυσι
261 2001 292 2034 δ’
319 2001 354 2034 ἐν
374 2001 508 2038 πολλοῖς
521 1999 579 2033 τὸν
591 2000 663 2038 βίον
677 1998 766 2043 εὗρον
780 2000 866 2035 ὅλον.

146 2050 193 2087 Ὠ
202 2051 295 2095 *yber
302 2052 468 2096 &reparer
472 2051 717 2095 πολυδάκρυτον,
728 2052 869 2095 ἀσθενὲς,

153 2103 291 2148 οὶκτρδν,
302 2104 476 2148 ,nostwet
489 2103 573 2138 κατὰ
584 2106 656 2146 γῆς,
670 2103 723 2137 καὶ
741 2103 866 2142 ,maa-›6-

153 2167 260 2196 μανον.
289 2156 392 2192 Quod
407 2155 530 2190 iisdem
540 2155 692 2192 numeris
704 2157 779 2189 Lat.
788 2156 865 2189 red-

153 2206 268 2245 dimus
279 2218 289 2238 2
313 2208 421 2244 Natus
433 2217 503 2241 um
517 2208 705 2250 lacrymans,
717 2208 867 2250 lacrymis

153 2261 303 2295 desertor
323 2259 454 2300 οὸοήίε,
476 2259 516 2293 In
531 2260 639 2293 mnata
653 2259 802 2303 lacrymis
815 2260 864 2293 vi-

152 2313 248 2353 equ
265 2314 334 2344 eoe-
352 2320 422 2344 m
435 2313 495 2344 ere.
542 2311 573 2342 0
585 2320 686 2351 genus
697 2311 865 2344 humanum

153 2360 365 2404 mule,
377 2360 489 2402 debile,
500 2364 532 2394 et
546 2370 680 2402 amm,
693 2361 785 2398 Quod
794 2371 863 2404 rep.

152 2412 462 2454 mummi-›itm-
471 2415 566 2454 utque
586 2413 660 2444 rolo-
681 2412 820 2445 Morell.

196 2465 262 2496 1⁰6
283 2463 338 2498 Ad
350 2462 490 2504 miros]
507 2462 562 2496 Ad
579 2463 726 2505 primum
741 2461 860 2496 flatum

153 2513 262 2549 austri
276 2513 335 2556 qni
357 2513 474 2546 exurit
495 2513 632 2546 herbas.
675 2513 861 2547 AEmulatio

152 2567 206 2601 est
230 2563 439 2605 virgiliana:
462 2572 541 2597 nam
554 2563 616 2599 ille
629 2568 776 2597 mortem
793 2565 861 2598 En·

152 2613 240 2656 ryali
254 2623 318 2656 per
332 2614 552 2656 languentem
573 2612 691 2647 florem
719 2624 860 2658 expres-

152 2666 222 2700 sltt
243 2666 255 2684 ‘
268 2666 470 2709 Purpureus
485 2666 590 2698 veluti
605 2676 683 2700 cum
698 2665 762 2700 flos
780 2677 859 2701 suc·

151 2716 244 2750 cinus
251 2721 370 2751 aratro
382 2716 590 2759 Languescit
599 2717 775 2751 moriens!
788 2718 859 2750 Do·

196 2821 261 2855 uo
283 2818 360 2854 Sive
381 2819 536 2855 menam
556 2822 705 2855 mnus
720 2819 861 2855 membra

1521 218 1636 261 1673

920 323 1085 365 poledris]
1114 322 1311 365 Implicitis,
1341 322 1392 356 διὰ
1418 321 1477 355 τὰς
1502 322 1633 355 πλοκάς.

924 376 1094 410 Ausonius
1110 375 1199 418 Idyl.
1216 384 1275 408 xv.
1290 377 1299 393 ‘
1313 374 1401 415 1ras,
1412 373 1635 415 insidiasque,

921 432 1170 469 catenatosque
1190 426 1327 459 labores
1342 424 1532 458 Mutandos
1544 434 1635 456 sem-

922 489 987 521 per
1021 477 1262 521 gravioribus?
1311 477 1381 509 Pro
1411 475 1636 515 ‘continuis‚'

922 529 1061 572 quaudo
1085 528 1178 560 τόνος
1205 527 1290 568 πόνῳ
1309 526 1411 560 πόνων
1424 524 1521 571 φέρει.
1564 526 1633 559 Ca*

922 580 1061 615 tirenum
1071 579 1128 622 qui
1143 588 1222 612 cum
1241 578 1450 620 aspiratione
1466 576 1635 615 scribunt,

922 629 1100 663 notatione
1113 629 1237 661 Graeca
1252 627 1314 661 niti
1331 632 1486 668 possum,
1499 626 1584 668 παρὰ
1595 626 1636 659 τὸ

920 679 992 713 καθ’
1006 678 1072 720 ἕνα,
1095 689 1116 712 a
1131 679 1220 712 serie
1237 678 1453 713 annulorum.
1478 678 1610 710 Mareu.

965 735 1028 766 114
1050 731 1238 773 Menandri]
1266 731 1344 764 Quo
1373 730 1510 765 nomine
1533 730 1635 763 multi

919 781 1060 816 fuerunt
1077 793 1086 814 :
1109 788 1147 816 ut
1173 787 1228 816 est
1253 781 1344 824 apud
1365 781 1505 814 Suidam
1521 781 1632 822 Diop-

921 833 1011 877 pidis
1033 833 1136 874 filius,
1151 833 1282 874 luscus,
1296 833 1407 865 insani
1420 832 1454 864 iu
1470 832 1633 865 mulieres

922 884 1061 917 amoris.
1106 884 1272 916 Personis
1302 882 1479 916 comoediae
1517 882 1633 923 expri-

918 935 1050 968 mendis
1079 934 1271 967 excelluit:
1310 934 1381 966 suis
1419 933 1633 975 temporibus

919 985 1135 1028 posthabitus
1162 984 1371 1024 Philemoni,
1394 983 1512 1026 iniquo
1535 983 1632 1024 vulgi

912 1036 1048 1079 judicio
1063 1036 1106 1069 ab
1121 1045 1164 1069 eo
1178 1045 1272 1077 saepe
1288 1036 1415 1076 victus,
1428 1044 1504 1067 cum
1516 1039 1632 1069 tamen

918 1091 1115 1130 praestaret.
1133 1086 1224 1130 quod
1240 1086 1419 1128 sequentia
1434 1086 1553 1118 secula
1573 1094 1632 1126 ag,-

918 1143 1099 1171 noverunt.
1160 1137 1248 1170 Inde
1278 1136 1475 1170 Martialis:
1513 1136 1523 1154 ‘
1539 1136 1632 1167 Rara

917 1194 1082 1223 coronato
1094 1189 1251 1231 plausere
1263 1188 1398 1230 theatra
1412 1186 1631 1220 Menandro:

920 1241 1053 1275 Auctor
1067 1241 1151 1274 item
1165 1240 1306 1273 Fabius.
1349 1240 1393 1272 ln
1415 1239 1546 1273 Thaide
1568 1247 1630 1280 po·

919 1293 1089 1326 tissimum
1105 1296 1220 1324 scorto
1231 1291 1282 1324 sui
1300 1290 1466 1333 temporis
1481 1290 1631 1332 argutis·

919 1344 1004 1376 sime
1029 1343 1135 1376 lusit:
1169 1341 1261 1373 unde
1286 1341 1392 1373 Thais
1416 1340 1631 1373 Menandrea

919 1394 1014 1427 dicta
1042 1398 1109 1427 est.
1154 1393 1279 1426 Domi&
1326 1393 1410 1425 Orsa
1440 1391 1631 1433 Menandri]

919 1445 1042 1478 Poetae
1069 1444 1177 1477 ordiri
1200 1444 1377 1476 dicuntur.
1421 1442 1523 1475 Silius
1549 1441 1630 1474 Ital.

919 1496 995 1529 init.
1030 1496 1040 1515 ⁴
1060 1495 1189 1528 Ordiar
1219 1504 1314 1527 arma
1342 1492 1490 1536 quibus.'
1535 1492 1629 1525 Hinc

919 1557 998 1580 orsa
1026 1557 1090 1589 pro
1120 1545 1341 1578 carminibus.
1385 1544 1512 1577 Auson.
1542 1543 1630 1575 Pro-

918 1602 1026 1641 trept.
1042 1597 1087 1630 ad
1105 1597 1213 1639 Nept.
1234 1598 1244 1614 ‘
1258 1595 1427 1629 Conditor
1439 1594 1580 1635 Iliados,
1591 1598 1630 1626 et

917 1649 1072 1682 amabilis
1103 1658 1182 1681 orsa
1210 1646 1396 1680 Menandri
1427 1644 1630 1679 Evolvenda

918 1699 1007 1733 tibi!
1032 1700 1181 1732 Cruceus.

965 1753 1028 1783 116
1055 1750 1159 1782 Rosea
1182 1747 1308 1788 corona]
1333 1746 1395 1779 Ait
1418 1746 1526 1788 ipsam
1541 1745 1629 1778 Tha·

918 1800 1012 1840 liam,
1029 1799 1241 1832 delectatam
1269 1798 1442 1830 suavitate
1464 1797 1627 1839 legentis,

917 1851 1144 1894 perlascivam
1157 1859 1288 1882 comam
1310 1848 1516 1883 calamistris
1528 1856 1628 1883 exor-

917 1908 1034 1935 natam
1069 1902 1188 1934 demta
1213 1900 1322 1943 capiti
1351 1900 1481 1933 corolla
1507 1899 1627 1932 verbe.

916 1962 1011 1985 rasse
1038 1955 1076 1984 et
1099 1950 1335 1984 conturbasse.
1380 1949 1570 1986 Lascivitas
1591 1953 1629 1982 et

918 2002 1049 2035 Comici
1061 2002 1151 2034 sales
1163 1999 1294 2034 subditi
1303 2004 1402 2033 erant
1412 1999 1492 2032 huic
1502 2000 1627 2033 Musoe.

915 2053 1088 2086 Ausonius
1113 2052 1216 2095 Idyu.
1231 2060 1299 2084 xx.
1322 2053 1332 2071 ‘
1344 2051 1486 2084 Comica
1498 2051 1628 2084 lascivo

916 2104 1047 2146 gaudet
1062 2112 1221 2136 sermone
1246 2102 1391 2134 Thalia.'
1425 2102 1435 2120 ‘
1450 2101 1632 2137 Verbera'

916 2157 1000 2190 talia
1014 2160 1114 2189 erant
1126 2156 1279 2188 Dearum
1294 2158 1354 2186 aut
1379 2154 1627 2196 Heroiuarum,

915 2213 952 2240 et
967 2208 1017 2240 sic
1047 2208 1057 2226 ‘
1070 2206 1172 2239 Ae'ris
1188 2206 1222 2238 in
1236 2205 1369 2246 campis
1379 2204 1389 2220 '
1418 2204 1626 2246 Cupidinem

914 2257 1118 2290 crucifixum
1132 2256 1286 2289 mulcant
1296 2255 1482 2296 Heroides,
1498 2259 1535 2288 et
1550 2256 1626 2299 qui-

914 2308 992 2346 dem
1016 2307 1090 2350 ipsa
1105 2307 1225 2339 Venus
1240 2306 1333 2347 apud
1350 2305 1498 2337 eundem
1516 2305 1626 2339 Auso·

914 2359 1006 2392 nium
1022 2358 1137 2400 Edyll.
1154 2367 1208 2390 vl.
1230 2358 1240 2375 ‘
1258 2357 1334 2390 Nec
1351 2357 1436 2389 satis
1452 2357 1486 2389 in
1497 2357 1625 2399 verbis,

913 2419 1012 2443 roseo
1036 2410 1157 2442 Venus
1184 2417 1290 2440 aurea
1303 2412 1398 2440 serto
1413 2408 1624 2442 Moerentem

913 2460 1029 2503 pulsat
1066 2468 1222 2501 puerum,
1250 2463 1288 2491 et
1317 2458 1477 2500 graviora
1501 2459 1624 2493 timeu-

914 2510 1008 2544 tem.'
1053 2511 1231 2544 Musarum
1259 2514 1375 2542 antem
1401 2519 1624 2545 coronamen-

910 2567 984 2594 tum
1011 2560 1119 2595 fuisse
1143 2571 1248 2601 rosas,
1271 2560 1425 2602 pulchre,
1450 2561 1623 2596 illustrato

910 2616 1013 2648 etiam
1024 2615 1190 2656 hocloco,
1202 2615 1307 2648 docet
1317 2614 1462 2647 Carolus
1473 2615 1622 2649 Pascha·

909 2668 975 2702 lius
998 2667 1043 2700 de
1068 2666 1213 2700 Coronis
1236 2666 1295 2699 lib.
1317 2675 1375 2700 111.
1396 2676 1475 2709 cap.
1489 2670 1520 2700 7.
1541 2677 1621 2711 pag.

912 2721 989 2751 160.
1013 2718 1133 2752 Barth.
1317 2751 1319 2753 .

955 2771 1020 2802 120
1045 2768 1198 2802 Lachesis
1215 2768 1369 2801 cunabula
1390 2768 1503 2800 dextra
1528 2767 1619 2799 Atti-

908 2819 977 2867 git]
993 2820 1046 2855 Ex
1063 2820 1287 2863 prisco-more
1303 2819 1403 2852 Rom.
1419 2828 1486 2861 quo
1498 2818 1620 2853 ultim·
