1858 3112
257 261 370 303 1712

254 364 401 406 spicere,
422 369 459 396 et
472 363 591 395 futura
610 363 807 404 cognitione
832 364 952 405 proeci·

255 424 337 455 pere
361 414 582 454 dictitabant,
594 418 633 445 ut
658 413 776 446 scribit
802 414 952 446 AElianus

255 471 333 505 cap.
348 467 381 496 2.
404 464 485 496 Var.
499 463 594 496 Hist.
610 463 669 495 lib.
683 472 739 495 111.
768 463 858 497 Quin
870 463 953 496 etin

254 513 359 545 sacris
374 513 482 545 literis
495 513 639 553 legimus
658 514 770 545 Deum
782 512 952 545 veteribus

255 563 440 604 Prophetis
463 562 712 595 dormientibus
736 571 861 594 arcana
883 571 953 593 suae

256 614 481 654 providentiae
509 613 720 645 commisisse
743 618 782 645 et
806 617 955 644 mentem

254 662 429 695 fatidicam
443 664 635 704 inspirasse.
681 664 907 696 Numen-orum
922 673 954 696 c.

257 716 308 745 12.
342 713 441 745 Briso
472 714 619 746 ethnicis
644 715 724 746 Dea
750 714 955 745 somniorum

257 773 386 804 praeses
410 768 447 796 et
464 763 632 804 interpres
656 763 717 795 ἀπὸ
745 764 803 795 τοῦ
826 762 955 805 βρίζειν.

255 813 442 845 Athenaeus
468 813 529 845 lib.
546 823 627 845 vm.
643 814 720 846 vide
747 814 907 846 Laetam.
920 814 956 846 in

254 862 359 895 Theb.
376 872 410 895 v.
427 863 572 895 Crucem.

298 915 362 944 208
384 913 477 944 Salve
487 922 662 953 supremum
671 913 812 954 genitor]
834 913 954 946 Poe'tae

255 964 328 995 haec
347 963 454 995 ver-ba
481 968 572 1000 sunt,
596 973 664 995 non
691 964 855 996 Hetrusci
880 964 954 998 tilii.

256 1013 492 1053 Conjecenam,
509 1013 611 1044 senior
628 1013 791 1045 mitissime
810 1018 956 1055 patrum.-

256 1069 293 1096 et
309 1068 391 1104 puto
406 1069 459 1095 sat
482 1063 651 1097 habebam
672 1074 797 1104 causoe,
813 1075 890 1096 cum
905 1065 955 1097 ita

255 1114 357 1155 plane
378 1113 534 1145 habuisse
550 1114 618 1146 Ms.
635 1115 872 1146 Florentinum
895 1114 954 1147 de-

259 1164 436 1205 prehendi.
457 1164 593 1195 Gronov.
608 1164 642 1195 in
658 1164 771 1195 Diatr.

298 1216 361 1245 210
384 1214 565 1254 Moestisque
587 1214 683 1255 situs]
708 1215 822 1246 Facile
842 1214 953 1248 feras:

256 1268 372 1296 tamen
388 1264 475 1295 Ven.
490 1264 596 1296 Rhod.
611 1265 681 1296 Sal.
693 1265 853 1306 moestique
875 1266 955 1298 situs

251 1313 372 1354 patiere
403 1314 570 1354 sepulchri.
612 1315 723 1348 Quem
754 1325 954 1347 consensum

256 1374 318 1396 cu‘t
333 1365 513 1405 spernam?
533 1365 678 1396 Gronov.

292 1417 360 1446 :211
383 1414 570 1455 Spirabunt]
597 1415 730 1447 Cinctae
760 1419 797 1447 et
826 1425 954 1458 sparsae

254 1463 408 1496 floribus.
443 1465 534 1496 Nota
549 1465 681 1509 omnia.
697 1465 786 1498 Vide
801 1476 876 1507 quae
894 1466 954 1499 ad-

253 1517 374 1546 notata
385 1513 512 1547 Joanni
529 1524 550 1545 a
563 1515 733 1556 Wouwer,
747 1517 854 1548 amico
872 1517 954 1548 olim

255 1569 385 1604 nostro,
396 1563 438 1595 ad
447 1563 632 1596 Minatium
647 1565 810 1599 Felicem.
827 1577 861 1608 p.
879 1570 952 1599 111

256 1613 422 1646 Barthioes.

299 1666 362 1695 213
388 1664 453 1699 Qui
462 1664 678 1706 metior-Itonos]
695 1666 821 1708 Major,
832 1667 955 1709 inquit,

255 1712 360 1744 honos
395 1713 461 1744 erit
493 1712 611 1744 effusae
639 1714 799 1756 lacrymae
829 1726 849 1747 a
885 1715 955 1748 filio

254 1760 356 1802 &luam
373 1762 438 1792 alia
448 1762 679 1794 odoramenta.
702 1764 868 1806 Exemplo]
881 1765 954 1796 Me-

254 1812 342 1852 ritis,
358 1818 396 1842 ut
411 1811 491 1843 inde
507 1817 598 1843 esset
610 1814 804 1854 exemplum
816 1815 955 1846 merito-

256 1871 329 1893 rum
361 1868 506 1903 tuorum,
533 1863 639 1894 voluit
665 1873 718 1895 me
749 1865 812 1896 tibi
839 1866 954 1897 dicare

254 1913 319 1944 hoc
342 1921 491 1944 carm‘en.
536 1912 608 1944 Hoc
628 1914 801 1955 sepulchro]
825 1915 866 1946 Id
887 1919 953 1955 est,

253 1962 317 1993 hoc
331 1971 456 2003 genere
467 1962 659 2002 sepulchri:
684 1963 719 1994 id
731 1969 784 1996 est
793 1965 954 1997 carmine.

255 2012 430 2044 Domitius.

298 2065 361 2094 215
387 2063 507 2095 Nostra
535 2074 663 2106 quoque,
690 2064 761 2105 ξω]
788 2064 856 2097 Alii
881 2065 953 2097 haec

255 2113 502 2153 intellexerint,
525 2123 590 2145 nec
619 2124 673 2155 ne,
699 2115 765 2155 ipsi
804 2115 953 2147 videant.

255 2163 343 2194 Mihi
364 2168 508 2199 constat,
524 2165 655 2196 meritus
677 2165 854 2205 scripsisse
878 2166 953 2197 Sta-

255 2212 353 2244 tium.
367 2212 529 2244 Claudius
544 2214 738 2246 Hetruscus
754 2213 842 2246 filius
859 2214 953 2247 dicat

256 2262 331 2301 tibi,
346 2271 366 2293 o
382 2262 509 2301 senior,
522 2263 576 2293 vel
590 2273 708 2303 senex,
724 2268 843 2295 nostra
858 2265 952 2304 lugn-

256 2311 331 2343 bria
345 2317 382 2343 et
398 2313 456 2352 pia
477 2313 641 2352 carmina,
656 2314 784 2345 meritus
806 2316 953 2356 exemplo,

254 2362 291 2394 id
308 2367 361 2394 est
376 2372 451 2404 quae
468 2364 625 2404 exemplo
642 2364 781 2404 pietatis
799 2374 869 2395 suae
886 2374 953 2396 me-

255 2412 337 2451 ruit,
351 2421 371 2443 a
386 2412 482 2443 nobis
498 2413 630 2444 elicuit.
646 2413 784 2445 Gronov.
799 2415 834 2445 in
842 2414 953 2446 Diatr.
990 2427 994 2432 ·

300 2462 422 2493 CARM.
439 2471 491 2493 1v.
510 2462 605 2493 Coma
617 2463 748 2503 Earini]
757 2463 828 2495 Sal.
840 2464 954 2506 Capilli

258 2512 289 2553 F
289 2512 351 2542 lavi
359 2512 471 2543 Ierim'.
482 2512 590 2544 Rhod.
601 2513 719 2553 Capilli
727 2513 833 2545 Flavii
843 2514 952 2545 lerini.

255 2562 382 2593 Saltem
406 2562 484 2594 hinc
508 2572 674 2603 agnoscas
689 2563 798 2594 Flavii
819 2573 953 2604 nomen,

258 2610 349 2651 quod
366 2620 387 2641 a
413 2616 513 2651 gente
531 2613 667 2652 patroni
690 2613 881 2644 Domitiani
897 2622 952 2645 ac-

255 2660 365 2700 cepit,
389 2661 623 2701 adjiciendum.
668 2662 768 2695 Quod
794 2667 831 2694 et
856 2663 952 2694 Sido-

256 2711 304 2742 nii
328 2711 421 2742 locus
446 2711 547 2742 docet
562 2721 582 2743 a
597 2712 779 2743 Sirmondo
805 2717 840 2744 et
863 2712 953 2745 Scri-

257 2760 350 2792 verio
367 2760 577 2793 emendatus.
594 2761 731 2794 Gronov.

296 2812 321 2841 2
343 2809 432 2842 Auro
455 2811 613 2852 coronato]
638 2812 679 2843 In
697 2813 822 2854 pyxide
840 2824 954 2847 aurea.

715 271 857 303 NOTAE
891 270 1155 303 VARIORUM
1188 273 1243 304 IN

1006 365 1117 406 Puppe
1133 365 1286 408 timenda]
1307 366 1348 399 In
1364 377 1430 410 qna
1446 366 1701 410 periclitamini:

1048 418 1070 447 6
1102 416 1236 448 Juvenis
1261 416 1424 458 Phoebeie]
1454 417 1632 459 AEsculapi
1657 417 1708 450 fili

1006 465 1155 497 Phoebi:
1180 475 1282 508 quem
1305 467 1455 500 Martial.
1491 469 1604 500 Deum
1620 467 1708 500 Pet·-

1006 524 1162 555 gameum
1189 516 1352 557 appellat,
1369 517 1528 558 quoniam
1544 517 1708 559 Pergami

1006 564 1196 605 colebatur,
1214 571 1253 597 ut
1280 566 1456 599 docuimus
1479 567 1515 599 in
1534 573 1708 601 comnen-

1007 613 1102 645 tariis
1131 614 1316 648 Martialis.
1362 616 1431 648 Alii
1458 616 1626 650 Phoebum
1655 617 1706 650 in-

1006 663 1213 696 tellexerant
1229 664 1298 697 illic
1315 666 1372 707 qui
1394 667 1575 708 Pergama·
1588 666 1707 714 eondi-

1005 712 1079 744 dit.
1103 714 1162 745 sed
1188 714 1283 755 hujus
1298 715 1414 757 Sylvae
1439 716 1632 750 testimonio
1654 725 1708 749 re-

1005 763 1231 804 darguuntur.
1248 766 1419 798 Domitius.
1670 780 1674 783 ¹

1047 814 1161 854 Accipe
1174 815 1316 846 laudatos
1333 815 1463 854 juvenis
1477 783 1623 850 Plroebite
1646 818 1708 850 eri—

1005 862 1072 903 nes]
1099 863 1177 898 Qua
1201 865 1292 905 apud
1315 865 1471 906 Graecos,
1496 875 1564 908 qua
1587 867 1707 900 Roma·
1747 905 1755 908 ,

1006 921 1082 952 nos,
1107 921 1288 953 puerorum
1321 915 1556 958 virginumque
1577 926 1708 958 come,

1005 961 1260 995 adolescentum
1277 964 1385 1005 prima
1399 966 1536 1007 lanugo,
1551 966 1710 1008 detonsa,

1004 1013 1084 1044 Deo
1110 1013 1214 1045 alicui
1239 1016 1520 1049 consecrabatur.
1561 1015 1707 1051 Achiuis

1006 1063 1198 1102 exemplum
1228 1065 1319 1105 apud
1351 1065 1552 1106 Homerum,
1581 1066 1707 1099 Thesei

1005 1112 1096 1153 apud
1106 1113 1346 1154 Plutarchum,
1357 1115 1507 1147 Neronis
1519 1115 1610 1156 apud
1620 1116 1706 1149 sne,

1005 1162 1148 1203 tonium,
1165 1161 1309 1195 filiarum
1327 1163 1471 1198 Adrasti
1481 1164 1584 1207 -apud
1602 1166 1706 1208 Papl-

1004 1211 1095 1243 nium
1133 1212 1223 1244 hunc
1257 1218 1409 1246 nostrum
1444 1215 1636 1249 Thebaidos
1666 1225 1708 1249 u.

1004 1262 1120 1293 Earini
1138 1263 1206 1303 hic,
1222 1268 1259 1295 et
1275 1265 1366 1305 apud
1390 1265 1601 1306 Martialem,
1613 1266 1707 1307 apud

1005 1312 1086 1344 alios
1102 1313 1244 1345 aliorum
1257 1318 1396 1347 extant:
1421 1325 1497 1357 quae
1511 1316 1586 1348 aliis
1601 1317 1707 1349 citata

1003 1362 1058 1396 hic
1084 1372 1151 1394 non
1177 1373 1374 1404 congeram.
1420 1366 1534 1406 Ritus,
1549 1366 1709 1407 Dimoto,

1004 1412 1054 1443 uti
1071 1413 1170 1453 solet,
1187 1412 1339 1445 divinum
1355 1415 1486 1448 cultum
1507 1417 1707 1456 aemulante,

1005 1470 1026 1492 a
1052 1461 1228 1493 Nazaraeis
1255 1463 1456 1496 Judaeorum
1495 1464 1707 1507 desumptus,

1005 1510 1127 1551 quibus
1143 1511 1291 1544 sollenne
1306 1512 1413 1545 fuisse
1426 1524 1557 1549 comam
1569 1514 1707 1554 radere,

1004 1563 1037 1595 in
1064 1564 1190 1604 templo
1215 1563 1352 1605 offerre,
1369 1570 1406 1598 et
1431 1575 1510 1599 cum
1534 1566 1704 1600 sacrificio

1004 1623 1170 1653 cretnare,
1184 1624 1227 1645 ex
1244 1624 1341 1647 sacra
1360 1616 1514 1658 historia,
1528 1617 1707 1650 Nnm.v1.

1003 1663 1138 1696 scimus.
1154 1665 1308 1698 Bernart.
1690 1683 1693 1690 ¹

1047 1717 1067 1746 8
1089 1715 1191 1746 Dulce
1217 1716 1351 1748 nitentes
1375 1716 1552 1758 comparet]
1580 1682 1704 1750 Helle-

1005 1764 1132 1795 nisnius
1162 1764 1307 1797 Horatio
1335 1764 1532 1800 familiaris.
1561 1768 1572 1786 ‘
1590 1768 1704 1802 Dulce

1005 1814 1172 1846 ridentem
1195 1815 1345 1856 Lalagen
1369 1817 1515 1850 amabo!
1550 1817 1606 1850 Ita
1618 1819 1703 1860 Sap-

1005 1865 1084 1905 pho,
1110 1864 1250 1896 Πλασίυν
1279 1864 1336 1898 ἁδὺ
1362 1866 1525 1907 ‹patrobam-
1550 1866 1703 1900 ὑπακούει.

1006 1916 1132 1948 Morell.

1046 1969 1068 1998 9
1089 1967 1192 2007 Atque
1211 1967 1267 1998 ἀίει
1273 1968 1396 2006 fratris
1416 1971 1504 2008 putet
1517 1974 1582 2000 esse
1596 1968 1703 2010 Lyoei]

1004 2014 1097 2046 Hinc
1114 2015 1173 2046 illa
1191 2015 1343 2057 Apollini
1359 2022 1395 2049 et
1409 2017 1533 2049 Libero
1553 2027 1702 2050 commu-

1004 2064 1059 2096 nia
1075 2065 1230 2106 epitheta
1243 2067 1471 2107 κοσμοπλόκος,
1488 2067 1705 2108 ἀκερσεκόμης,

1004 2112 1207 2156 ἆβροχωίτης,
1238 2114 1420 2158 ἁβροκόμος,
1452 2117 1610 2157 εὐχαίτην
1641 2118 1703 2150 sed

1002 2164 1243 2206 βοτρυοχαίτης,
1275 2167 1449 2207 peculiare
1491 2167 1621 2200 Bacchi
1668 2168 1703 2199 in

1004 2215 1123 2256 Epigr.
1138 2215 1209 2246 κατ’
1223 2214 1421 2255 ἆλφάβητον.
1444 2217 1606 2258 Pelignus
1622 2217 1703 2259 poe-

1004 2270 1040 2298 ta
1064 2266 1227 2297 Narcisso
1252 2276 1313 2298 suo
1339 2267 1472 2307 tribuit,
1494 2268 1503 2285 ‘
1521 2268 1568 2299 Et
1584 2268 1702 2308 dignos

1001 2315 1139 2347 Baccho
1162 2315 1299 2356 digitos,
1319 2320 1356 2348 et
1379 2315 1542 2357 Apolline
1566 2316 1702 2349 crines?

1003 2365 1106 2398 Idem.

1047 2417 1087 2445 10
1110 2415 1232 2447 Forsan
1255 2418 1286 2446 et
1309 2414 1389 2456 ipse]
1411 2415 1557 2455 Putans,
1581 2416 1703 2459 inquit,

1002 2463 1151 2505 Apollo
1133 2475 1207 2506 Jam
1223 2465 1407 2505 Bacchum,
1420 2476 1494 2498 curn
1506 2477 1572 2508 quo
1588 2471 1700 2499 certat

1003 2513 1047 2545 de
1074 2515 1326 2555 pulchritudine
1352 2515 1599 2555 crinium,esse
1625 2522 1701 2548 ton·

1003 2574 1094 2604 sum3
1133 2569 1170 2596 et
1199 2570 1376 2598 ostentans
1410 2566 1471 2598 tibi
1498 2567 1559 2598 hos
1587 2567 1699 2599 crines

1003 2624 1093 2654 suos,
1107 2613 1250 2646 fortasse
1275 2615 1350 2655 ipse
1375 2625 1508 2657 quoque
1528 2626 1606 2648 snos
1621 2625 1701 2648 con-

1003 2664 1154 2698 secrabit
1178 2666 1212 2695 in
1237 2664 1327 2696 illins
1349 2665 1609 2697 aemulationem·
1629 2665 1698 2697 Do-

1002 2713 1119 2746 mitius.

1047 2767 1086 2796 14
1111 2764 1210 2800 Quem
1225 2765 1350 2797 turbida
1370 2774 1488 2806 semper
1500 2766 1587 2797 duno
1599 2764 1701 2805 valet]

1004 2813 1071 2846 Hic
1087 2818 1138 2847 est
1151 2813 1341 2855 ζηλοτυπίας
1355 2814 1524 2857 χαρουετήρ·
1535 2825 1554 2847 a
1569 2815 1699 2856 dolore,
