1846 3120
276 349 345 382 Sed
357 348 489 381 fallitur
505 347 556 380 vir
570 346 749 388 maximus,
762 356 874 389 neque
888 346 978 379 enim

275 399 352 441 ipse
367 399 548 439 Neptunus
570 397 684 429 dictus
698 396 765 429 fuit
777 397 898 436 Taras,
918 395 978 428 sed

275 448 431 490 Neptuni
452 447 522 479 filio
550 447 615 479 hoc
637 456 761 480 nomen
777 452 864 480 erat.
910 447 978 478 De-

273 498 367 539 inde,
379 498 470 540 quod
484 501 591 539 caput
604 502 668 538 est,
681 498 801 529 Statua
813 497 872 528 illa
884 496 978 537 Nep·

276 547 349 578 tuni
369 547 542 588 vulgarem
571 556 763 579 mensuram
788 556 854 578 non
878 555 980 578 exce·

275 597 392 637 debat,
412 600 613 638 tantumque
635 596 699 628 sub
716 595 898 628 mediocris
916 595 979 627 viri

275 657 420 689 persona
446 657 610 688 expressa
641 652 727 689 erat,
752 651 790 680 ut
818 652 916 688 patet
937 656 980 678 ex

274 697 384 728 numis
394 697 601 734 Tarentinis,
614 707 698 739 quos
711 697 872 730 exhibent
881 697 980 730 Golt-

273 747 355 787 sius,
370 747 545 786 Choulius,
559 747 698 789 aliique.
741 747 792 779 At
807 756 887 779 vero
901 747 979 778 Sta-

274 797 341 828 tius
366 797 421 829 hic
449 802 579 829 statuas
596 798 786 830 Colossaeas
804 807 880 829 cum
905 798 978 829 Do-

272 847 406 879 mitiani
444 848 577 879 colosso
609 857 809 888 comparare
841 847 979 888 incipit,

274 897 496 939 maximisque
519 897 612 929 orbis
643 903 813 930 terrarum
836 898 977 930 colossis

272 956 349 979 eum
364 947 554 989 anteponit.
598 948 671 980 Nos
687 948 801 989 itaque
817 947 858 978 ad
880 947 977 980 Jovis

271 998 451 1038 colossum,
463 997 521 1037 qui
535 997 678 1029 Tarenti
695 996 862 1030 Calabriae
878 996 974 1037 oppi-
1035 1020 1038 1022 .

273 1047 331 1088 do,
354 1047 444 1090 quod
468 1048 595 1080 Graece
622 1048 721 1079 Taras
752 1047 883 1078 dictum
910 1050 976 1087 est,

271 1097 361 1129 hunc
391 1097 502 1129 locum
539 1096 756 1129 referendum
785 1106 974 1128 censemus.

271 1146 385 1186 Quod,
400 1151 437 1178 ut
457 1146 585 1179 rectius
596 1147 831 1188 intelligatur,
851 1151 971 1180 notau-

271 1196 353 1228 dum
374 1201 441 1236 est,
454 1197 545 1228 inter
565 1207 680 1229 omnes
697 1197 754 1239 qui
771 1197 851 1228 olim
867 1197 972 1228 exsti-

270 1251 345 1279 tere
357 1247 520 1289 colossos,
533 1257 602 1288 prae
616 1248 764 1287 caeteris,
776 1247 861 1278 duos
876 1256 970 1279 max-

271 1297 338 1328 ime
353 1306 375 1329 a
389 1297 625 1339 magnitudine
641 1301 677 1329 et
692 1297 840 1330 artificio
866 1297 970 1329 fuisse

270 1346 541 1387 commendatos,
575 1347 797 1379 Tarentinum
823 1347 970 1387 scilicet,

269 1401 306 1428 et
331 1396 516 1430 Rhodium.
557 1397 763 1429 Tarentinus
778 1397 874 1431 Jovis
900 1396 968 1429 for-

269 1456 326 1479 ma
341 1456 523 1489 expressus
545 1451 632 1484 erat,
647 1451 702 1479 60.
725 1447 873 1479 cubitor.
891 1447 969 1478 alti·

270 1497 411 1539 tudinis,
439 1497 591 1529 Rhodius
623 1507 704 1529 vero
733 1497 795 1529 soli
830 1496 967 1528 dedica-

268 1550 337 1587 tus,
351 1550 406 1579 ⁷0.
420 1547 570 1580 cubitor.
616 1547 669 1579 De
703 1547 849 1579 Tarante
876 1556 970 1588 vero,

267 1596 357 1638 quod
379 1596 527 1638 polliciti
552 1606 681 1638 sumus,
705 1597 860 1639 quaedam
884 1596 968 1638 adji-

268 1646 391 1678 cienda
402 1651 493 1679 sunt.
538 1647 618 1679 Fuit
631 1647 734 1679 Taras
758 1647 914 1688 Neptuni
929 1646 967 1678 fi-

267 1697 345 1738 lius,
358 1707 401 1729 ex
410 1697 557 1740 quadam
572 1697 721 1740 nympha
732 1698 877 1738 genitus.
899 1697 969 1729 Hic

266 1747 302 1778 in
319 1747 334 1779 1
341 1748 421 1786 talia
435 1747 480 1779 ad
502 1757 596 1780 oram
614 1748 781 1780 Calabriae
804 1746 968 1788 oppidum

266 1796 437 1839 condidit,
452 1797 543 1840 qnod
559 1798 603 1830 ab
618 1798 726 1840 ipsius
744 1798 879 1830 nomine
903 1798 969 1829 'ra-

266 1857 322 1879 ras
338 1848 547 1889 appellatum
564 1852 629 1881 est.
668 1849 885 1890 Hesychius:
908 1846 967 1879 Τά-

265 1908 332 1938 ρας,
358 1897 447 1930 πόλις
468 1897 617 1939 Ἰταλίας,
644 1897 705 1930 ἀπὸ
729 1896 884 1939 Τάραντος
913 1898 969 1929 τοῦ

266 1948 466 1979 Ποσειδῶνος.
516 1948 595 1980 Vid.
624 1952 660 1979 et
683 1947 893 1988 Stephanum
923 1947 967 1980 de

265 1997 351 2029 Urb.
366 1996 526 2030 Meminit
541 2001 578 2029 et
587 1997 761 2029 oraculum
774 1996 864 2039 quod
878 1997 967 2029 Pha-

266 2047 401 2079 lanthus
422 2047 759 2079 Lacedaemoniorum
782 2047 853 2079 dux
869 2058 966 2080 secu-

267 2103 323 2132 tus
345 2103 413 2138 est,
439 2099 520 2131 dum
538 2100 602 2131 hoc
626 2098 791 2140 oppidum
819 2100 915 2132 anxit
929 2105 967 2132 et

264 2149 483 2181 restauravit.
527 2148 618 2181 Illud
635 2153 749 2181 autem
763 2155 835 2181 erat
850 2149 966 2190 hujus-

263 2199 354 2231 modi
372 2210 380 2230 :
411 2198 565 2241 Σατύρεόν
583 2211 632 2231 τοι
656 2200 748 2239 δῶκα,
771 2198 911 2240 Τάραντα
931 2198 966 2231 δὲ

262 2249 351 2282 πίονα
364 2251 460 2290 δῆμον
471 2249 613 2289 Οἰκῆσαι.
658 2250 826 2292 Satyreum
838 2250 899 2282 tibi
913 2252 965 2290 do,

258 2300 388 2342 pinguis
398 2310 554 2342 pagosque
566 2300 695 2332 Tarenti
709 2301 860 2333 Incolere.
900 2301 965 2332 Το-

261 2357 332 2383 tam
344 2358 425 2382 vero
438 2349 531 2382 urbis
542 2349 691 2383 conditae
703 2349 880 2382 historiam
893 2360 963 2382 me·

262 2401 467 2433 motabilem
496 2400 579 2433 vide
604 2400 694 2442 apud
718 2400 879 2433 strabon.
900 2400 961 2433 lib.

261 2461 309 2483 vt.
352 2451 571 2491 Pausaniam,
586 2451 775 2491 Justinum,
800 2450 962 2492 aliosque.

258 2500 439 2533 Tarentini
455 2505 567 2533 antem
579 2500 850 2542 elegantissimos
867 2510 963 2533 num·

259 2560 332 2586 mos
348 2555 600 2592 percusserunt,
623 2551 659 2582 in
682 2560 750 2593 quo
773 2550 906 2582 effictus
928 2561 963 2582 e-

258 2604 313 2632 rat
339 2601 456 2638 Taras,
486 2601 588 2632 dorso
619 2600 772 2642 delphini
800 2600 962 2641 insidens,

258 2650 350 2693 quod
360 2655 510 2683 testatur
519 2651 631 2684 Julius
641 2651 766 2683 Pollux
779 2651 961 2684 Onomast.

256 2701 316 2735 lib.
331 2710 381 2733 tx.
426 2701 471 2732 Et
495 2705 636 2732 exstant
657 2700 829 2743 hodieque
844 2700 960 2742 hujus-

259 2750 350 2785 modi
371 2749 512 2791 nummi,
529 2759 672 2791 quorum
689 2760 792 2784 unuin
816 2751 860 2783 ad
885 2752 960 2783 Sta-

257 2801 296 2834 tii
313 2801 422 2835 lucem
436 2800 492 2835 liic
505 2800 648 2842 subjeci.

737 252 882 285 Nora
914 250 1183 283 vammum
1209 246 1267 297 „ns

1024 1152 1034 1169 ‘
1049 1150 1155 1183 Mite’
1171 1161 1252 1184 vero
1268 1152 1455 1184 Tarentum
1471 1150 1572 1190 dixit,
1586 1148 1632 1182 ob
1646 1157 1723 1181 sna·

1023 1210 1096 1233 vem
1109 1206 1146 1233 et
1159 1202 1328 1234 salubrem
1345 1202 1432 1234 aeris
1443 1199 1620 1244 Tarentini
1635 1202 1722 1232 tem-

1022 1251 1165 1293 periem,
1186 1255 1223 1284 et
1236 1253 1341 1284 solum
1356 1250 1482 1283 fertile.
1525 1249 1628 1282 Unde
1651 1248 1722 1290 ‘vi-

1020 1310 1099 1332 num
1124 1300 1374 1342 Tarentinum,’
1398 1305 1436 1333 et
1460 1301 1472 1318 ⁴
1489 1301 1568 1332 lana
1594 1299 1721 1330 Taren-

1021 1349 1108 1382 tina'
1122 1350 1342 1383 celebrantur
1356 1360 1376 1382 a
1389 1349 1551 1382 Martiale
1566 1347 1720 1390 aliisque.

1022 1399 1204 1433 Gevartiue.

1062 1449 1185 1482 CARM.
1203 1459 1244 1482 ιι.
1282 1452 1299 1481 1
1322 1448 1428 1490 Unde]
1445 1447 1718 1481 Enthnsiasmum

1016 1499 1199 1532 Poe‘ticum
1206 1500 1354 1541 simulat,
1359 1499 1477 1532 audire
1484 1508 1521 1531 se
1528 1497 1722 1540 Apollinem

1017 1559 1080 1592 per
1092 1554 1223 1583 montes
1235 1550 1408 1582 Romanos
1421 1553 1614 1588 canentem,
1623 1550 1660 1580 et
1674 1541 1724 1579 νΐέ

1018 1598 1100 1632 dere
1110 1599 1215 1632 etiam
1224 1599 1260 1632 id
1269 1609 1394 1632 numen
1405 1599 1448 1631 ad
1457 1598 1610 1631 habitum
1619 1597 1719 1640 chely

1018 1655 1077 1682 aut
1099 1650 1231 1683 cithara
1250 1651 1444 1683 canentium
1471 1647 1722 1692 compositum;

1018 1710 1121 1743 seque
1139 1701 1246 1733 videri
1262 1701 1336 1733 vult
1350 1699 1521 1741 Apollinis
1541 1698 1646 1731 verba
1659 1707 1718 1732 ex-

1017 1751 1145 1793 cipere.
1171 1751 1283 1783 Borth.
1326 1750 1439 1793 Sacro]
1468 1749 1539 1781 Cur
1562 1747 1719 1780 sacrum?

1019 1802 1113 1843 quasi
1136 1801 1239 1843 ἄκρον,
1253 1806 1431 1843 augustum
1455 1804 1491 1832 et
1513 1799 1618 1840 pium.
1662 1797 1718 1830 Au
1738 1828 1740 1830 ,

1016 1852 1096 1893 qnia
1105 1862 1123 1884 e
1134 1853 1263 1884 sanctis
1272 1852 1450 1884 Musarum
1459 1849 1612 1882 fontibus
1620 1848 1718 1880 haus-

1017 1906 1091 1934 tum
1106 1903 1118 1934 ?
1140 1903 1236 1943 virg.
1253 1902 1416 1944 Geor-gic-
1440 1900 1502 1932 lib.
1517 1908 1559 1931 ιι.
1582 1902 1592 1917 ¹
1607 1897 1717 1931 Sanc-

1018 1956 1069 1983 tos
1086 1961 1184 1983 ausus
1209 1951 1388 1984 recludere
1413 1949 1550 1982 fontes:
1593 1947 1650 1981 An
1672 1947 1717 1986 ob

1016 2003 1118 2034 ritum
1153 2002 1360 2043 nuptiarum,
1394 1999 1485 2042 quod
1510 1996 1718 2031 Pontificale

1017 2052 1157 2083 verbum
1182 2055 1251 2083 est:
1285 2052 1294 2068 ‘
1311 2051 1354 2084 ob
1379 2049 1486 2082 divini
1513 2052 1550 2081 et
1578 2047 1718 2080 humani

1009 2101 1100 2143 juris
1125 2098 1494 2134 communicationem!
1549 2099 1590 2131 L.
1614 2098 1716 2138 ¹.,D.

1016 2151 1059 2183 de
1076 2152 1159 2184 Ritu
1181 2151 1346 2192 Nuptiar.
1370 2150 1543 2182 enimvero
1566 2156 1650 2191 quas
1666 2146 1718 2181 {aa

1016 2207 1109 2234 esset
1138 2201 1278 2238 ducere,
1306 2199 1480 2232 notionem
1508 2197 1716 2230 Pontificum

1013 2250 1117 2283 fuisse
1141 2250 1349 2292 perspicitur
1373 2258 1418 2281 ex
1442 2248 1578 2288 Tacito,
1592 2251 1630 2289 et
1653 2246 1715 2279 Di·

1014 2311 1079 2333 one
1104 2301 1164 2333 lib.
1180 2309 1314 2333 vaut.
1355 2297 1461 2338 Quid,
1476 2297 1566 2339 qnod
1581 2297 1715 2338 piorum

1014 2352 1147 2393 Regum
1163 2356 1347 2392 vatumque
1361 2348 1529 2388 Princeps
1551 2346 1716 2387 Davitica,

1013 2401 1144 2434 Psalmi
1167 2409 1267 2432 xuv.
1281 2397 1388 2441 (qnod
1404 2395 1712 2439 Epithalamiornm

1012 2450 1281 2492 antiquissimum
1297 2448 1367 2490 est)
1390 2457 1436 2480 vs.
1463 2456 1490 2479 ι.
1516 2444 1716 2486 ἐπιθαλάμιον

1012 2505 1126 2533 vocat.
1142 2509 1202 2534 mlo
1216 2507 1282 2535 ὋῚ
1293 2499 1393 2540 λόγον
1406 2496 1534 2538 ἀγαθόν.
1577 2496 1712 2538 Apolli·-

1011 2552 1117 2592 naris,
1132 2549 1244 2583 ἐσθλὸν
1258 2551 1363 2589 μῦθον.
1408 2548 1501 2580 Huic
1524 2546 1713 2588 opponitur

1011 2601 1067 2633 hic
1085 2611 1134 2634 vs.
1151 2603 1204 2633 27.
1226 2602 1236 2618 ‘
1248 2600 1421 2642 obliquum
1437 2595 1599 2630 carmen.'
1635 2595 1710 2628 Mo-

1011 2652 1120 2684 renus.
1163 2651 1254 2683 Latii
1285 2647 1419 2689 montes]
1440 2647 1582 2689 Septem
1605 2645 1711 2678 cone·

1011 2700 1124 2733 Urbis.
1146 2700 1320 2733 Domitius.

1053 2753 1074 2783 2
1100 2749 1261 2791 commi]
1283 2748 1452 2791 Apollinis
1467 2746 1572 2780 decus
1582 2737 1710 2789 'perpe-
1740 2755 1745 2759 ·

1012 2805 1120 2838 tuum,
1137 2800 1252 2833 Coma.
1299 2799 1430 2833 Auctor
1453 2796 1602 2849 Priapaei
1626 2796 1711 2830 Car-
