1846 3120
311 208 427 257 1390

802 219 867 258 '1².-
890 218 1081 259 PApmu
1116 221 1280 262 s'rA'rn

315 318 518 361 Fortior?
550 323 594 360 et
611 319 750 360 soceri
766 315 985 363 thalamos
1004 323 1258 367 exscindere
1281 326 1468 371 Cadmi?

313 383 529 436 Ingemuit
543 385 675 426 dictis
697 385 912 443 Superum
932 387 1081 430 dolor:
1111 391 1208 444 ipse
1228 392 1444 437 furentem

313 449 451 501 Risit,
473 456 519 492 et
538 452 718 494 incussa
738 458 988 496 sanctarum
1008 456 1125 498 mole
1146 471 1384 512 comarum,

314 516 535 566 Quaenam
557 531 659 572 spes
677 519 903 562 hominum
922 522 1104 566 tumidae
1118 530 1221 578 post
1238 527 1394 580 praelia
1413 519 1615 584 Phlegrae
1629 531 1649 572 ‘i

311 584 440 625 Tune
462 585 594 626 etiam
613 585 866 628 feriendus?
897 588 982 630 ait:
1013 591 1175 643 premit
1195 593 1390 649 undique
1409 595 1577 639 lentum

310 650 462 711 Turba
481 653 627 694 Deum
646 652 866 705 frendens,
886 659 928 697 e't
945 657 1035 698 tela
1054 658 1232 702 ultricia
1245 663 1404 715 poscit.
1434 687 1436 689 >

1677 587 1764 640 910

310 717 410 760 Nec
425 719 522 773 jam
541 721 674 762 audet
693 720 798 762 fatis
818 723 992 764 turbata
1011 725 1231 768 obsistere
1251 729 1431 783 conjux.
1449 722 1454 725 ’
1482 754 1484 756 >

310 784 418 839 Ipsa
438 786 542 828 dato
563 787 754 830 nondum
777 789 974 832 coelestis
993 792 1115 856 regia
1132 794 1255 847 signo
1492 795 1494 799 ’

311 851 479 905 Sponte
500 857 638 906 tonat,
659 854 819 898 coeunt
836 857 946 911 ipsae
967 858 1063 900 siue
1082 859 1260 903 fiamine
1275 863 1434 915 nubes,

310 917 644 976 Accurruntque
663 922 837 966 imbres.
895 925 1076 980 Stygias
1096 929 1269 982 rupisse
1293 931 1473 973 catenas

310 985 528 1040 Iapetum,
548 992 623 1031 aut
643 990 808 1033 victam
829 1004 988 1046 supera
1007 994 1063 1035 ad
1083 1001 1284 1038 convexa
1302 997 1440 1039 levari
1506 1021 1512 1026 ·

1626 922 1629 925 ’
1674 922 1762 977 91‘5

310 1053 542 1107 Inarimen,
565 1057 801 1100 AEtnamve
822 1064 977 1113 putes:
1007 1062 1144 1115 pudet
1162 1064 1246 1106 ista
1267 1064 1421 1107 timere

309 1182 357 1214 tui
382 1184 501 1216 soceri?
552 1184 619 1216 His
647 1186 750 1218 verbis
773 1186 836 1219 Dii
859 1188 973 1238 offensi
999 1189 1185 1230 ingemuere.
1231 1192 1304 1233 Ipse
1324 1193 1453 1234 Jupiter
1471 1192 1577 1227 inv-isit
1589 1194 1761 1239 furiosum,

307 1228 340 1256 et
371 1226 495 1265 agitato
530 1229 664 1268 pondere
691 1239 850 1262 sacrorum
877 1232 1028 1264 cranium.-

1064 1233 1215 1269 Quoenam
1243 1239 1292 1266 est
1318 1245 1385 1277 spes
1410 1235 1577 1276 hominum,
1602 1239 1664 1277 ait,
1689 1242 1760 1283 post

305 1277 444 1307 pugnam
473 1270 612 1310 superboe
646 1271 818 1311 Phlegrae?
849 1276 924 1305 tane
956 1274 1051 1306 etiam
1086 1275 1328 1315 percutiendus?
1373 1279 1507 1310 Caterva
1534 1279 1674 1320 Deorum
1701 1291 1760 1313 nn-

308 1309 399 1350 dique
416 1311 557 1350 fremens
578 1315 671 1352 urget
693 1315 816 1346 tardum
840 1316 962 1352 Jovem,
987 1320 1019 1348 et
1045 1318 1128 1357 petit
1149 1319 1288 1351 vindices
1311 1321 1459 1359 sagittas.
1504 1322 1572 1353 Nec
1584 1321 1656 1361 jam
1678 1333 1760 1356 uxor

303 1353 445 1392 perculsa
472 1355 565 1386 audet
587 1355 671 1392 fatis
692 1356 850 1389 obsistere.
894 1358 969 1398 Ipsa
989 1360 1118 1392 coelestis
1141 1357 1231 1400 regia
1259 1372 1300 1394 ex
1325 1372 1359 1394 se
1388 1365 1485 1402 tonat,
1508 1373 1569 1395 non
1597 1369 1759 1406 expectato

307 1394 408 1434 signo.
453 1396 535 1437 Ipsoe
562 1397 656 1429 nubes
683 1401 856 1431 coalescunt
877 1400 944 1432 sine
958 1401 1045 1441 flatu
1069 1406 1243 1442 ventorum,
1263 1408 1293 1436 et
1316 1405 1431 1445 pluviae
1455 1406 1635 1447 adveniunt.
1682 1407 1759 1438 Cre-

306 1437 396 1468 deres
426 1437 568 1478 Iapetum
596 1439 756 1480 effregisse
781 1442 906 1474 vincula
930 1443 1059 1485 Stygia,
1087 1448 1144 1476 aut
1170 1446 1286 1478 victam
1308 1447 1479 1486 Inarimen,
1502 1450 1535 1479 et
1553 1448 1684 1485 AEtnam
1707 1452 1758 1480 at-

308 1480 376 1510 tolli
395 1480 429 1512 in
448 1490 575 1522 superas
603 1483 725 1523 plagas.
771 1485 896 1516 Coelites
928 1486 1109 1518 erubescunt
1138 1487 1201 1520 ista
1230 1492 1374 1521 metuere.
1429 1489 1494 1522 Sed
1521 1500 1602 1531 cum,
1633 1490 1668 1522 in
1703 1491 1760 1523 hac

912 1570 1014 1584 ome
1035 1570 1132 1584 ‘Oete
1136 1569 1155 1581 ο

308 1612 351 1644 tis
374 1612 409 1644 in
424 1613 541 1645 eodem
568 1614 666 1647 libro.
711 1617 722 1634 ‘
741 1616 817 1648 Non
845 1618 1051 1652 solicitarem
1077 1620 1164 1652 hanc
1190 1620 1386 1661 lectionem,
1402 1618 1529 1653 ceteris
1552 1621 1760 1655 omnibusli-

311 1654 379 1687 bris
405 1660 586 1697 servatam,
602 1658 630 1689 si
647 1658 718 1689 siue
742 1669 808 1691 uuo
826 1660 884 1691 illo
908 1663 1038 1702 optimo
1055 1668 1159 1701 esset,
1176 1663 1209 1694 iu
1232 1673 1298 1703 quo
1322 1663 1423 1694 claris
1444 1662 1552 1696 literis
1573 1670 1626 1696 est
1651 1665 1758 1706 scrip-

309 1701 381 1729 tum
398 1709 406 1729 :
428 1699 579 1731 thalamos
601 1701 779 1733 exscindere
797 1702 932 1735 Cadmi?
955 1704 1180 1736 Barth—912
1202 1706 1212 1723 ‘
1228 1705 1379 1748 Optima}
1402 1709 1440 1738 et
1458 1706 1533 1738 aliae
1550 1706 1758 1748 membranae

307 1748 374 1772 non
391 1747 579 1781 agnoscunt
593 1742 681 1774 hunc
694 1753 840 1775 versum.
886 1746 1027 1778 Minime
1045 1751 1173 1787 tamen,
1188 1747 1270 1778 licet
1286 1752 1323 1779 et
1337 1747 1456 1780 abesse
1468 1749 1589 1788 possit,
1603 1759 1665 1782 nos
1681 1759 1759 1789 eum

308 1782 508 1823 ejiciemus!
534 1784 753 1818 Idem—916
776 1786 945 1827 Laphitum
969 1789 1068 1820 codd.
1096 1789 1363 1830 Lindenbrogii3
1385 1790 1513 1832 Iapeto„
1537 1791 1759 1832 Lang-Iaeur.

308 1825 440 1857 Buslid.
457 1826 609 1867 Lipsian.
627 1826 727 1860 Aldd.
744 1828 851 1860 Colin.
868 1830 999 1871 Gryph.
1014 1831 1119 1863 Basil.
1135 1837 1171 1863 et
1193 1832 1306 1863 Plant.
1327 1832 1469 1873 Iapetum
1483 1842 1568 1864 unus
1583 1832 1706 1866 Behot.
1722 1838 1759 1865 et

308 1866 387 1900 edd.
406 1872 661 1902 recentt.——91⁷
685 1870 855 1903 Imarimen
870 1882 956 1904 unus
975 1874 1208 1907 Benna—920
1230 1875 1239 1892 ‘
1258 1874 1418 1916 Optimus
1442 1874 1610 1915 codicum,
1623 1879 1659 1908 et
1671 1875 1758 1909 alius

961 1947 1109 1980 NOTAE

1061 2005 1140 2046 fuit,
1156 2009 1192 2038 et
1207 2006 1337 2039 catenis
1360 2011 1532 2040 oneratus.
1549 2007 1656 2040 Theb.
1672 2017 1760 2041 viu.

1059 2056 1070 2073 ‘
1086 2055 1208 2088 Habeo
1222 2057 1293 2099 jam
1315 2067 1439 2099 quassa
1464 2057 1648 2100 Gigantum
1673 2056 1759 2091 Vin·

307 2001 397 2034 mine
413 2012 433 2034 a
447 2002 535 2035 Jove
551 2012 758 2044 percussam.

297 2081 302 2086 .
349 2055 414 2084 906
437 2053 558 2093 Soceri]
581 2053 653 2086 Per
677 2053 817 2086 eandem
838 2054 1006 2086 Semelem

304 2100 410 2134 filiam
429 2102 560 2135 Cadmi.

337 2154 415 2189 „909
439 2152 592 2187 Quaenam
610 2162 680 2193 spes
704 2153 858 2185 hominum
879 2155 1007 2185 tumidoe

305 2205 376 2244 post
394 2203 505 2243 praelia
520 2203 685 2244 Phlegrae]
707 2203 747 2234 Id
764 2207 829 2243 est,
845 2203 1006 2246 quidnam

307 2262 448 2294 sperare
484 2258 628 2295 possunt
648 2253 816 2294 homines,
842 2263 920 2285 cum
946 2254 1006 2285 Gi-

306 2306 438 2343 gantes,
454 2303 511 2344 qui
536 2303 576 2334 iis
601 2301 760 2334 fortiores
784 2307 892 2342 erant,
915 2303 1006 2344 apud

307 2352 491 2393 Phlegram
508 2352 702 2393 perierunt;
719 2362 795 2383 nam
807 2353 945 2393 Phlegra
957 2353 1007 2385 lo-

307 2401 420 2432 cusin
444 2411 508 2443 quo
534 2402 687 2445 gigantes
712 2412 732 2433 a
753 2402 829 2434 Diis
852 2402 946 2443 victi,
970 2407 1006 2435 et

307 2449 450 2483 fulmine
466 2452 632 2492 percussi.
675 2470 678 2474 -
726 2491 731 2494 q

348 2503 412 2544 913
425 2502 499 2542 Ipsa
513 2502 600 2543 dato]
614 2501 718 2533 Hunc
731 2510 863 2533 versum
879 2505 915 2533 et
928 2511 1005 2543 sep-

307 2554 376 2582 tem
390 2557 571 2593 sequentes
585 2551 746 2583 insititios
755 2551 893 2593 judicat
909 2551 1004 2593 Guy-

308 2607 396 2635 etus.

349 2654 413 2684 909
436 2651 569 2694 Stygias
583 2652 701 2693 rupisse
720 2652 844 2685 catenas
859 2654 1004 2696 Iapeton]

307 2701 460 2743 Iapetus,
480 2711 564 2734 unus
590 2712 609 2734 e
634 2701 857 2735 ferocioribus
887 2705 1006 2746 gigan-

307 2751 411 2785 tibus.
453 2751 495 2784 In
515 2750 650 2785 Inferos
667 2761 742 2785 cum
759 2752 832 2784 aliis
849 2753 1005 2786 detrusus

1059 2106 1163 2139 cula.’

1101 2159 1166 2190 917
1188 2156 1364 2201 Inarimen]
1400 2156 1550 2190 Inarime
1578 2156 1686 2190 insula
1721 2157 1758 2189 in

1059 2206 1134 2238 sinu
1157 2206 1365 2247 Puteolano,
1382 2216 1451 2238 non
1474 2207 1594 2248 procul
1617 2215 1638 2238 a
1663 2206 1758 2240 Nea-

1059 2256 1142 2297 poli.
1187 2256 1324 2289 Primus
1339 2255 1502 2298 Virgilius
1513 2256 1679 2298 deceptus
1690 2254 1758 2288 fuit

1059 2306 1094 2337 in
1120 2305 1287 2338 vocabulo
1309 2304 1450 2347 hujusce
1474 2305 1607 2347 insulae,
1622 2315 1696 2348 qum
1722 2316 1760 2338 a·

1058 2356 1130 2396 pud
1155 2355 1340 2387 Homerum
1362 2358 1372 2374 ‘
1385 2353 1522 2387 Arime'
1543 2359 1699 2395 vocatur,
1713 2364 1758 2387 ex

1056 2411 1126 2447 *quo
1152 2404 1314 2445 Virgilius
1345 2404 1477 2445 sumsit,
1502 2404 1578 2436 AEu.
1600 2413 1655 2438 rx.
1684 2405 1755 2447 Ty»

1059 2455 1160 2495 phoea
1181 2454 1354 2496 gigantem
1371 2454 1433 2486 sub
1462 2454 1552 2486 hanc
1577 2454 1721 2488 insulam
1736 2463 1757 2487 a

1056 2503 1146 2536 Jove
1176 2503 1352 2536 detrusum
1381 2510 1468 2535 esse.
1515 2503 1660 2536 Ovidius
1684 2504 1758 2536 alii-

1058 2562 1138 2595 que,
1153 2556 1192 2584 ut
1214 2558 1251 2585 et
1267 2554 1411 2594 Noster,
1434 2553 1616 2595 Virgilium
1645 2555 1755 2587 secuti

1052 2607 1149 2644 sunt,
1160 2607 1197 2635 et
1212 2603 1333 2635 eodem
1349 2603 1448 2636 modo
1464 2603 1623 2637 Inarimen
1635 2609 1753 2647 protu-

1056 2654 1186 2685 lerunt.
1228 2653 1319 2685 Vide
1349 2654 1564 2695 Erythraeum
1589 2654 1625 2686 in
1641 2654 1755 2696 Virgi-

1057 2704 1147 2735 lium.
1192 2702 1321 2735 Eadem
1336 2703 1446 2735 insula
1470 2703 1566 2736 dicta
1586 2703 1654 2736 fuit
1678 2704 1754 2737 ‘AE-

1056 2754 1152 2786 naria
1163 2753 1174 2769 ’
1195 2764 1215 2786 a
1230 2753 1376 2787 statione
1390 2753 1528 2786 navium
1542 2753 1672 2797 AEueae,
1685 2758 1719 2786 et
1733 2764 1754 2787 a
