<?xml version="1.0" encoding="UTF-8"?>
<!DOCTYPE html PUBLIC "-//W3C//DTD XHTML 1.0 Transitional//EN"
    "http://www.w3.org/TR/xhtml1/DTD/xhtml1-transitional.dtd">
<html xmlns="http://www.w3.org/1999/xhtml" xml:lang="en" lang="en">
 <head>
  <title>
</title>
<meta http-equiv="Content-Type" content="text/html;charset=utf-8" />
  <meta name='ocr-system' content='tesseract 3.04.00' />
  <meta name='ocr-capabilities' content='ocr_page ocr_carea ocr_par ocr_line ocrx_word'/>
</head>
<body>
  <div class='ocr_page' id='page_1' title='image "./operaomniaexedit03statuoft_0394.png"; bbox 0 0 1846 3120; ppageno 0'>
   <div class='ocr_carea' id='block_1_1' title="bbox 286 256 402 305">
    <p class='ocr_par' dir='ltr' id='par_1_1' title="bbox 286 256 402 305">
     <span class='ocr_line' id='line_1_1' title="bbox 286 256 402 305; baseline 0 -1"><span class='ocrx_word' id='word_1_1' title='bbox 286 256 402 305; x_wconf 71' lang='lat'><strong>1494</strong></span> 
     </span>
    </p>
   </div>
   <div class='ocr_carea' id='block_1_2' title="bbox 289 364 1523 888">
    <p class='ocr_par' dir='ltr' id='par_1_2' title="bbox 289 364 1523 751">
     <span class='ocr_line' id='line_1_2' title="bbox 289 364 1368 421; baseline -0.001 -12"><span class='ocrx_word' id='word_1_2' title='bbox 289 367 429 410; x_wconf 89' lang='lat' dir='ltr'><strong>Urere</strong></span> <span class='ocrx_word' id='word_1_3' title='bbox 450 366 677 421; x_wconf 83' lang='lat' dir='ltr'><strong>permittat</strong></span> <span class='ocrx_word' id='word_1_4' title='bbox 699 364 892 410; x_wconf 82' lang='lat' dir='ltr'><strong>saniem:</strong></span> <span class='ocrx_word' id='word_1_5' title='bbox 923 367 1174 418; x_wconf 86' lang='lat' dir='ltr'><strong>properate,</strong></span> <span class='ocrx_word' id='word_1_6' title='bbox 1189 364 1368 408; x_wconf 87' lang='lat' dir='ltr'><strong>verendi</strong></span> 
     </span>
     <span class='ocr_line' id='line_1_3' title="bbox 290 430 1470 487; baseline 0.001 -12"><span class='ocrx_word' id='word_1_7' title='bbox 290 433 554 487; x_wconf 75' lang='lat' dir='ltr'><strong>Cecropidae</strong></span> <span class='ocrx_word' id='word_1_8' title='bbox 571 447 582 475; x_wconf 75' lang='grc' dir='ltr'>ε</span> <span class='ocrx_word' id='word_1_9' title='bbox 614 444 696 474; x_wconf 87' lang='lat' dir='ltr'><strong>vos</strong></span> <span class='ocrx_word' id='word_1_10' title='bbox 716 432 804 474; x_wconf 84' lang='lat' dir='ltr'><strong>ista</strong></span> <span class='ocrx_word' id='word_1_11' title='bbox 822 430 954 473; x_wconf 85' lang='lat' dir='ltr'><strong>decet</strong></span> <span class='ocrx_word' id='word_1_12' title='bbox 972 431 1187 482; x_wconf 84' lang='lat' dir='ltr'><strong>vindicta,</strong></span> <span class='ocrx_word' id='word_1_13' title='bbox 1209 433 1470 487; x_wconf 83' lang='lat' dir='ltr'><strong>priusquam</strong></span> 
     </span>
     <span class='ocr_line' id='line_1_4' title="bbox 289 499 1523 556; baseline 0.002 -14"><span class='ocrx_word' id='word_1_14' title='bbox 289 500 497 550; x_wconf 83' lang='lat' dir='ltr'><strong>Emathii,</strong></span> <span class='ocrx_word' id='word_1_15' title='bbox 518 499 802 554; x_wconf 81' lang='lat' dir='ltr'><strong>Thracesque</strong></span> <span class='ocrx_word' id='word_1_16' title='bbox 821 499 985 548; x_wconf 84' lang='lat' dir='ltr'><strong>volent,</strong></span> <span class='ocrx_word' id='word_1_17' title='bbox 1006 511 1196 553; x_wconf 88' lang='lat' dir='ltr'><strong>quaeque</strong></span> <span class='ocrx_word' id='word_1_18' title='bbox 1218 503 1342 542; x_wconf 84' lang='lat' dir='ltr'><strong>extat</strong></span> <span class='ocrx_word' id='word_1_19' title='bbox 1361 501 1523 556; x_wconf 84' lang='lat' dir='ltr'><strong>ubique</strong></span> 
     </span>
     <span class='ocr_line' id='line_1_5' title="bbox 289 556 1474 621; baseline 0.002 -12"><span class='ocrx_word' id='word_1_20' title='bbox 289 568 411 610; x_wconf 83' lang='lat' dir='ltr'><strong>Gens</strong></span> <span class='ocrx_word' id='word_1_21' title='bbox 427 580 577 609; x_wconf 85' lang='lat' dir='ltr'><strong>arsura</strong></span> <span class='ocrx_word' id='word_1_22' title='bbox 595 568 729 620; x_wconf 80' lang='lat' dir='ltr'><strong>rog-is,</strong></span> <span class='ocrx_word' id='word_1_23' title='bbox 749 578 992 620; x_wconf 83' lang='lat' dir='ltr'><strong>manesque</strong></span> <span class='ocrx_word' id='word_1_24' title='bbox 1008 565 1213 608; x_wconf 85' lang='lat' dir='ltr'><strong>habitura</strong></span> <span class='ocrx_word' id='word_1_25' title='bbox 1230 556 1474 621; x_wconf 88' lang='lat' dir='ltr'><strong>supremos.</strong></span> 
     </span>
     <span class='ocr_line' id='line_1_6' title="bbox 289 633 1490 689; baseline 0.001 -13"><span class='ocrx_word' id='word_1_26' title='bbox 289 634 410 676; x_wconf 83' lang='lat' dir='ltr'><strong>Nam</strong></span> <span class='ocrx_word' id='word_1_27' title='bbox 433 634 534 689; x_wconf 88' lang='lat' dir='ltr'><strong>quis</strong></span> <span class='ocrx_word' id='word_1_28' title='bbox 555 634 639 676; x_wconf 87' lang='lat' dir='ltr'><strong>erit</strong></span> <span class='ocrx_word' id='word_1_29' title='bbox 657 634 816 675; x_wconf 75' lang='lat' dir='ltr'><strong>saevire</strong></span> <span class='ocrx_word' id='word_1_30' title='bbox 837 633 1024 675; x_wconf 65' lang='lat' dir='ltr'><strong>modus?</strong></span> <span class='ocrx_word' id='word_1_31' title='bbox 1053 634 1340 677; x_wconf 83' lang='lat' dir='ltr'><strong>bellavimus:</strong></span> <span class='ocrx_word' id='word_1_32' title='bbox 1370 639 1490 689; x_wconf 81' lang='lat' dir='ltr'><strong>esto3</strong></span> 
     </span>
     <span class='ocr_line' id='line_1_7' title="bbox 291 700 1398 751; baseline -0.001 -8"><span class='ocrx_word' id='word_1_33' title='bbox 291 701 383 744; x_wconf 90' lang='lat' dir='ltr'><strong>Sed</strong></span> <span class='ocrx_word' id='word_1_34' title='bbox 404 701 601 743; x_wconf 86' lang='lat' dir='ltr'><strong>cecidere</strong></span> <span class='ocrx_word' id='word_1_35' title='bbox 623 701 740 751; x_wconf 88' lang='lat' dir='ltr'><strong>odia,</strong></span> <span class='ocrx_word' id='word_1_36' title='bbox 761 705 807 742; x_wconf 91' lang='lat' dir='ltr'><strong>et</strong></span> <span class='ocrx_word' id='word_1_37' title='bbox 826 700 972 742; x_wconf 84' lang='lat' dir='ltr'><strong>tristes</strong></span> <span class='ocrx_word' id='word_1_38' title='bbox 993 713 1110 741; x_wconf 89' lang='lat' dir='ltr'><strong>mors</strong></span> <span class='ocrx_word' id='word_1_39' title='bbox 1131 701 1274 743; x_wconf 88' lang='lat' dir='ltr'><strong>obruit</strong></span> <span class='ocrx_word' id='word_1_40' title='bbox 1294 701 1398 743; x_wconf 86' lang='lat' dir='ltr'><strong>iras.</strong></span> 
     </span>
    </p>

    <p class='ocr_par' dir='ltr' id='par_1_3' title="bbox 291 766 1503 888">
     <span class='ocr_line' id='line_1_8' title="bbox 291 766 1462 822; baseline 0.001 -13"><span class='ocrx_word' id='word_1_41' title='bbox 291 768 358 810; x_wconf 85' lang='lat' dir='ltr'><strong>Tu</strong></span> <span class='ocrx_word' id='word_1_42' title='bbox 380 781 572 822; x_wconf 87' lang='lat' dir='ltr'><strong>quoque,</strong></span> <span class='ocrx_word' id='word_1_43' title='bbox 591 773 639 811; x_wconf 88' lang='lat' dir='ltr'><strong>ut</strong></span> <span class='ocrx_word' id='word_1_44' title='bbox 654 767 852 821; x_wconf 86' lang='lat' dir='ltr'><strong>egregios</strong></span> <span class='ocrx_word' id='word_1_45' title='bbox 867 766 987 808; x_wconf 79' lang='lat' dir='ltr'><strong>fama</strong></span> <span class='ocrx_word' id='word_1_46' title='bbox 1003 767 1292 819; x_wconf 86' lang='lat' dir='ltr'><strong>cognovimus</strong></span> <span class='ocrx_word' id='word_1_47' title='bbox 1317 772 1462 818; x_wconf 82' lang='lat' dir='ltr'><strong>actus,</strong></span> 
     </span>
     <span class='ocr_line' id='line_1_9' title="bbox 291 832 1503 888; baseline 0.001 -11"><span class='ocrx_word' id='word_1_48' title='bbox 291 835 398 877; x_wconf 90' lang='lat' dir='ltr'><strong>Non</strong></span> <span class='ocrx_word' id='word_1_49' title='bbox 418 836 612 877; x_wconf 89' lang='lat' dir='ltr'><strong>trucibus</strong></span> <span class='ocrx_word' id='word_1_50' title='bbox 632 834 836 876; x_wconf 84' lang='lat' dir='ltr'><strong>monstris</strong></span> <span class='ocrx_word' id='word_1_51' title='bbox 856 833 983 875; x_wconf 89' lang='lat' dir='ltr'><strong>Sinin</strong></span> <span class='ocrx_word' id='word_1_52' title='bbox 1002 832 1317 888; x_wconf 77' lang='lat' dir='ltr'><strong>infandumque</strong></span> <span class='ocrx_word' id='word_1_53' title='bbox 1338 834 1503 879; x_wconf 80' lang='lat' dir='ltr'><strong>dedisti</strong></span> 
     </span>
    </p>
   </div>
   <div class='ocr_carea' id='block_1_3' title="bbox 786 267 1249 302">
    <p class='ocr_par' dir='ltr' id='par_1_4' title="bbox 786 267 1249 302">
     <span class='ocr_line' id='line_1_10' title="bbox 786 267 1249 302; baseline 0 -1"><span class='ocrx_word' id='word_1_54' title='bbox 786 268 825 302; x_wconf 74' lang='grc' dir='ltr'><strong>Ρ.</strong></span> <span class='ocrx_word' id='word_1_55' title='bbox 861 267 1049 302; x_wconf 79' lang='grc' dir='ltr'><strong>ΡΑΡῙΝῘΙ</strong></span> <span class='ocrx_word' id='word_1_56' title='bbox 1084 267 1249 302; x_wconf 74' lang='lat' dir='ltr'><strong>STA&#39;rlt</strong></span> 
     </span>
    </p>
   </div>
   <div class='ocr_carea' id='block_1_4' title="bbox 1639 432 1740 479">
    <p class='ocr_par' dir='ltr' id='par_1_5' title="bbox 1639 432 1740 479">
     <span class='ocr_line' id='line_1_11' title="bbox 1639 432 1740 479; baseline -0.01 0"><span class='ocrx_word' id='word_1_57' title='bbox 1639 432 1740 479; x_wconf 15' lang='lat'><strong>⁷57⁰</strong></span> 
     </span>
    </p>
   </div>
   <div class='ocr_carea' id='block_1_5' title="bbox 1651 768 1738 812">
    <p class='ocr_par' dir='ltr' id='par_1_6' title="bbox 1651 768 1738 812">
     <span class='ocr_line' id='line_1_12' title="bbox 1651 768 1738 812; baseline 0 -1"><span class='ocrx_word' id='word_1_58' title='bbox 1651 768 1738 812; x_wconf 78' lang='lat'><strong>575</strong></span> 
     </span>
    </p>
   </div>
   <div class='ocr_carea' id='block_1_6' title="bbox 280 955 1738 1210">
    <p class='ocr_par' dir='ltr' id='par_1_7' title="bbox 280 955 1738 1210">
     <span class='ocr_line' id='line_1_13' title="bbox 290 955 1736 997; baseline 0.002 -12"><span class='ocrx_word' id='word_1_59' title='bbox 290 956 358 985; x_wconf 78' lang='lat' dir='ltr'><strong>tum</strong></span> <span class='ocrx_word' id='word_1_60' title='bbox 379 955 501 987; x_wconf 84' lang='lat' dir='ltr'><strong>tabum.-</strong></span> <span class='ocrx_word' id='word_1_61' title='bbox 523 965 597 987; x_wconf 78' lang='lat' dir='ltr'><strong>num</strong></span> <span class='ocrx_word' id='word_1_62' title='bbox 620 956 694 996; x_wconf 82' lang='lat' dir='ltr'><strong>quid</strong></span> <span class='ocrx_word' id='word_1_63' title='bbox 714 956 801 988; x_wconf 81' lang='lat' dir='ltr'><strong>aliud</strong></span> <span class='ocrx_word' id='word_1_64' title='bbox 823 960 928 997; x_wconf 80' lang='lat' dir='ltr'><strong>putem</strong></span> <span class='ocrx_word' id='word_1_65' title='bbox 952 955 1162 989; x_wconf 69' lang='lat' dir='ltr'><strong>remansisse?</strong></span> <span class='ocrx_word' id='word_1_66' title='bbox 1204 958 1376 994; x_wconf 70' lang='lat' dir='ltr'><strong>Festinate.</strong></span> <span class='ocrx_word' id='word_1_67' title='bbox 1389 956 1736 996; x_wconf 70' lang='lat' dir='ltr'><strong>verendiAlhenieues.</strong></span> 
     </span>
     <span class='ocr_line' id='line_1_14' title="bbox 291 995 1737 1040; baseline 0.003 -13"><span class='ocrx_word' id='word_1_68' title='bbox 291 995 373 1027; x_wconf 83' lang='lat' dir='ltr'><strong>Haec</strong></span> <span class='ocrx_word' id='word_1_69' title='bbox 387 999 463 1029; x_wconf 79' lang='lat' dir='ltr'><strong>ultio</strong></span> <span class='ocrx_word' id='word_1_70' title='bbox 478 998 565 1030; x_wconf 68' lang='lat' dir='ltr'><strong>vobis</strong></span> <span class='ocrx_word' id='word_1_71' title='bbox 579 999 733 1036; x_wconf 82' lang='lat' dir='ltr'><strong>convenit,</strong></span> <span class='ocrx_word' id='word_1_72' title='bbox 754 998 934 1040; x_wconf 78' lang='lat' dir='ltr'><strong>priusquam</strong></span> <span class='ocrx_word' id='word_1_73' title='bbox 949 1001 1112 1030; x_wconf 81' lang='lat' dir='ltr'><strong>occurrant</strong></span> <span class='ocrx_word' id='word_1_74' title='bbox 1128 999 1293 1040; x_wconf 75' lang='lat' dir='ltr'><strong>AEmatltii,</strong></span> <span class='ocrx_word' id='word_1_75' title='bbox 1309 1004 1338 1033; x_wconf 77' lang='lat' dir='ltr'><strong>et</strong></span> <span class='ocrx_word' id='word_1_76' title='bbox 1357 1001 1500 1038; x_wconf 78' lang='lat' dir='ltr'><strong>Thraces,</strong></span> <span class='ocrx_word' id='word_1_77' title='bbox 1511 1008 1548 1032; x_wconf 78' lang='lat' dir='ltr'><strong>uc</strong></span> <span class='ocrx_word' id='word_1_78' title='bbox 1562 1008 1664 1032; x_wconf 70' lang='lat' dir='ltr'><strong>onmes</strong></span> <span class='ocrx_word' id='word_1_79' title='bbox 1681 1005 1737 1040; x_wconf 77' lang='lat' dir='ltr'><strong>po-</strong></span> 
     </span>
     <span class='ocr_line' id='line_1_15' title="bbox 287 1039 1736 1084; baseline 0.003 -15"><span class='ocrx_word' id='word_1_80' title='bbox 287 1039 369 1078; x_wconf 77' lang='lat' dir='ltr'><strong>puli,</strong></span> <span class='ocrx_word' id='word_1_81' title='bbox 393 1041 477 1080; x_wconf 79' lang='lat' dir='ltr'><strong>apud</strong></span> <span class='ocrx_word' id='word_1_82' title='bbox 490 1051 563 1081; x_wconf 78' lang='lat' dir='ltr'><strong>quos</strong></span> <span class='ocrx_word' id='word_1_83' title='bbox 577 1042 690 1072; x_wconf 77' lang='lat' dir='ltr'><strong>mortui</strong></span> <span class='ocrx_word' id='word_1_84' title='bbox 714 1044 899 1081; x_wconf 77' lang='lat' dir='ltr'><strong>cremantur,</strong></span> <span class='ocrx_word' id='word_1_85' title='bbox 924 1045 955 1072; x_wconf 85' lang='lat' dir='ltr'><strong>et</strong></span> <span class='ocrx_word' id='word_1_86' title='bbox 976 1041 1115 1073; x_wconf 80' lang='lat' dir='ltr'><strong>obtinent</strong></span> <span class='ocrx_word' id='word_1_87' title='bbox 1134 1042 1208 1081; x_wconf 72' lang='lat' dir='ltr'><strong>igne</strong></span> <span class='ocrx_word' id='word_1_88' title='bbox 1232 1052 1394 1083; x_wconf 69' lang='lat' dir='ltr'><strong>supremos</strong></span> <span class='ocrx_word' id='word_1_89' title='bbox 1408 1043 1573 1084; x_wconf 72' lang='lat' dir='ltr'><strong>sepultura</strong></span> <span class='ocrx_word' id='word_1_90' title='bbox 1597 1042 1736 1074; x_wconf 69' lang='lat' dir='ltr'><strong>honores.</strong></span> 
     </span>
     <span class='ocr_line' id='line_1_16' title="bbox 291 1081 1738 1126; baseline 0.003 -15"><span class='ocrx_word' id='word_1_91' title='bbox 291 1081 377 1112; x_wconf 85' lang='lat' dir='ltr'><strong>Nam</strong></span> <span class='ocrx_word' id='word_1_92' title='bbox 387 1082 456 1121; x_wconf 71' lang='lat' dir='ltr'><strong>quis</strong></span> <span class='ocrx_word' id='word_1_93' title='bbox 468 1083 530 1115; x_wconf 81' lang='lat' dir='ltr'><strong>erit</strong></span> <span class='ocrx_word' id='word_1_94' title='bbox 536 1084 685 1114; x_wconf 75' lang='lat' dir='ltr'><strong>saeviendi</strong></span> <span class='ocrx_word' id='word_1_95' title='bbox 704 1082 835 1116; x_wconf 76' lang='lat' dir='ltr'><strong>modus?</strong></span> <span class='ocrx_word' id='word_1_96' title='bbox 877 1083 976 1115; x_wconf 78' lang='lat' dir='ltr'><strong>Arma</strong></span> <span class='ocrx_word' id='word_1_97' title='bbox 991 1084 1169 1124; x_wconf 70' lang='lat' dir='ltr'><strong>intulimus.-</strong></span> <span class='ocrx_word' id='word_1_98' title='bbox 1192 1089 1268 1126; x_wconf 78' lang='lat' dir='ltr'><strong>esto,</strong></span> <span class='ocrx_word' id='word_1_99' title='bbox 1283 1087 1337 1118; x_wconf 79' lang='lat' dir='ltr'><strong>sed</strong></span> <span class='ocrx_word' id='word_1_100' title='bbox 1350 1085 1524 1118; x_wconf 69' lang='lat' dir='ltr'><strong>simultates</strong></span> <span class='ocrx_word' id='word_1_101' title='bbox 1537 1084 1738 1121; x_wconf 73' lang='lat' dir='ltr'><strong>interierunt.</strong></span> 
     </span>
     <span class='ocr_line' id='line_1_17' title="bbox 290 1124 1737 1169; baseline 0.001 -14"><span class='ocrx_word' id='word_1_102' title='bbox 290 1126 322 1154; x_wconf 79' lang='lat' dir='ltr'><strong>et</strong></span> <span class='ocrx_word' id='word_1_103' title='bbox 336 1124 433 1155; x_wconf 78' lang='lat' dir='ltr'><strong>letum</strong></span> <span class='ocrx_word' id='word_1_104' title='bbox 447 1125 606 1165; x_wconf 76' lang='lat' dir='ltr'><em>extinguit</em></span> <span class='ocrx_word' id='word_1_105' title='bbox 621 1129 765 1157; x_wconf 83' lang='lat' dir='ltr'><strong>cruentas</strong></span> <span class='ocrx_word' id='word_1_106' title='bbox 779 1126 854 1157; x_wconf 82' lang='lat' dir='ltr'><strong>iras.</strong></span> <span class='ocrx_word' id='word_1_107' title='bbox 903 1125 949 1157; x_wconf 76' lang='lat' dir='ltr'><strong>Tu</strong></span> <span class='ocrx_word' id='word_1_108' title='bbox 971 1136 1099 1167; x_wconf 79' lang='lat' dir='ltr'><strong>quoque,</strong></span> <span class='ocrx_word' id='word_1_109' title='bbox 1120 1129 1155 1157; x_wconf 83' lang='lat' dir='ltr'><strong>ut</strong></span> <span class='ocrx_word' id='word_1_110' title='bbox 1168 1127 1260 1166; x_wconf 82' lang='lat' dir='ltr'><strong>sama</strong></span> <span class='ocrx_word' id='word_1_111' title='bbox 1283 1129 1482 1169; x_wconf 74' lang='lat' dir='ltr'><strong>comperimus</strong></span> <span class='ocrx_word' id='word_1_112' title='bbox 1507 1131 1561 1160; x_wconf 75' lang='lat' dir='ltr'><strong>tua</strong></span> <span class='ocrx_word' id='word_1_113' title='bbox 1583 1127 1737 1168; x_wconf 71' lang='lat' dir='ltr'><strong>proeelnra</strong></span> 
     </span>
     <span class='ocr_line' id='line_1_18' title="bbox 280 1165 1737 1210; baseline 0.004 -13"><span class='ocrx_word' id='word_1_114' title='bbox 280 1165 440 1206; x_wconf 80' lang='lat' dir='ltr'><strong>facinora,</strong></span> <span class='ocrx_word' id='word_1_115' title='bbox 453 1177 515 1199; x_wconf 87' lang='lat' dir='ltr'><strong>non</strong></span> <span class='ocrx_word' id='word_1_116' title='bbox 530 1168 690 1200; x_wconf 75' lang='lat' dir='ltr'><strong><em>tradidisti</em></strong></span> <span class='ocrx_word' id='word_1_117' title='bbox 704 1168 797 1200; x_wconf 83' lang='lat' dir='ltr'><strong>Sinin</strong></span> <span class='ocrx_word' id='word_1_118' title='bbox 818 1172 849 1200; x_wconf 82' lang='lat' dir='ltr'><strong>et</strong></span> <span class='ocrx_word' id='word_1_119' title='bbox 863 1168 1029 1207; x_wconf 66' lang='lat' dir='ltr'><strong>nefandum</strong></span> <span class='ocrx_word' id='word_1_120' title='bbox 1046 1169 1204 1210; x_wconf 75' lang='lat' dir='ltr'><strong>Cercyona</strong></span> <span class='ocrx_word' id='word_1_121' title='bbox 1227 1170 1386 1202; x_wconf 70' lang='lat' dir='ltr'><strong>laniandos</strong></span> <span class='ocrx_word' id='word_1_122' title='bbox 1408 1171 1499 1202; x_wconf 74' lang='lat' dir='ltr'><strong>saevis</strong></span> <span class='ocrx_word' id='word_1_123' title='bbox 1522 1167 1684 1210; x_wconf 56' lang='lat' dir='ltr'><strong>domn,</strong></span> <span class='ocrx_word' id='word_1_124' title='bbox 1702 1171 1737 1203; x_wconf 72' lang='lat' dir='ltr'><strong>et</strong></span> 
     </span>
    </p>
   </div>
   <div class='ocr_carea' id='block_1_7' title="bbox 897 1261 1134 1278">
    <p class='ocr_par' dir='ltr' id='par_1_8' title="bbox 897 1261 1134 1278">
     <span class='ocr_line' id='line_1_19' title="bbox 897 1261 1134 1278; baseline 0.004 -3"><span class='ocrx_word' id='word_1_125' title='bbox 897 1261 972 1278; x_wconf 54' lang='lat' dir='ltr'><strong>‘OQ‘</strong></span> <span class='ocrx_word' id='word_1_126' title='bbox 975 1261 1134 1276; x_wconf 56' lang='lat' dir='ltr'><strong>mOOON</strong></span> 
     </span>
    </p>
   </div>
   <div class='ocr_carea' id='block_1_8' title="bbox 288 1327 1739 1584">
    <p class='ocr_par' dir='ltr' id='par_1_9' title="bbox 288 1327 1739 1584">
     <span class='ocr_line' id='line_1_20' title="bbox 294 1327 1737 1370; baseline 0.003 -13"><span class='ocrx_word' id='word_1_127' title='bbox 294 1327 455 1362; x_wconf 79' lang='lat' dir='ltr'><strong>Quantum</strong></span> <span class='ocrx_word' id='word_1_128' title='bbox 470 1327 588 1359; x_wconf 67' lang='lat' dir='ltr'><strong>etiam!</strong></span> <span class='ocrx_word' id='word_1_129' title='bbox 605 1328 821 1360; x_wconf 66' lang='lat' dir='ltr'><strong>Idem—569</strong></span> <span class='ocrx_word' id='word_1_130' title='bbox 841 1329 969 1361; x_wconf 84' lang='lat' dir='ltr'><strong>Vertere</strong></span> <span class='ocrx_word' id='word_1_131' title='bbox 981 1330 1143 1370; x_wconf 81' lang='lat' dir='ltr'><strong>permittat</strong></span> <span class='ocrx_word' id='word_1_132' title='bbox 1156 1331 1355 1362; x_wconf 76' lang='lat' dir='ltr'><strong>Dum-576</strong></span> <span class='ocrx_word' id='word_1_133' title='bbox 1371 1328 1473 1362; x_wconf 87' lang='lat' dir='ltr'><strong>Aldd.</strong></span> <span class='ocrx_word' id='word_1_134' title='bbox 1488 1328 1593 1361; x_wconf 86' lang='lat' dir='ltr'><strong>Colin.</strong></span> <span class='ocrx_word' id='word_1_135' title='bbox 1608 1327 1737 1370; x_wconf 77' lang='lat' dir='ltr'><strong>Gryph-</strong></span> 
     </span>
     <span class='ocr_line' id='line_1_21' title="bbox 290 1369 1735 1414; baseline 0.003 -14"><span class='ocrx_word' id='word_1_136' title='bbox 290 1374 327 1401; x_wconf 86' lang='lat' dir='ltr'><strong>et</strong></span> <span class='ocrx_word' id='word_1_137' title='bbox 344 1369 450 1401; x_wconf 60' lang='lat' dir='ltr'><strong>Basil„</strong></span> <span class='ocrx_word' id='word_1_138' title='bbox 496 1370 571 1401; x_wconf 79' lang='lat' dir='ltr'><strong>Non</strong></span> <span class='ocrx_word' id='word_1_139' title='bbox 595 1371 734 1402; x_wconf 77' lang='lat' dir='ltr'><strong>trucibus</strong></span> <span class='ocrx_word' id='word_1_140' title='bbox 758 1372 903 1404; x_wconf 73' lang='lat' dir='ltr'><strong>monstris</strong></span> <span class='ocrx_word' id='word_1_141' title='bbox 928 1373 1100 1414; x_wconf 79' lang='lat' dir='ltr'><strong>Busyrim;</strong></span> <span class='ocrx_word' id='word_1_142' title='bbox 1122 1377 1158 1404; x_wconf 90' lang='lat' dir='ltr'><strong>et</strong></span> <span class='ocrx_word' id='word_1_143' title='bbox 1182 1373 1231 1404; x_wconf 84' lang='lat' dir='ltr'><strong>ita</strong></span> <span class='ocrx_word' id='word_1_144' title='bbox 1253 1372 1403 1404; x_wconf 82' lang='lat' dir='ltr'>nonnulli</span> <span class='ocrx_word' id='word_1_145' title='bbox 1425 1372 1524 1405; x_wconf 82' lang='lat' dir='ltr'><strong>codd.</strong></span> <span class='ocrx_word' id='word_1_146' title='bbox 1547 1371 1735 1404; x_wconf 81' lang='lat' dir='ltr'><strong>Barthiani.</strong></span> 
     </span>
     <span class='ocr_line' id='line_1_22' title="bbox 290 1411 1739 1455; baseline 0.003 -13"><span class='ocrx_word' id='word_1_147' title='bbox 290 1411 399 1450; x_wconf 79' lang='lat' dir='ltr'><strong>Lang.</strong></span> <span class='ocrx_word' id='word_1_148' title='bbox 423 1412 526 1444; x_wconf 85' lang='lat' dir='ltr'><strong>Laur.</strong></span> <span class='ocrx_word' id='word_1_149' title='bbox 551 1413 683 1445; x_wconf 89' lang='lat' dir='ltr'><strong>Buslid.</strong></span> <span class='ocrx_word' id='word_1_150' title='bbox 715 1418 751 1445; x_wconf 92' lang='lat' dir='ltr'><strong>et</strong></span> <span class='ocrx_word' id='word_1_151' title='bbox 781 1414 933 1455; x_wconf 85' lang='lat' dir='ltr'><strong>Lipsian.</strong></span> <span class='ocrx_word' id='word_1_152' title='bbox 958 1414 1032 1446; x_wconf 89' lang='lat' dir='ltr'><strong>Non</strong></span> <span class='ocrx_word' id='word_1_153' title='bbox 1055 1415 1195 1446; x_wconf 67' lang='lat' dir='ltr'><strong>trucibus</strong></span> <span class='ocrx_word' id='word_1_154' title='bbox 1214 1415 1367 1446; x_wconf 67' lang='lat' dir='ltr'><strong>monstris</strong></span> <span class='ocrx_word' id='word_1_155' title='bbox 1387 1414 1417 1446; x_wconf 73' lang='grc' dir='ltr'><strong>εἰ</strong></span> <span class='ocrx_word' id='word_1_156' title='bbox 1439 1423 1522 1452; x_wconf 60' lang='lat' dir='ltr'><strong>nom·</strong></span> <span class='ocrx_word' id='word_1_157' title='bbox 1545 1413 1634 1446; x_wconf 88' lang='lat' dir='ltr'><strong>unde</strong></span> <span class='ocrx_word' id='word_1_158' title='bbox 1657 1414 1739 1446; x_wconf 85' lang='lat' dir='ltr'><strong>leet.-</strong></span> 
     </span>
     <span class='ocr_line' id='line_1_23' title="bbox 288 1455 1738 1498; baseline 0.002 -13"><span class='ocrx_word' id='word_1_159' title='bbox 288 1458 442 1486; x_wconf 82' lang='lat' dir='ltr'><strong>nostram</strong></span> <span class='ocrx_word' id='word_1_160' title='bbox 465 1456 654 1496; x_wconf 73' lang='lat' dir='ltr'><strong>exsculpsit</strong></span> <span class='ocrx_word' id='word_1_161' title='bbox 678 1456 890 1490; x_wconf 79' lang='lat' dir='ltr'><strong>Bernartius.</strong></span> <span class='ocrx_word' id='word_1_162' title='bbox 921 1457 1118 1489; x_wconf 85' lang='lat' dir='ltr'><strong>Dictionem</strong></span> <span class='ocrx_word' id='word_1_163' title='bbox 1141 1457 1293 1496; x_wconf 76' lang='lat' dir='ltr'><strong>Busirim,</strong></span> <span class='ocrx_word' id='word_1_164' title='bbox 1317 1467 1393 1498; x_wconf 81' lang='lat' dir='ltr'><strong>qnae</strong></span> <span class='ocrx_word' id='word_1_165' title='bbox 1420 1456 1542 1488; x_wconf 71' lang='lat' dir='ltr'><strong>omissa</strong></span> <span class='ocrx_word' id='word_1_166' title='bbox 1566 1455 1680 1487; x_wconf 81' lang='lat' dir='ltr'><strong>fuerat</strong></span> <span class='ocrx_word' id='word_1_167' title='bbox 1702 1456 1738 1488; x_wconf 91' lang='lat' dir='ltr'><strong>in</strong></span> 
     </span>
     <span class='ocr_line' id='line_1_24' title="bbox 290 1497 1736 1540; baseline 0.001 -12"><span class='ocrx_word' id='word_1_168' title='bbox 290 1500 403 1537; x_wconf 84' lang='lat' dir='ltr'><strong>textu,</strong></span> <span class='ocrx_word' id='word_1_169' title='bbox 418 1497 470 1528; x_wconf 88' lang='lat' dir='ltr'><strong>bis</strong></span> <span class='ocrx_word' id='word_1_170' title='bbox 487 1498 520 1528; x_wconf 89' lang='lat' dir='ltr'><strong>in</strong></span> <span class='ocrx_word' id='word_1_171' title='bbox 536 1499 687 1539; x_wconf 85' lang='lat' dir='ltr'><strong>margine</strong></span> <span class='ocrx_word' id='word_1_172' title='bbox 703 1499 886 1540; x_wconf 82' lang='lat' dir='ltr'><strong>ascriptam</strong></span> <span class='ocrx_word' id='word_1_173' title='bbox 900 1499 1006 1531; x_wconf 89' lang='lat' dir='ltr'><strong>habet</strong></span> <span class='ocrx_word' id='word_1_174' title='bbox 1021 1500 1141 1532; x_wconf 81' lang='lat' dir='ltr'><strong>Behot.</strong></span> <span class='ocrx_word' id='word_1_175' title='bbox 1157 1503 1187 1531; x_wconf 93' lang='lat'><strong>1.</strong></span> <span class='ocrx_word' id='word_1_176' title='bbox 1201 1500 1234 1531; x_wconf 92' lang='lat' dir='ltr'><strong>in</strong></span> <span class='ocrx_word' id='word_1_177' title='bbox 1250 1499 1358 1531; x_wconf 86' lang='lat' dir='ltr'><strong>altero</strong></span> <span class='ocrx_word' id='word_1_178' title='bbox 1374 1508 1455 1531; x_wconf 85' lang='lat' dir='ltr'><strong>vero</strong></span> <span class='ocrx_word' id='word_1_179' title='bbox 1470 1498 1592 1530; x_wconf 88' lang='lat' dir='ltr'><strong>Behot.</strong></span> <span class='ocrx_word' id='word_1_180' title='bbox 1608 1497 1736 1539; x_wconf 76' lang='lat' dir='ltr'><strong>scripta</strong></span> 
     </span>
     <span class='ocr_line' id='line_1_25' title="bbox 291 1539 1737 1584; baseline 0.001 -13"><span class='ocrx_word' id='word_1_181' title='bbox 291 1542 345 1571; x_wconf 80' lang='lat' dir='ltr'><strong>est</strong></span> <span class='ocrx_word' id='word_1_182' title='bbox 369 1539 403 1571; x_wconf 88' lang='lat' dir='ltr'><strong>in</strong></span> <span class='ocrx_word' id='word_1_183' title='bbox 419 1540 557 1582; x_wconf 79' lang='lat' dir='ltr'><strong>regione</strong></span> <span class='ocrx_word' id='word_1_184' title='bbox 571 1541 670 1582; x_wconf 82' lang='lat' dir='ltr'><strong>gloss.</strong></span> <span class='ocrx_word' id='word_1_185' title='bbox 694 1546 866 1583; x_wconf 83' lang='lat' dir='ltr'><strong>expuncta</strong></span> <span class='ocrx_word' id='word_1_186' title='bbox 881 1542 1032 1575; x_wconf 84' lang='lat' dir='ltr'><strong>dictione</strong></span> <span class='ocrx_word' id='word_1_187' title='bbox 1056 1542 1214 1583; x_wconf 79' lang='lat' dir='ltr'><strong>Sinonem,</strong></span> <span class='ocrx_word' id='word_1_188' title='bbox 1231 1552 1306 1584; x_wconf 84' lang='lat' dir='ltr'><strong>quae</strong></span> <span class='ocrx_word' id='word_1_189' title='bbox 1321 1542 1358 1574; x_wconf 83' lang='lat' dir='ltr'><strong>in</strong></span> <span class='ocrx_word' id='word_1_190' title='bbox 1373 1545 1537 1574; x_wconf 87' lang='lat' dir='ltr'><strong>contextu</strong></span> <span class='ocrx_word' id='word_1_191' title='bbox 1553 1541 1668 1582; x_wconf 16' lang='lat' dir='ltr'><strong>locum&gt;</strong></span> <span class='ocrx_word' id='word_1_192' title='bbox 1679 1549 1737 1572; x_wconf 87' lang='lat' dir='ltr'><strong>oc-</strong></span> 
     </span>
    </p>
   </div>
   <div class='ocr_carea' id='block_1_9' title="bbox 949 1630 1086 1663">
    <p class='ocr_par' dir='ltr' id='par_1_10' title="bbox 949 1630 1086 1663">
     <span class='ocr_line' id='line_1_26' title="bbox 949 1630 1086 1663; baseline 0 0"><span class='ocrx_word' id='word_1_193' title='bbox 949 1630 1086 1663; x_wconf 82' lang='lat' dir='ltr'>NOTAE</span> 
     </span>
    </p>
   </div>
   <div class='ocr_carea' id='block_1_10' title="bbox 289 1692 993 2836">
    <p class='ocr_par' dir='ltr' id='par_1_11' title="bbox 292 1692 985 1783">
     <span class='ocr_line' id='line_1_27' title="bbox 333 1692 985 1735; baseline 0.003 -11"><span class='ocrx_word' id='word_1_194' title='bbox 333 1694 396 1725; x_wconf 80' lang='lat'><strong>5⁷0</strong></span> <span class='ocrx_word' id='word_1_195' title='bbox 420 1693 612 1735; x_wconf 67' lang='lat' dir='ltr'><strong>Cecropidae]</strong></span> <span class='ocrx_word' id='word_1_196' title='bbox 635 1692 873 1735; x_wconf 81' lang='lat' dir='ltr'><strong>Athenienses,</strong></span> <span class='ocrx_word' id='word_1_197' title='bbox 887 1703 907 1726; x_wconf 77' lang='lat' dir='ltr'><strong>a</strong></span> <span class='ocrx_word' id='word_1_198' title='bbox 923 1694 985 1726; x_wconf 88' lang='lat' dir='ltr'><strong>Ce-</strong></span> 
     </span>
     <span class='ocr_line' id='line_1_28' title="bbox 292 1751 507 1783; baseline 0.005 -9"><span class='ocrx_word' id='word_1_199' title='bbox 292 1751 398 1783; x_wconf 85' lang='lat' dir='ltr'><strong>crope</strong></span> <span class='ocrx_word' id='word_1_200' title='bbox 416 1752 507 1783; x_wconf 84' lang='lat' dir='ltr'><strong>rege.</strong></span> 
     </span>
    </p>

    <p class='ocr_par' dir='ltr' id='par_1_12' title="bbox 289 1794 987 2026">
     <span class='ocr_line' id='line_1_29' title="bbox 332 1794 985 1835; baseline 0.002 -9"><span class='ocrx_word' id='word_1_201' title='bbox 332 1796 394 1826; x_wconf 81' lang='lat'><strong>5⁷1</strong></span> <span class='ocrx_word' id='word_1_202' title='bbox 421 1794 579 1835; x_wconf 73' lang='lat' dir='ltr'><strong>Emathii]</strong></span> <span class='ocrx_word' id='word_1_203' title='bbox 613 1794 846 1828; x_wconf 80' lang='lat' dir='ltr'><strong>Macedones:</strong></span> <span class='ocrx_word' id='word_1_204' title='bbox 867 1794 985 1827; x_wconf 82' lang='lat' dir='ltr'><strong>Mace-</strong></span> 
     </span>
     <span class='ocr_line' id='line_1_30' title="bbox 290 1843 984 1885; baseline 0.003 -10"><span class='ocrx_word' id='word_1_205' title='bbox 290 1843 392 1876; x_wconf 87' lang='lat' dir='ltr'><strong>donia</strong></span> <span class='ocrx_word' id='word_1_206' title='bbox 421 1844 510 1876; x_wconf 91' lang='lat' dir='ltr'><strong>enim</strong></span> <span class='ocrx_word' id='word_1_207' title='bbox 540 1844 632 1885; x_wconf 85' lang='lat' dir='ltr'><strong>prius</strong></span> <span class='ocrx_word' id='word_1_208' title='bbox 663 1845 818 1877; x_wconf 86' lang='lat' dir='ltr'><strong>Emathia</strong></span> <span class='ocrx_word' id='word_1_209' title='bbox 850 1850 984 1878; x_wconf 79' lang='lat' dir='ltr'><strong>vocata.</strong></span> 
     </span>
     <span class='ocr_line' id='line_1_31' title="bbox 293 1894 985 1936; baseline 0 -10"><span class='ocrx_word' id='word_1_210' title='bbox 293 1894 441 1935; x_wconf 78' lang='lat' dir='ltr'><strong>Thraces]</strong></span> <span class='ocrx_word' id='word_1_211' title='bbox 462 1894 551 1926; x_wconf 85' lang='lat' dir='ltr'><strong>Vide</strong></span> <span class='ocrx_word' id='word_1_212' title='bbox 581 1894 688 1926; x_wconf 85' lang='lat' dir='ltr'><strong>Theb.</strong></span> <span class='ocrx_word' id='word_1_213' title='bbox 713 1904 746 1927; x_wconf 85' lang='lat' dir='ltr'><strong>v.</strong></span> <span class='ocrx_word' id='word_1_214' title='bbox 797 1895 921 1936; x_wconf 80' lang='lat' dir='ltr'><strong>Volent]</strong></span> <span class='ocrx_word' id='word_1_215' title='bbox 943 1895 985 1927; x_wconf 93' lang='lat' dir='ltr'><strong>Id</strong></span> 
     </span>
     <span class='ocr_line' id='line_1_32' title="bbox 289 1943 987 1984; baseline 0.003 -10"><span class='ocrx_word' id='word_1_216' title='bbox 289 1948 353 1983; x_wconf 81' lang='lat' dir='ltr'><strong>est,</strong></span> <span class='ocrx_word' id='word_1_217' title='bbox 382 1943 557 1983; x_wconf 88' lang='lat' dir='ltr'><strong>advolent,</strong></span> <span class='ocrx_word' id='word_1_218' title='bbox 583 1953 642 1975; x_wconf 81' lang='lat' dir='ltr'><strong>seu</strong></span> <span class='ocrx_word' id='word_1_219' title='bbox 667 1951 859 1984; x_wconf 85' lang='lat' dir='ltr'><strong>accurrant,</strong></span> <span class='ocrx_word' id='word_1_220' title='bbox 884 1945 987 1977; x_wconf 85' lang='lat' dir='ltr'><strong>ulturi</strong></span> 
     </span>
     <span class='ocr_line' id='line_1_33' title="bbox 291 1993 710 2026; baseline 0 0"><span class='ocrx_word' id='word_1_221' title='bbox 291 1999 360 2026; x_wconf 86' lang='lat' dir='ltr'><strong>tam</strong></span> <span class='ocrx_word' id='word_1_222' title='bbox 377 1993 551 2026; x_wconf 80' lang='lat' dir='ltr'><strong>infandum</strong></span> <span class='ocrx_word' id='word_1_223' title='bbox 567 1993 710 2026; x_wconf 84' lang='lat' dir='ltr'><strong>facinus.</strong></span> 
     </span>
    </p>

    <p class='ocr_par' dir='ltr' id='par_1_13' title="bbox 290 2043 988 2335">
     <span class='ocr_line' id='line_1_34' title="bbox 334 2043 985 2084; baseline 0 -8"><span class='ocrx_word' id='word_1_224' title='bbox 334 2047 398 2077; x_wconf 83' lang='lat'><strong>572</strong></span> <span class='ocrx_word' id='word_1_225' title='bbox 422 2045 509 2075; x_wconf 85' lang='lat' dir='ltr'><strong>Gens</strong></span> <span class='ocrx_word' id='word_1_226' title='bbox 532 2053 643 2075; x_wconf 83' lang='lat' dir='ltr'><strong>arsura</strong></span> <span class='ocrx_word' id='word_1_227' title='bbox 666 2043 770 2084; x_wconf 84' lang='lat' dir='ltr'><strong>rogis]</strong></span> <span class='ocrx_word' id='word_1_228' title='bbox 800 2044 889 2078; x_wconf 81' lang='lat' dir='ltr'><strong>Quia</strong></span> <span class='ocrx_word' id='word_1_229' title='bbox 919 2055 985 2076; x_wconf 91' lang='lat' dir='ltr'><strong>non</strong></span> 
     </span>
     <span class='ocr_line' id='line_1_35' title="bbox 291 2095 988 2136; baseline 0 -10"><span class='ocrx_word' id='word_1_230' title='bbox 291 2103 405 2126; x_wconf 82' lang='lat' dir='ltr'><strong>omnes</strong></span> <span class='ocrx_word' id='word_1_231' title='bbox 442 2095 559 2135; x_wconf 86' lang='lat' dir='ltr'><strong>populi</strong></span> <span class='ocrx_word' id='word_1_232' title='bbox 597 2099 803 2126; x_wconf 84' lang='lat' dir='ltr'><strong>mortuorum</strong></span> <span class='ocrx_word' id='word_1_233' title='bbox 845 2105 988 2136; x_wconf 89' lang='lat' dir='ltr'><strong>corpora</strong></span> 
     </span>
     <span class='ocr_line' id='line_1_36' title="bbox 290 2144 988 2187; baseline 0.001 -12"><span class='ocrx_word' id='word_1_234' title='bbox 290 2144 490 2176; x_wconf 86' lang='lat' dir='ltr'><strong>cremabant</strong></span> <span class='ocrx_word' id='word_1_235' title='bbox 509 2155 516 2175; x_wconf 91' lang='lat'><strong>:</strong></span> <span class='ocrx_word' id='word_1_236' title='bbox 540 2144 657 2176; x_wconf 74' lang='lat' dir='ltr'><strong>Persae</strong></span> <span class='ocrx_word' id='word_1_237' title='bbox 681 2145 769 2176; x_wconf 90' lang='lat' dir='ltr'><strong>enim</strong></span> <span class='ocrx_word' id='word_1_238' title='bbox 786 2149 822 2177; x_wconf 90' lang='lat' dir='ltr'><strong>et</strong></span> <span class='ocrx_word' id='word_1_239' title='bbox 838 2146 988 2187; x_wconf 84' lang='lat' dir='ltr'><strong>AEgyptii</strong></span> 
     </span>
     <span class='ocr_line' id='line_1_37' title="bbox 291 2193 988 2235; baseline 0.003 -11"><span class='ocrx_word' id='word_1_240' title='bbox 291 2193 386 2225; x_wconf 75' lang='lat' dir='ltr'><strong>nefas</strong></span> <span class='ocrx_word' id='word_1_241' title='bbox 415 2193 580 2235; x_wconf 79' lang='lat' dir='ltr'><strong>putabant</strong></span> <span class='ocrx_word' id='word_1_242' title='bbox 602 2198 752 2226; x_wconf 82' lang='lat' dir='ltr'><strong>mortuos</strong></span> <span class='ocrx_word' id='word_1_243' title='bbox 777 2195 988 2234; x_wconf 80' lang='lat' dir='ltr'><strong>comburere,</strong></span> 
     </span>
     <span class='ocr_line' id='line_1_38' title="bbox 291 2238 988 2287; baseline 0.001 -12"><span class='ocrx_word' id='word_1_244' title='bbox 291 2244 334 2275; x_wconf 90' lang='lat' dir='ltr'><strong>ob</strong></span> <span class='ocrx_word' id='word_1_245' title='bbox 364 2244 511 2276; x_wconf 85' lang='lat' dir='ltr'><strong>rationes</strong></span> <span class='ocrx_word' id='word_1_246' title='bbox 534 2254 616 2285; x_wconf 84' lang='lat' dir='ltr'><strong>quas</strong></span> <span class='ocrx_word' id='word_1_247' title='bbox 644 2238 842 2277; x_wconf 80' lang='lat' dir='ltr'><strong>Herodotus</strong></span> <span class='ocrx_word' id='word_1_248' title='bbox 869 2244 988 2287; x_wconf 84' lang='lat' dir='ltr'><strong>refert,</strong></span> 
     </span>
     <span class='ocr_line' id='line_1_39' title="bbox 293 2294 707 2335; baseline 0 -11"><span class='ocrx_word' id='word_1_249' title='bbox 293 2294 425 2335; x_wconf 81' lang='lat' dir='ltr'><strong>agendo</strong></span> <span class='ocrx_word' id='word_1_250' title='bbox 441 2294 484 2325; x_wconf 87' lang='lat' dir='ltr'><strong>de</strong></span> <span class='ocrx_word' id='word_1_251' title='bbox 499 2294 549 2324; x_wconf 80' lang='lat' dir='ltr'><strong>his</strong></span> <span class='ocrx_word' id='word_1_252' title='bbox 563 2294 707 2335; x_wconf 86' lang='lat' dir='ltr'><strong>populis.</strong></span> 
     </span>
    </p>

    <p class='ocr_par' dir='ltr' id='par_1_14' title="bbox 333 2343 839 2385">
     <span class='ocr_line' id='line_1_40' title="bbox 333 2343 839 2385; baseline 0.002 -10"><span class='ocrx_word' id='word_1_253' title='bbox 333 2346 396 2376; x_wconf 76' lang='lat'><strong>573</strong></span> <span class='ocrx_word' id='word_1_254' title='bbox 421 2343 554 2385; x_wconf 84' lang='lat' dir='ltr'><strong>Saeuire]</strong></span> <span class='ocrx_word' id='word_1_255' title='bbox 578 2343 648 2375; x_wconf 80' lang='lat' dir='ltr'><strong>Pro</strong></span> <span class='ocrx_word' id='word_1_256' title='bbox 664 2344 839 2376; x_wconf 75' lang='lat' dir='ltr'><strong>saeviendi.</strong></span> 
     </span>
    </p>

    <p class='ocr_par' dir='ltr' id='par_1_15' title="bbox 291 2394 993 2836">
     <span class='ocr_line' id='line_1_41' title="bbox 335 2394 989 2431; baseline 0.002 -6"><span class='ocrx_word' id='word_1_257' title='bbox 335 2397 399 2425; x_wconf 85' lang='grc'><strong>574</strong></span> <span class='ocrx_word' id='word_1_258' title='bbox 422 2394 486 2426; x_wconf 77' lang='lat' dir='ltr'><strong>Sed</strong></span> <span class='ocrx_word' id='word_1_259' title='bbox 501 2394 634 2425; x_wconf 76' lang='lat' dir='ltr'><strong>cecidere</strong></span> <span class='ocrx_word' id='word_1_260' title='bbox 647 2395 728 2431; x_wconf 80' lang='lat' dir='ltr'><strong>odia,</strong></span> <span class='ocrx_word' id='word_1_261' title='bbox 741 2398 773 2426; x_wconf 82' lang='lat' dir='ltr'><strong>et</strong></span> <span class='ocrx_word' id='word_1_262' title='bbox 787 2395 895 2426; x_wconf 76' lang='lat' dir='ltr'><strong>tristes</strong></span> <span class='ocrx_word' id='word_1_263' title='bbox 908 2406 989 2427; x_wconf 75' lang='lat' dir='ltr'><strong>mors</strong></span> 
     </span>
     <span class='ocr_line' id='line_1_42' title="bbox 291 2442 985 2486; baseline 0.001 -11"><span class='ocrx_word' id='word_1_264' title='bbox 291 2444 395 2479; x_wconf 77' lang='lat' dir='ltr'><strong>obruit</strong></span> <span class='ocrx_word' id='word_1_265' title='bbox 419 2442 500 2483; x_wconf 79' lang='lat' dir='ltr'><strong>iras]</strong></span> <span class='ocrx_word' id='word_1_266' title='bbox 534 2443 715 2484; x_wconf 81' lang='lat' dir='ltr'><strong>Euripides</strong></span> <span class='ocrx_word' id='word_1_267' title='bbox 745 2445 985 2486; x_wconf 81' lang='lat' dir='ltr'><strong>supplicibus:</strong></span> 
     </span>
     <span class='ocr_line' id='line_1_43' title="bbox 294 2494 987 2537; baseline 0.001 -11"><span class='ocrx_word' id='word_1_268' title='bbox 294 2494 329 2526; x_wconf 77' lang='lat' dir='ltr'><strong>Ei</strong></span> <span class='ocrx_word' id='word_1_269' title='bbox 343 2494 405 2535; x_wconf 83' lang='grc' dir='ltr'><strong><em>’γάρ</em></strong></span> <span class='ocrx_word' id='word_1_270' title='bbox 428 2505 459 2526; x_wconf 86' lang='grc' dir='ltr'><strong>τι</strong></span> <span class='ocrx_word' id='word_1_271' title='bbox 482 2494 532 2526; x_wconf 75' lang='grc' dir='ltr'><strong>καὶ</strong></span> <span class='ocrx_word' id='word_1_272' title='bbox 556 2494 721 2526; x_wconf 82' lang='grc' dir='ltr'>πεπόνθατ’</span> <span class='ocrx_word' id='word_1_273' title='bbox 745 2495 891 2536; x_wconf 74' lang='grc' dir='ltr'>Ἀργείων</span> <span class='ocrx_word' id='word_1_274' title='bbox 916 2495 987 2537; x_wconf 75' lang='grc' dir='ltr'>ὕπο,</span> 
     </span>
     <span class='ocr_line' id='line_1_44' title="bbox 293 2543 988 2585; baseline 0.001 -8"><span class='ocrx_word' id='word_1_275' title='bbox 293 2543 612 2585; x_wconf 77' lang='grc' dir='ltr'>Τεθνᾶσιν,ἠμῦνασθε</span> <span class='ocrx_word' id='word_1_276' title='bbox 624 2545 788 2584; x_wconf 77' lang='grc' dir='ltr'>πολεμίους</span> <span class='ocrx_word' id='word_1_277' title='bbox 799 2548 911 2577; x_wconf 81' lang='grc' dir='ltr'><strong>καλῶς.</strong></span> <span class='ocrx_word' id='word_1_278' title='bbox 928 2547 988 2578; x_wconf 80' lang='lat' dir='ltr'><strong>Fe-</strong></span> 
     </span>
     <span class='ocr_line' id='line_1_45' title="bbox 294 2596 987 2637; baseline -0.001 -8"><span class='ocrx_word' id='word_1_279' title='bbox 294 2606 362 2629; x_wconf 86' lang='lat' dir='ltr'><strong>cere</strong></span> <span class='ocrx_word' id='word_1_280' title='bbox 385 2596 472 2628; x_wconf 82' lang='lat' dir='ltr'><strong>vobis</strong></span> <span class='ocrx_word' id='word_1_281' title='bbox 497 2596 526 2626; x_wconf 82' lang='lat' dir='ltr'><strong>si</strong></span> <span class='ocrx_word' id='word_1_282' title='bbox 551 2597 624 2637; x_wconf 81' lang='lat' dir='ltr'><strong>quid</strong></span> <span class='ocrx_word' id='word_1_283' title='bbox 650 2596 767 2636; x_wconf 73' lang='lat' dir='ltr'><strong>Argivi</strong></span> <span class='ocrx_word' id='word_1_284' title='bbox 795 2597 885 2637; x_wconf 86' lang='lat' dir='ltr'><strong>mole,</strong></span> <span class='ocrx_word' id='word_1_285' title='bbox 910 2597 987 2628; x_wconf 83' lang='lat' dir='ltr'><strong>ceci-</strong></span> 
     </span>
     <span class='ocr_line' id='line_1_46' title="bbox 293 2645 990 2683; baseline 0 -5"><span class='ocrx_word' id='word_1_286' title='bbox 293 2648 377 2683; x_wconf 84' lang='lat' dir='ltr'><strong>dere,</strong></span> <span class='ocrx_word' id='word_1_287' title='bbox 399 2646 432 2677; x_wconf 84' lang='lat' dir='ltr'><strong>in</strong></span> <span class='ocrx_word' id='word_1_288' title='bbox 457 2645 557 2677; x_wconf 78' lang='lat' dir='ltr'><strong>hostes</strong></span> <span class='ocrx_word' id='word_1_289' title='bbox 578 2647 641 2677; x_wconf 81' lang='lat' dir='ltr'><strong>ista</strong></span> <span class='ocrx_word' id='word_1_290' title='bbox 662 2646 803 2679; x_wconf 80' lang='lat' dir='ltr'><strong>vindicta</strong></span> <span class='ocrx_word' id='word_1_291' title='bbox 827 2651 874 2678; x_wconf 76' lang='lat' dir='ltr'><strong>est</strong></span> <span class='ocrx_word' id='word_1_292' title='bbox 899 2647 990 2679; x_wconf 80' lang='lat' dir='ltr'><strong>satis.</strong></span> 
     </span>
     <span class='ocr_line' id='line_1_47' title="bbox 294 2694 990 2737; baseline 0 -10"><span class='ocrx_word' id='word_1_293' title='bbox 294 2694 447 2728; x_wconf 79' lang='lat' dir='ltr'><strong>Eandem</strong></span> <span class='ocrx_word' id='word_1_294' title='bbox 464 2704 596 2726; x_wconf 82' lang='lat' dir='ltr'><strong>causam</strong></span> <span class='ocrx_word' id='word_1_295' title='bbox 614 2695 726 2726; x_wconf 74' lang='lat' dir='ltr'><strong>reddit</strong></span> <span class='ocrx_word' id='word_1_296' title='bbox 743 2696 893 2737; x_wconf 76' lang='lat' dir='ltr'><strong>Optatus</strong></span> <span class='ocrx_word' id='word_1_297' title='bbox 909 2696 990 2728; x_wconf 89' lang='lat' dir='ltr'><strong>Mil-</strong></span> 
     </span>
     <span class='ocr_line' id='line_1_48' title="bbox 293 2744 993 2779; baseline 0.001 -1"><span class='ocrx_word' id='word_1_298' title='bbox 293 2745 463 2778; x_wconf 86' lang='lat' dir='ltr'><strong>levitanus</strong></span> <span class='ocrx_word' id='word_1_299' title='bbox 481 2755 489 2776; x_wconf 88' lang='lat'><strong>:</strong></span> <span class='ocrx_word' id='word_1_300' title='bbox 506 2746 524 2762; x_wconf 88' lang='lat'><strong>·‘</strong></span> <span class='ocrx_word' id='word_1_301' title='bbox 539 2745 574 2776; x_wconf 89' lang='lat' dir='ltr'><strong>Si</strong></span> <span class='ocrx_word' id='word_1_302' title='bbox 598 2744 686 2775; x_wconf 86' lang='lat' dir='ltr'><strong>inter</strong></span> <span class='ocrx_word' id='word_1_303' title='bbox 708 2745 858 2778; x_wconf 76' lang='lat' dir='ltr'><strong>viventes</strong></span> <span class='ocrx_word' id='word_1_304' title='bbox 878 2746 993 2779; x_wconf 81' lang='lat' dir='ltr'><strong>fuerat</strong></span> 
     </span>
     <span class='ocr_line' id='line_1_49' title="bbox 296 2793 992 2836; baseline 0 -8"><span class='ocrx_word' id='word_1_305' title='bbox 296 2799 484 2836; x_wconf 81' lang='lat' dir='ltr'><strong>certamen,</strong></span> <span class='ocrx_word' id='word_1_306' title='bbox 510 2793 587 2827; x_wconf 84' lang='lat' dir='ltr'><strong>odia</strong></span> <span class='ocrx_word' id='word_1_307' title='bbox 607 2799 721 2826; x_wconf 83' lang='lat' dir='ltr'><strong>vestra</strong></span> <span class='ocrx_word' id='word_1_308' title='bbox 738 2797 791 2827; x_wconf 93' lang='lat' dir='ltr'><strong>vel</strong></span> <span class='ocrx_word' id='word_1_309' title='bbox 807 2806 896 2828; x_wconf 91' lang='lat' dir='ltr'><strong>mors</strong></span> <span class='ocrx_word' id='word_1_310' title='bbox 913 2796 992 2828; x_wconf 80' lang='lat' dir='ltr'><strong>alie-</strong></span> 
     </span>
    </p>
   </div>
   <div class='ocr_carea' id='block_1_11' title="bbox 1039 1694 1786 2787">
    <p class='ocr_par' dir='ltr' id='par_1_16' title="bbox 1039 1694 1786 2128">
     <span class='ocr_line' id='line_1_50' title="bbox 1039 1694 1735 1735; baseline -0.001 -10"><span class='ocrx_word' id='word_1_311' title='bbox 1039 1703 1084 1725; x_wconf 87' lang='lat' dir='ltr'><strong>na</strong></span> <span class='ocrx_word' id='word_1_312' title='bbox 1107 1699 1314 1735; x_wconf 74' lang='lat' dir='ltr'><strong>compescat.</strong></span> <span class='ocrx_word' id='word_1_313' title='bbox 1356 1694 1436 1727; x_wconf 77' lang='lat' dir='ltr'><strong>Jam</strong></span> <span class='ocrx_word' id='word_1_314' title='bbox 1462 1695 1555 1726; x_wconf 81' lang='lat' dir='ltr'><strong>tacet</strong></span> <span class='ocrx_word' id='word_1_315' title='bbox 1577 1701 1654 1725; x_wconf 83' lang='lat' dir='ltr'><strong>cum</strong></span> <span class='ocrx_word' id='word_1_316' title='bbox 1669 1701 1735 1734; x_wconf 83' lang='lat' dir='ltr'><strong>quo</strong></span> 
     </span>
     <span class='ocr_line' id='line_1_51' title="bbox 1039 1743 1737 1785; baseline -0.001 -10"><span class='ocrx_word' id='word_1_317' title='bbox 1039 1743 1223 1785; x_wconf 60' lang='lat' dir='ltr'><strong>litigabas)</strong></span> <span class='ocrx_word' id='word_1_318' title='bbox 1266 1744 1332 1776; x_wconf 91' lang='lat' dir='ltr'><strong>Dio</strong></span> <span class='ocrx_word' id='word_1_319' title='bbox 1363 1744 1620 1785; x_wconf 79' lang='lat' dir='ltr'><strong>Chrysostomus</strong></span> <span class='ocrx_word' id='word_1_320' title='bbox 1650 1743 1737 1775; x_wconf 82' lang='lat' dir='ltr'><strong>Ora-</strong></span> 
     </span>
     <span class='ocr_line' id='line_1_52' title="bbox 1040 1792 1736 1835; baseline -0.001 -10"><span class='ocrx_word' id='word_1_321' title='bbox 1040 1794 1132 1826; x_wconf 81' lang='lat' dir='ltr'><strong>tione</strong></span> <span class='ocrx_word' id='word_1_322' title='bbox 1158 1794 1202 1826; x_wconf 91' lang='lat' dir='ltr'><strong>de</strong></span> <span class='ocrx_word' id='word_1_323' title='bbox 1230 1795 1334 1835; x_wconf 85' lang='lat' dir='ltr'><strong>Lege.</strong></span> <span class='ocrx_word' id='word_1_324' title='bbox 1378 1794 1439 1827; x_wconf 79' lang='grc' dir='ltr'><strong>Διὰ</strong></span> <span class='ocrx_word' id='word_1_325' title='bbox 1451 1795 1562 1826; x_wconf 79' lang='grc' dir='ltr'>τοῦτον</span> <span class='ocrx_word' id='word_1_326' title='bbox 1574 1792 1647 1826; x_wconf 73' lang='grc' dir='ltr'><strong>τοὺς</strong></span> <span class='ocrx_word' id='word_1_327' title='bbox 1660 1792 1736 1824; x_wconf 70' lang='grc' dir='ltr'>ἀπο-</span> 
     </span>
     <span class='ocr_line' id='line_1_53' title="bbox 1040 1843 1735 1885; baseline -0.003 -10"><span class='ocrx_word' id='word_1_328' title='bbox 1040 1844 1186 1877; x_wconf 79' lang='grc' dir='ltr'><strong><em>θανόντας</em></strong></span> <span class='ocrx_word' id='word_1_329' title='bbox 1215 1844 1313 1878; x_wconf 77' lang='grc' dir='ltr'><strong><em>οὐδεὶς</em></strong></span> <span class='ocrx_word' id='word_1_330' title='bbox 1348 1845 1395 1877; x_wconf 70' lang='grc' dir='ltr'><strong>ἔτι</strong></span> <span class='ocrx_word' id='word_1_331' title='bbox 1433 1844 1597 1885; x_wconf 75' lang='grc' dir='ltr'><strong><em>πολεμίους</em></strong></span> <span class='ocrx_word' id='word_1_332' title='bbox 1629 1843 1735 1885; x_wconf 71' lang='grc' dir='ltr'><strong><em>κρίνει,</em></strong></span> 
     </span>
     <span class='ocr_line' id='line_1_54' title="bbox 1041 1888 1735 1937; baseline 0.001 -10"><span class='ocrx_word' id='word_1_333' title='bbox 1041 1894 1111 1927; x_wconf 81' lang='grc' dir='ltr'>οὐδὲ</span> <span class='ocrx_word' id='word_1_334' title='bbox 1124 1895 1180 1932; x_wconf 77' lang='grc' dir='ltr'><strong>τὴν</strong></span> <span class='ocrx_word' id='word_1_335' title='bbox 1197 1893 1310 1936; x_wconf 83' lang='grc' dir='ltr'>ἔχθραν</span> <span class='ocrx_word' id='word_1_336' title='bbox 1323 1894 1375 1927; x_wconf 74' lang='grc' dir='ltr'><strong>καὶ</strong></span> <span class='ocrx_word' id='word_1_337' title='bbox 1387 1894 1445 1933; x_wconf 81' lang='grc' dir='ltr'><strong>τὴν</strong></span> <span class='ocrx_word' id='word_1_338' title='bbox 1465 1894 1551 1937; x_wconf 74' lang='grc' dir='ltr'>ὕβριν</span> <span class='ocrx_word' id='word_1_339' title='bbox 1565 1892 1608 1927; x_wconf 72' lang='grc' dir='ltr'><strong>εἰς</strong></span> <span class='ocrx_word' id='word_1_340' title='bbox 1620 1893 1661 1926; x_wconf 75' lang='grc' dir='ltr'><strong>τὰ</strong></span> <span class='ocrx_word' id='word_1_341' title='bbox 1673 1888 1735 1928; x_wconf 52' lang='grc' dir='ltr'><strong>σόὲ</strong></span> 
     </span>
     <span class='ocr_line' id='line_1_55' title="bbox 1039 1944 1735 1986; baseline 0 -10"><span class='ocrx_word' id='word_1_342' title='bbox 1039 1957 1123 1984; x_wconf 81' lang='grc' dir='ltr'>ματα</span> <span class='ocrx_word' id='word_1_343' title='bbox 1137 1945 1236 1976; x_wconf 73' lang='grc' dir='ltr'>αὐτῶν</span> <span class='ocrx_word' id='word_1_344' title='bbox 1250 1944 1475 1978; x_wconf 65' lang='grc' dir='ltr'>ἐπιδείκνυται.</span> <span class='ocrx_word' id='word_1_345' title='bbox 1506 1945 1644 1986; x_wconf 72' lang='lat' dir='ltr'><strong>Propter</strong></span> <span class='ocrx_word' id='word_1_346' title='bbox 1654 1944 1735 1976; x_wconf 68' lang='lat' dir='ltr'><strong>hanc</strong></span> 
     </span>
     <span class='ocr_line' id='line_1_56' title="bbox 1040 1993 1786 2036; baseline -0.003 -9"><span class='ocrx_word' id='word_1_347' title='bbox 1040 1999 1178 2027; x_wconf 74' lang='lat' dir='ltr'><strong>mortuos</strong></span> <span class='ocrx_word' id='word_1_348' title='bbox 1195 2006 1283 2028; x_wconf 82' lang='lat' dir='ltr'><strong>nemo</strong></span> <span class='ocrx_word' id='word_1_349' title='bbox 1295 1995 1422 2035; x_wconf 70' lang='lat' dir='ltr'><strong>judicat</strong></span> <span class='ocrx_word' id='word_1_350' title='bbox 1446 1996 1559 2036; x_wconf 72' lang='lat' dir='ltr'><strong>hostes,</strong></span> <span class='ocrx_word' id='word_1_351' title='bbox 1575 1993 1736 2035; x_wconf 76' lang='lat' dir='ltr'><strong>neque-ira</strong></span> <span class='ocrx_word' id='word_1_352' title='bbox 1784 2004 1786 2006; x_wconf 94' lang='lat'>·</span> 
     </span>
     <span class='ocr_line' id='line_1_57' title="bbox 1039 2043 1738 2088; baseline -0.001 -10"><span class='ocrx_word' id='word_1_353' title='bbox 1039 2057 1136 2087; x_wconf 79' lang='lat' dir='ltr'><strong>neque</strong></span> <span class='ocrx_word' id='word_1_354' title='bbox 1150 2047 1268 2088; x_wconf 74' lang='lat' dir='ltr'><strong>injuria</strong></span> <span class='ocrx_word' id='word_1_355' title='bbox 1288 2047 1322 2078; x_wconf 83' lang='lat' dir='ltr'><strong>in</strong></span> <span class='ocrx_word' id='word_1_356' title='bbox 1341 2055 1442 2078; x_wconf 77' lang='lat' dir='ltr'><strong>eornm</strong></span> <span class='ocrx_word' id='word_1_357' title='bbox 1456 2054 1582 2087; x_wconf 71' lang='lat' dir='ltr'><strong>corpora</strong></span> <span class='ocrx_word' id='word_1_358' title='bbox 1594 2043 1738 2077; x_wconf 71' lang='lat' dir='ltr'><strong>extendi·</strong></span> 
     </span>
     <span class='ocr_line' id='line_1_58' title="bbox 1041 2100 1104 2128; baseline 0 0"><span class='ocrx_word' id='word_1_359' title='bbox 1041 2100 1104 2128; x_wconf 76' lang='lat' dir='ltr'><strong>tur.</strong></span> 
     </span>
    </p>

    <p class='ocr_par' dir='ltr' id='par_1_17' title="bbox 1041 2144 1739 2787">
     <span class='ocr_line' id='line_1_59' title="bbox 1083 2144 1736 2187; baseline -0.003 -9"><span class='ocrx_word' id='word_1_360' title='bbox 1083 2149 1147 2179; x_wconf 83' lang='grc'><strong>576</strong></span> <span class='ocrx_word' id='word_1_361' title='bbox 1168 2146 1278 2187; x_wconf 76' lang='lat' dir='ltr'><strong>Sinin]</strong></span> <span class='ocrx_word' id='word_1_362' title='bbox 1306 2145 1394 2178; x_wconf 82' lang='lat' dir='ltr'><strong>Sinis</strong></span> <span class='ocrx_word' id='word_1_363' title='bbox 1419 2144 1557 2187; x_wconf 78' lang='lat' dir='ltr'><strong>insignis</strong></span> <span class='ocrx_word' id='word_1_364' title='bbox 1583 2144 1672 2187; x_wconf 85' lang='lat' dir='ltr'><strong>latro</strong></span> <span class='ocrx_word' id='word_1_365' title='bbox 1699 2147 1736 2176; x_wconf 84' lang='lat' dir='ltr'><strong>et</strong></span> 
     </span>
     <span class='ocr_line' id='line_1_60' title="bbox 1041 2193 1738 2238; baseline -0.001 -11"><span class='ocrx_word' id='word_1_366' title='bbox 1041 2197 1304 2233; x_wconf 85' lang='lat' dir='ltr'><strong>crudelissimus,</strong></span> <span class='ocrx_word' id='word_1_367' title='bbox 1328 2195 1386 2238; x_wconf 87' lang='lat' dir='ltr'><strong>qni</strong></span> <span class='ocrx_word' id='word_1_368' title='bbox 1411 2195 1576 2228; x_wconf 76' lang='lat' dir='ltr'><strong>Isthmum</strong></span> <span class='ocrx_word' id='word_1_369' title='bbox 1601 2193 1738 2227; x_wconf 84' lang='lat' dir='ltr'><strong>obside-</strong></span> 
     </span>
     <span class='ocr_line' id='line_1_61' title="bbox 1042 2245 1736 2287; baseline -0.001 -9"><span class='ocrx_word' id='word_1_370' title='bbox 1042 2247 1101 2278; x_wconf 83' lang='lat' dir='ltr'><strong>bat</strong></span> <span class='ocrx_word' id='word_1_371' title='bbox 1132 2248 1397 2287; x_wconf 79' lang='lat' dir='ltr'><strong>Corinthiacum,</strong></span> <span class='ocrx_word' id='word_1_372' title='bbox 1423 2246 1480 2279; x_wconf 87' lang='lat' dir='ltr'><strong>ubi</strong></span> <span class='ocrx_word' id='word_1_373' title='bbox 1502 2247 1651 2278; x_wconf 75' lang='lat' dir='ltr'><strong>viatores</strong></span> <span class='ocrx_word' id='word_1_374' title='bbox 1676 2245 1736 2278; x_wconf 85' lang='lat' dir='ltr'><strong>ob·</strong></span> 
     </span>
     <span class='ocr_line' id='line_1_62' title="bbox 1041 2297 1737 2338; baseline -0.001 -10"><span class='ocrx_word' id='word_1_375' title='bbox 1041 2297 1210 2333; x_wconf 80' lang='lat' dir='ltr'><strong>servabat,</strong></span> <span class='ocrx_word' id='word_1_376' title='bbox 1247 2306 1398 2338; x_wconf 86' lang='lat' dir='ltr'><strong>quosque</strong></span> <span class='ocrx_word' id='word_1_377' title='bbox 1438 2305 1562 2337; x_wconf 80' lang='lat' dir='ltr'><strong>capere</strong></span> <span class='ocrx_word' id='word_1_378' title='bbox 1599 2299 1737 2336; x_wconf 79' lang='lat' dir='ltr'><strong>poterat</strong></span> 
     </span>
     <span class='ocr_line' id='line_1_63' title="bbox 1041 2345 1738 2378; baseline -0.001 0"><span class='ocrx_word' id='word_1_379' title='bbox 1041 2346 1238 2378; x_wconf 83' lang='lat' dir='ltr'><strong>arctissimis</strong></span> <span class='ocrx_word' id='word_1_380' title='bbox 1261 2346 1402 2378; x_wconf 88' lang='lat' dir='ltr'><strong>vinculis</strong></span> <span class='ocrx_word' id='word_1_381' title='bbox 1424 2345 1465 2377; x_wconf 81' lang='lat' dir='ltr'><strong>ad</strong></span> <span class='ocrx_word' id='word_1_382' title='bbox 1489 2354 1599 2377; x_wconf 86' lang='lat' dir='ltr'><strong>ramos</strong></span> <span class='ocrx_word' id='word_1_383' title='bbox 1625 2345 1738 2377; x_wconf 84' lang='lat' dir='ltr'><strong>diver·</strong></span> 
     </span>
     <span class='ocr_line' id='line_1_64' title="bbox 1042 2395 1735 2437; baseline -0.001 -9"><span class='ocrx_word' id='word_1_384' title='bbox 1042 2406 1151 2428; x_wconf 83' lang='lat' dir='ltr'><strong>sarum</strong></span> <span class='ocrx_word' id='word_1_385' title='bbox 1168 2396 1336 2437; x_wconf 87' lang='lat' dir='ltr'><strong>pinorum,</strong></span> <span class='ocrx_word' id='word_1_386' title='bbox 1363 2396 1395 2426; x_wconf 86' lang='lat' dir='ltr'><strong>vi</strong></span> <span class='ocrx_word' id='word_1_387' title='bbox 1421 2395 1462 2427; x_wconf 85' lang='lat' dir='ltr'><strong>ad</strong></span> <span class='ocrx_word' id='word_1_388' title='bbox 1488 2400 1614 2427; x_wconf 80' lang='lat' dir='ltr'><strong>terram</strong></span> <span class='ocrx_word' id='word_1_389' title='bbox 1630 2404 1735 2437; x_wconf 86' lang='lat' dir='ltr'><strong>usque</strong></span> 
     </span>
     <span class='ocr_line' id='line_1_65' title="bbox 1043 2444 1736 2485; baseline 0 -8"><span class='ocrx_word' id='word_1_390' title='bbox 1043 2449 1212 2485; x_wconf 82' lang='lat' dir='ltr'><strong>curvatos,</strong></span> <span class='ocrx_word' id='word_1_391' title='bbox 1228 2445 1408 2485; x_wconf 79' lang='lat' dir='ltr'><strong>alligabat:</strong></span> <span class='ocrx_word' id='word_1_392' title='bbox 1423 2454 1500 2476; x_wconf 90' lang='lat' dir='ltr'><strong>mox</strong></span> <span class='ocrx_word' id='word_1_393' title='bbox 1513 2444 1736 2477; x_wconf 72' lang='lat' dir='ltr'><strong>redeuntibus</strong></span> 
     </span>
     <span class='ocr_line' id='line_1_66' title="bbox 1041 2494 1736 2536; baseline -0.003 -9"><span class='ocrx_word' id='word_1_394' title='bbox 1041 2496 1074 2527; x_wconf 90' lang='lat' dir='ltr'><strong>in</strong></span> <span class='ocrx_word' id='word_1_395' title='bbox 1093 2495 1238 2536; x_wconf 87' lang='lat' dir='ltr'><strong>priorem</strong></span> <span class='ocrx_word' id='word_1_396' title='bbox 1262 2495 1371 2526; x_wconf 91' lang='lat' dir='ltr'><strong>locum</strong></span> <span class='ocrx_word' id='word_1_397' title='bbox 1395 2495 1508 2534; x_wconf 81' lang='lat' dir='ltr'><strong>ramis,</strong></span> <span class='ocrx_word' id='word_1_398' title='bbox 1531 2494 1555 2526; x_wconf 89' lang='lat' dir='ltr'><strong>ii</strong></span> <span class='ocrx_word' id='word_1_399' title='bbox 1576 2495 1736 2527; x_wconf 85' lang='lat' dir='ltr'><strong>miserum</strong></span> 
     </span>
     <span class='ocr_line' id='line_1_67' title="bbox 1042 2544 1736 2586; baseline -0.001 -9"><span class='ocrx_word' id='word_1_400' title='bbox 1042 2546 1074 2577; x_wconf 91' lang='lat' dir='ltr'><strong>in</strong></span> <span class='ocrx_word' id='word_1_401' title='bbox 1091 2544 1225 2576; x_wconf 83' lang='lat' dir='ltr'><strong>modum</strong></span> <span class='ocrx_word' id='word_1_402' title='bbox 1253 2544 1536 2586; x_wconf 71' lang='lat' dir='ltr'><strong>discerpebant-11·</strong></span> <span class='ocrx_word' id='word_1_403' title='bbox 1557 2554 1597 2576; x_wconf 81' lang='lat' dir='ltr'><strong>ac</strong></span> <span class='ocrx_word' id='word_1_404' title='bbox 1614 2545 1736 2577; x_wconf 82' lang='lat' dir='ltr'><strong>distra-</strong></span> 
     </span>
     <span class='ocr_line' id='line_1_68' title="bbox 1041 2594 1736 2627; baseline -0.001 0"><span class='ocrx_word' id='word_1_405' title='bbox 1041 2595 1219 2627; x_wconf 79' lang='lat' dir='ltr'><strong>hebantur.</strong></span> <span class='ocrx_word' id='word_1_406' title='bbox 1264 2595 1408 2626; x_wconf 82' lang='lat' dir='ltr'><strong>Ovidius</strong></span> <span class='ocrx_word' id='word_1_407' title='bbox 1430 2595 1518 2626; x_wconf 85' lang='lat' dir='ltr'><strong>Met.</strong></span> <span class='ocrx_word' id='word_1_408' title='bbox 1538 2603 1620 2626; x_wconf 82' lang='lat' dir='ltr'><strong>vm.</strong></span> <span class='ocrx_word' id='word_1_409' title='bbox 1643 2594 1736 2626; x_wconf 85' lang='lat' dir='ltr'><strong>‘Oc-</strong></span> 
     </span>
     <span class='ocr_line' id='line_1_69' title="bbox 1041 2644 1737 2686; baseline -0.003 -8"><span class='ocrx_word' id='word_1_410' title='bbox 1041 2646 1126 2679; x_wconf 89' lang='lat' dir='ltr'><strong>cidit</strong></span> <span class='ocrx_word' id='word_1_411' title='bbox 1142 2645 1199 2676; x_wconf 87' lang='lat' dir='ltr'><strong>ille</strong></span> <span class='ocrx_word' id='word_1_412' title='bbox 1220 2644 1322 2684; x_wconf 82' lang='lat' dir='ltr'><strong>Sinis,</strong></span> <span class='ocrx_word' id='word_1_413' title='bbox 1351 2644 1482 2686; x_wconf 79' lang='lat' dir='ltr'><strong>magnis</strong></span> <span class='ocrx_word' id='word_1_414' title='bbox 1503 2645 1591 2676; x_wconf 88' lang='lat' dir='ltr'><strong>male</strong></span> <span class='ocrx_word' id='word_1_415' title='bbox 1612 2644 1737 2676; x_wconf 75' lang='lat' dir='ltr'><strong>viribus</strong></span> 
     </span>
     <span class='ocr_line' id='line_1_70' title="bbox 1043 2695 1739 2736; baseline -0.001 -8"><span class='ocrx_word' id='word_1_416' title='bbox 1043 2706 1134 2736; x_wconf 75' lang='lat' dir='ltr'><strong>usus,</strong></span> <span class='ocrx_word' id='word_1_417' title='bbox 1157 2695 1222 2728; x_wconf 84' lang='lat' dir='ltr'><strong>Qui</strong></span> <span class='ocrx_word' id='word_1_418' title='bbox 1248 2699 1384 2736; x_wconf 78' lang='lat' dir='ltr'><strong>poterat</strong></span> <span class='ocrx_word' id='word_1_419' title='bbox 1402 2703 1543 2726; x_wconf 85' lang='lat' dir='ltr'><strong>curvare</strong></span> <span class='ocrx_word' id='word_1_420' title='bbox 1558 2695 1686 2734; x_wconf 84' lang='lat' dir='ltr'><strong>trabes,</strong></span> <span class='ocrx_word' id='word_1_421' title='bbox 1702 2700 1739 2727; x_wconf 86' lang='lat' dir='ltr'><strong>et</strong></span> 
     </span>
     <span class='ocr_line' id='line_1_71' title="bbox 1044 2744 1737 2787; baseline -0.001 -9"><span class='ocrx_word' id='word_1_422' title='bbox 1044 2746 1164 2786; x_wconf 78' lang='lat' dir='ltr'><strong>agebat</strong></span> <span class='ocrx_word' id='word_1_423' title='bbox 1181 2745 1224 2776; x_wconf 88' lang='lat' dir='ltr'><strong>ab</strong></span> <span class='ocrx_word' id='word_1_424' title='bbox 1238 2746 1306 2776; x_wconf 87' lang='lat' dir='ltr'><strong>alto</strong></span> <span class='ocrx_word' id='word_1_425' title='bbox 1323 2744 1376 2776; x_wconf 85' lang='lat' dir='ltr'><strong>Ad</strong></span> <span class='ocrx_word' id='word_1_426' title='bbox 1398 2749 1524 2777; x_wconf 82' lang='lat' dir='ltr'><strong>terram</strong></span> <span class='ocrx_word' id='word_1_427' title='bbox 1549 2745 1619 2776; x_wconf 81' lang='lat' dir='ltr'><strong>late</strong></span> <span class='ocrx_word' id='word_1_428' title='bbox 1643 2755 1737 2787; x_wconf 83' lang='lat' dir='ltr'><strong>spar-</strong></span> 
     </span>
    </p>
   </div>
   <div class='ocr_carea' id='block_1_12' title="bbox 1046 2794 1737 2837">
    <p class='ocr_par' dir='ltr' id='par_1_18' title="bbox 1046 2794 1737 2837">
     <span class='ocr_line' id='line_1_72' title="bbox 1046 2794 1737 2837; baseline -0.001 -9"><span class='ocrx_word' id='word_1_429' title='bbox 1046 2806 1139 2829; x_wconf 81' lang='lat' dir='ltr'><strong>suras</strong></span> <span class='ocrx_word' id='word_1_430' title='bbox 1165 2805 1308 2837; x_wconf 84' lang='lat' dir='ltr'><strong>corpora</strong></span> <span class='ocrx_word' id='word_1_431' title='bbox 1330 2794 1452 2837; x_wconf 52' lang='lat' dir='ltr'><strong>pinus?</strong></span> <span class='ocrx_word' id='word_1_432' title='bbox 1496 2794 1639 2827; x_wconf 84' lang='lat' dir='ltr'><strong>Occisus</strong></span> <span class='ocrx_word' id='word_1_433' title='bbox 1665 2799 1737 2828; x_wconf 66' lang='lat' dir='ltr'><strong>tana</strong></span> 
     </span>
    </p>
   </div>
  </div>
 </body>
</html>
