1846 3120
624 256 970 289 AGfflLLEmOS
1005 256 1101 288 [ΑΒ.
1135 258 1192 288 11.

1520 244 1637 287 1607

163 350 373 398 Ultores:
403 352 504 408 quis
523 352 642 395 enim
662 353 855 408 genialia
874 353 1050 396 foedera
1068 337 1216 407 rumpi

162 421 312 478 Capta
331 420 464 473 dolis,
485 420 703 476 facilique
723 421 841 464 trahi
863 421 1090 463 connubia
1108 425 1258 475 raptu,

1551 418 1640 460 355

162 489 261 534 Ceu
281 502 439 546 pecus,
461 493 784 540 armentumve,
805 492 883 532 aut
902 489 1020 532 viles
1041 489 1200 530 messis
1222 500 1407 532 acervos

161 558 365 602 Perferat
378 559 398 600 ‘t
428 556 530 600 haeo
551 563 599 600 et
617 570 709 600 non
727 557 868 600 fortes
881 557 1062 612 jactura
1081 561 1291 600 moveret.

161 624 272 670 Non
291 626 396 669 tulit
416 625 606 668 insidias
627 624 798 668 Divum
818 626 1090 681 imperiosus
1110 623 1307 679 Agenor,

162 694 456 750 Mugitusque
476 706 646 746 sacroS,
667 698 712 736 et
730 706 893 748 magno
913 693 1093 734 numine
1112 696 1290 735 vectam

163 761 364 815 Quaesiit
384 761 612 816 Europen,
633 764 995 816 aspernatusque
1017 759 1271 802 Tonantem
1290 765 1360 804 est

162 829 230 873 Ut
249 842 481 885 generum:
511 833 687 884 raptam
705 834 753 871 et
772 829 986 885 Scythico
1007 829 1064 870 de
1085 828 1231 870 littore
1252 829 1419 883 prolem

161 897 272 941 Non
292 897 394 939 tulit
412 897 586 947 AEeteS,
607 896 813 951 ferroque
834 900 877 938 et
898 897 1046 939 classe
1067 900 1248 938 secutus

161 963 398 1008 Semideos
416 976 559 1018 reges,
577 968 620 1006 et
639 965 805 1007 ituram
826 965 872 1006 in
893 964 1042 1007 sidera
1062 965 1265 1019 puppim.

162 1033 266 1077 Nos
286 1033 468 1088 Phryga
488 1033 744 1075 semivirum
767 1038 927 1088 portus
949 1037 993 1075 et
1012 1033 1162 1075 littora
1183 1033 1349 1073 circum

161 1100 378 1157 Argolica
396 1101 571 1143 incesta
590 1100 851 1144 volitantem
869 1114 1021 1156 puppe
1042 1101 1231 1143 feremus
1251 1100 1270 1141 Τ

1550 1101 1638 1144 365

159 1243 317 1279 ultionem.
364 1246 446 1283 Quis
458 1245 542 1279 enim
560 1246 702 1288 patiatur
715 1246 892 1287 conjugalia
898 1248 1024 1287 foedera
1037 1248 1142 1289 rumpi
1165 1246 1290 1279 illicitis
1303 1245 1488 1287 fraudibus,
1508 1253 1638 1277 uxores-

229 1288 343 1322 abduci
357 1289 456 1328 sacili
479 1290 604 1330 rapina,
627 1291 712 1322 velut
733 1300 855 1331 pecora,
869 1294 1060 1330 armentace,
1077 1294 1133 1322 aut
1147 1290 1221 1321 vilis
1232 1290 1350 1330 segetis
1364 1289 1524 1321 cumulos?
1555 1287 1638 1320 Hoec

158 1331 280 1370 znjuria
299 1334 330 1364 ee
352 1333 484 1372 ignavos
505 1335 663 1373 tangeret.
706 1332 864 1374 Superbus
880 1334 1007 1373 Agenor
1022 1343 1083 1365 non
1104 1343 1215 1374 passus
1233 1337 1280 1364 est
1296 1332 1450 1374 Superum
1464 1333 1562 1371 dolos,
1582 1340 1639 1362 nec

158 1383 265 1406 sacros
286 1375 439 1416 mugitus,
462 1378 493 1408 et
512 1379 673 1408 scrutatus
697 1379 744 1407 ese
760 1377 921 1417 Europam
935 1380 1075 1408 avectam
1090 1376 1129 1407 ab
1144 1376 1270 1416 ingenti
1284 1375 1367 1415 Deo,
1387 1385 1425 1407 ac
1447 1375 1638 1414 dedignatus

158 1420 207 1449 ent
227 1426 381 1458 generum
393 1419 518 1451 Jovem.
561 1419 671 1450 AEetes
683 1429 745 1451 non
758 1420 833 1451 tulit
848 1423 956 1451 natum
969 1420 1082 1451 abduci
1097 1420 1134 1451 de
1146 1420 1218 1460 ripa
1233 1418 1398 1461 Scythica,
1421 1421 1452 1450 et
1478 1418 1638 1450 insecutus

158 1460 314 1492 “tarmis
335 1464 366 1493 et
381 1461 512 1493 navibus
526 1461 684 1493 Semideos
708 1471 812 1502 reges,
828 1465 858 1493 et
875 1472 985 1494 navem
1000 1462 1195 1501 referendam
1210 1463 1294 1494 inter
1307 1465 1407 1493 astra.
1453 1461 1523 1492 Nos
1535 1459 1638 1501 patie-

157 1511 230 1535 mur
245 1503 380 1546 Phryga
392 1504 573 1537 semivirum
587 1505 771 1537 volitantem
782 1505 938 1547 impudica
952 1515 1031 1537 nave
1045 1505 1131 1537 circa
1142 1508 1252 1546 portus
1261 1509 1292 1537 et
1305 1514 1375 1536 oras
1386 1502 1531 1545 Argivas
1540 1507 1554 1536 Ρ
1568 1502 1638 1535 An-

766 1601 907 1615 “m-&I

909 1602 1009 1615 ‘'O''

157 1659 245 1700 E'xc.
268 1665 490 1708 Burg.—354
515 1666 605 1699 Dan.
621 1667 705 1700 Put.
722 1668 846 1701 Petam
863 1668 1098 1710 Lindenbrog.
1116 1671 1151 1699 et
1174 1668 1276 1700 Cruc.
1300 1666 1371 1709 quis
1395 1666 1478 1698 enim
1504 1665 1639 1699 inlicitis

155 1708 297 1749 genialia
309 1719 400 1752 ”ww

401 1710 414 1742 i
440 1710 544 1742 Pacta
557 1710 757 1744 dolia—356
782 1712 950 1744 Nonnulli
966 1711 1069 1743 codd.
1085 1716 1122 1743 et
1145 1711 1223 1743 edd.
1242 1715 1329 1743 vett.
1347 1713 1637 1750 armatumque.—

158 1753 223 1784 ⁸⁵⁷
247 1753 333 1785 Exc.
350 1753 459 1795 Burg.
484 1763 560 1785 cum
584 1753 697 1786 multis
720 1754 822 1786 codd.
844 1761 882 1787 et
910 1754 990 1786 edd.
1007 1757 1092 1786 vett.
1115 1755 1182 1786 lzaec
1203 1754 1308 1785 etiam.
1355 1753 1500 1784 Lectio:
1524 1752 1590 1783 haec
1605 1755 1638 1784 et

157 1803 222 1827 non
250 1795 397 1828 debetur
432 1796 489 1828 Fr.
519 1796 639 1828 Modio
665 1797 778 1838 Epist.
809 1800 863 1829 62.
910 1798 983 1829 Pro
1002 1797 1121 1838 sortes,
1153 1796 1245 1837 quod
1275 1801 1391 1828 tamen
1421 1795 1456 1827 in
1481 1795 1637 1837 margine

157 1837 278 1877 habet,
314 1839 410 1871 Excu
436 1839 545 1880 Burg.
582 1839 728 1872 exbibet
763 1840 980 1872 vilem—359
1018 1841 1104 1872 Exc.
1145 1840 1253 1880 Burg.
1289 1847 1417 1871 naunere
1452 1842 1637 1870 vectam.-

157 1881 222 1913 ³⁶1
258 1881 462 1922 Vignereum.
493 1882 630 1923 Captum
659 1882 715 1915 ed.
754 1883 940 1916 Bernartii.
983 1883 1174 1923 Vigenerum
1211 1882 1304 1923 conj.
1343 1881 1462 1914 Barth.
1502 1882 1639 1922 Captum

157 1922 269 1969 Lang-
295 1925 400 1957 Laur.
425 1924 559 1958 Buslid.
585 1925 738 1968 Lipsian.
766 1931 804 1959 et
828 1925 909 1959 edd.
932 1928 1130 1959 veta-365
1154 1926 1241 1958 Exc.
1265 1926 1375 1967 Burg.
1397 1925 1518 1958 incesta
1533 1925 1637 1966 volup-

831 2027 975 2062 NOTAE

202 2115 269 2146 ³54
306 2112 472 2156 Genialia]
510 2113 543 2147 A
571 2113 721 2156 ‘geniali
752 2115 867 2156 lecto:

158 2162 218 2205 qui
247 2163 376 2205 nuptiis
401 2163 624 2197 sternebatur
643 2164 678 2197 in
702 2164 868 2198 honorem

158 2214 274 2248 Genii.
318 2216 409 2248 Vide
422 2217 578 2249 Festum.

202 2268 267 2299 ⁸⁵5
293 2266 476 2309 Conubia]
499 2267 650 2300 Uxores.

201 2319 267 2349 8⁶8
299 2317 376 2350 Νοπ
398 2319 473 2350 tulit
488 2317 624 2349 insidias
638 2318 760 2351 Divum
772 2319 869 2361 impe-

156 2367 264 2400 rima
277 2367 421 2409 Agenor,
435 2367 505 2410 ξω]
542 2369 639 2401 Nota
657 2368 777 2402 fabula
791 2380 869 2412 rap-

158 2421 216 2450 tus
232 2418 383 2461 Europae
399 2419 571 2461 Agenoris
593 2420 673 2453 filiae
696 2430 717 2453 a
730 2420 820 2454 Jove
834 2421 869 2454 in

155 2473 294 2502 taurum
310 2479 490 2505 converso.

201 2522 267 2553 359
301 2521 513 2570 Mugitusque
540 2521 661 2564 sacros]
705 2522 804 2557 Jovis
835 2523 871 2557 in

158 2574 294 2604 taurum
311 2572 481 2604 conversi.

201 2623 265 2655 861
295 2622 341 2654 Ut
359 2618 534 2663 generum]
567 2621 624 2655 An
645 2623 684 2654 Vi
696 2627 869 2663 generum?

159 2671 299 2714 Raptam
325 2676 356 2705 et
384 2672 533 2715 Scythico
555 2674 594 2707 de
618 2674 726 2707 littore
752 2675 871 2715 prolem

160 2722 236 2755 Non
251 2723 327 2756 tulit
341 2722 466 2764 AEetes]
487 2722 585 2756 Nota
607 2722 728 2757 fabula
748 2730 870 2766 raptus

157 2772 298 2806 Medea
315 2783 336 2806 a
355 2773 502 2815 Jasone,
523 2783 627 2817 quem
649 2774 780 2818 AEetes‚
795 2776 871 2819 ejus

159 2828 271 2867 puter,
302 2834 364 2858 rex
395 2825 585 2869 Colchidis,
602 2826 751 2860 navibus
780 2826 871 2862 inse·

922 2119 1022 2149 cutus
1039 2119 1106 2148 est.
1153 2114 1304 2157 Scythico
1329 2115 1368 2147 de
1395 2113 1518 2155 littore]
1544 2114 1636 2146 Nam

923 2166 1061 2199 Colchis
1093 2164 1234 2206 adjacet
1258 2165 1374 2196 Ponto
1400 2165 1551 2205 Euxino,
1577 2163 1638 2206 qui

922 2221 960 2249 et
975 2218 985 2235 ‘
999 2214 1205 2258 Scythicus'
1220 2215 1417 2257 appellatus
1442 2218 1508 2247 est.
1555 2215 1640 2247 Pro-

922 2267 998 2309 lem]
1024 2267 1187 2299 Medeam
1202 2265 1317 2298 filiam.

966 2321 1030 2350 363
1066 2317 1226 2349 Semideos
1252 2317 1358 2358 reges]
1407 2315 1641 2358 Argonautas.

923 2372 971 2403 Et
985 2371 1105 2403 ituram
1119 2370 1154 2402 in
1167 2371 1273 2402 sidera
1286 2369 1429 2411 puppim]
1465 2370 1555 2402 Nam
1572 2368 1639 2402 Ar-

927 2431 971 2463 go
987 2421 1082 2453 navis
1098 2421 1189 2453 inter
1204 2420 1318 2451 sidera
1334 2420 1444 2451 relata
1459 2425 1524 2452 est.
1562 2421 1640 2452 Ma·

925 2472 1028 2503 uilius
1044 2471 1105 2504 lib.
1122 2481 1148 2503 1.
1194 2471 1204 2489 ‘
1218 2471 1305 2502 Tum
1325 2470 1450 2502 nobilis
1474 2469 1572 2513 Argo
1595 2471 1639 2504 In

926 2523 1051 2555 coelum
1077 2521 1262 2562 subducta,
1292 2521 1379 2553 mari
1409 2521 1499 2563 quod
1528 2523 1640 2565 prima

924 2574 1090 2615 cucurrit,
1120 2574 1168 2606 Et
1192 2573 1351 2606 meritum
1377 2574 1510 2616 magnis
1540 2584 1639 2607 mun-

925 2626 1005 2657 dum
1027 2629 1126 2658 tenet
1145 2629 1225 2657 acta
1250 2625 1434 2667 procellis3
1457 2626 1637 2659 servando

924 2677 1000 2709 Dea
1015 2675 1111 2708 facta
1127 2674 1245 2709 Deos!

967 2730 1032 2761 364
1070 2728 1206 2771 Phryga
1233 2726 1432 2770 semivirum]
1482 2728 1638 2771 Phryges

925 2779 1016 2812 enim
1032 2778 1188 2812 imbelles
1204 2777 1432 2811 habebantur.
