1858 3112
210 245 325 293 1730

211 348 452 392 deprehendit,
460 348 494 380 in
501 350 616 381 monte
626 347 808 390 superioris
815 347 914 380 Mau-

212 399 360 439 ritaniae,
392 399 427 430 in
453 399 531 430 lacu
554 406 655 439 quem
681 396 835 430 Nilidem
856 406 915 428 vo-

213 457 306 492 cant,
318 451 377 483 ubi
393 454 515 483 natant
527 450 655 492 pisces,
668 449 838 486 Anubem»,
852 450 916 482 Co-

214 502 334 540 racini,
354 500 469 542 Siluri,
485 500 668 540 Crocodili,
691 507 767 542 quae
790 508 917 541 genera

213 553 249 587 in
275 552 358 584 Nilo
387 554 568 592 praeterea>
586 555 717 582 tantum
743 549 917 591 reperiun-

213 606 281 634 tur.
315 602 413 633 Nives
426 599 582 640 Atlantis]
598 600 686 632 Nam
700 598 798 631 Atlas
809 608 918 639 mons,

215 651 259 684 de
275 661 342 693 quo
358 655 439 683 ante
455 651 584 683 dictum
599 655 665 691 est,
680 650 722 681 ab
738 659 804 681 una
820 652 917 691 parte

216 701 398 743 perpetuis
414 700 548 732 nivibus
564 700 665 740 riget.
689 700 790 732 Idem.

260 754 323 784 159
348 747 507 790 ‘Belliger
533 750 707 791 obviosque,
736 747 805 789 &off
837 747 917 779 Non

216 801 373 844 improbo
389 811 460 843 prae
475 800 624 832 Turnebi
638 810 646 831 :
671 799 849 839 Belligeros
868 798 918 839 pi-

216 862 318 894 osque.
361 851 428 883 Sed
454 855 567 882 tamen
590 849 715 881 Salisb.
737 848 918 889 obimesque.

214 904 304 936 Ven.
326 906 520 943 annuosque:
542 901 593 932 ita
619 905 732 932 tamen
764 903 803 931 ut
824 899 917 940 prins

217 954 256 984 N
277 953 310 984 in
326 953 360 984 Β
382 956 549 983 mutatum
574 949 676 982 foret.
720 950 843 990 Recte,
866 949 919 981 ab·

214 1013 350 1045 nuesque
363 1011 484 1034 currus.
531 1001 621 1032 Nam
641 1005 676 1032 et
702 1001 766 1032 hoc
792 1000 826 1031 in
849 1000 917 1031 lau-

218 1055 295 1086 dem
319 1053 478 1085 trahebat
504 1051 719 1084 Domitianus
735 1050 918 1085 fastidisse.

218 1113 294 1136 cum
312 1106 428 1145 posset
447 1103 527 1143 jure
554 1101 775 1142 triumphare.
818 1100 919 1133 Unde

217 1153 385 1193 Martiali,
426 1152 436 1169 ‘
450 1153 548 1193 Saepe
580 1156 754 1183 recusatos
795 1160 919 1192 parcus

218 1203 358 1235 duxisse
374 1201 586 1242 triumphos!
617 1202 661 1233 Et
678 1206 793 1233 noster
809 1201 844 1232 in
857 1201 919 1232 La-

218 1252 344 1294 crymis
355 1251 495 1284 Etrusci
506 1251 674 1292 praedicat
685 1261 832 1290 manum,
844 1261 921 1292 qnae

217 1304 436 1336 Sauromatas
458 1302 468 1319 ‘
479 1311 546 1334 non
562 1305 636 1333 erat
650 1300 791 1341 dignata
801 1300 922 1332 trium-

219 1353 311 1395 pho!
341 1353 428 1385 Inde
445 1357 479 1384 et
493 1352 527 1383 in
540 1352 740 1384 consulatu:
767 1352 921 1383 ‘tantum

222 1403 388 1446 permitte
405 1401 617 1444 triumphos!
643 1403 780 1432 Gronov.

264 1455 385 1486 CARM.
401 1462 449 1485 1v.
495 1453 547 1485 Ad
573 1450 778 1491 Marcellum]
809 1450 921 1482 Rhod.

221 1509 258 1537 et
294 1504 422 1537 Salisb.
453 1503 506 1535 Ad
536 1503 704 1534 Victoriam
729 1502 922 1534 Marcellum.

221 1554 334 1588 Rhod.
351 1554 460 1594 addit,
475 1553 630 1594 Epistola.
676 1553 788 1584 Recte
804 1552 922 1593 utique

221 1606 332 1647 prius,
346 1608 399 1636 est
415 1603 504 1635 enim
521 1603 575 1635 hic
593 1602 679 1644 ipse,
691 1602 745 1634 cui
761 1601 923 1636 Quintili-

220 1663 306 1687 anus
339 1653 582 1686 Institutiones
619 1662 697 1684 suas
736 1651 922 1692 inscripsit.

221 1705 299 1737 Lib.
314 1713 341 1736 1.
372 1702 496 1737 ‘Quod
525 1712 623 1744 opus,
650 1703 818 1734 Marcelle
841 1702 924 1734 Vic-

220 1755 302 1795 tori,
332 1754 396 1786 tibi
422 1752 596 1786 dicamus-⁹
638 1752 715 1785 Lib.
734 1762 769 1786 v.
797 1756 808 1771 ‘
826 1752 925 1793 Haec,

220 1805 388 1837 Marcelle
413 1803 562 1843 Victori,
592 1813 635 1835 ex
668 1807 727 1835 tua
750 1803 924 1836 voluntate

221 1855 369 1887 maxime
382 1852 582 1895 ingressus.’
605 1853 743 1885 Gronov.

265 1908 284 1937 3
309 1906 350 1937 In
364 1904 464 1945 latus]
485 1904 618 1936 Addita
639 1904 694 1935 via
714 1913 734 1935 a
755 1903 925 1936 Domitia-

222 1967 281 1989 no.
308 1956 398 1996 Ager
409 1954 540 1996 solidus]
554 1955 622 1986 Via
636 1958 735 1986 vetus
751 1958 861 1986 strata
875 1954 924 1985 la-

221 2006 374 2048 pidibus.
390 2004 514 2037 Domit.

266 2059 286 2088 7
311 2057 398 2096 Ripa
426 2054 546 2096 Lydia]
576 2054 748 2095 Designat
788 2052 924 2085 domum

222 2105 395 2146 Marcelli,
404 2115 478 2146 quae
485 2104 591 2145 juxta
604 2103 835 2135 naumachiam
850 2107 926 2135 erat

222 2156 436 2188 Domitiani:
459 2164 501 2186 ea
515 2158 628 2186 autem
649 2159 726 2185 erat
742 2154 845 2195 juxta
859 2154 926 2195 Ty-

223 2205 345 2238 berim.
395 2204 530 2245 Vadam]
555 2204 789 2236 Naumachiae.
833 2205 926 2236 Prae-

223 2255 361 2296 texitur]
386 2254 557 2286 Ambitur.
579 2254 678 2286 Idem.

268 2309 309 2338 23
333 2305 454 2336 Moenia
477 2304 591 2346 Lunae]
626 2304 802 2337 Hetruriae
830 2304 928 2346 oppi-

226 2356 320 2396 dum,
343 2356 385 2387 de
402 2364 469 2397 quo
484 2354 695 2386 Ptolomaeus
718 2354 776 2386 lib.
794 2364 834 2387 11.
858 2354 927 2386 sili-

226 2415 300 2438 cem
316 2404 451 2447 profert
473 2404 532 2446 qui
547 2414 648 2437 serrae
667 2405 851 2436 sectionem
869 2404 928 2436 ad-

226 2449 345 2496 mittit,
359 2455 387 2487 si
403 2454 490 2487 fides
502 2454 615 2487 Plinio
632 2453 689 2487 lib.
703 2462 836 2487 xxxvi.
852 2464 928 2496 cap.

228 2509 284 2538 18.
307 2506 461 2537 Bernart-

270 2559 314 2588 26
329 2557 407 2588 Imie
421 2566 514 2589 sonus
527 2556 680 2597 geminas,
692 2556 762 2597 ξω]
780 2554 928 2596 Insignis

226 2606 284 2640 hic
301 2607 396 2638 locus
420 2606 462 2637 de
479 2607 585 2638 stulta
600 2611 754 2638 veterum
770 2605 929 2646 opinione

228 2666 296 2698 qua
311 2656 553 2689 existimabant
566 2666 663 2688 aures
679 2656 721 2687 iis
737 2654 874 2695 tinnire,
886 2655 929 2686 de

229 2708 353 2750 quibus
373 2707 454 2738 alibi
478 2708 606 2740 mentio
621 2707 741 2739 fiebat.
784 2705 929 2738 Aristae—

230 2764 331 2792 uetus
358 2758 416 2790 lib.
433 2767 474 2789 ιι.
498 2758 613 2798 Epist.
635 2761 689 2790 13.
722 2757 779 2788 οὐκ
803 2755 931 2795 ἐβόμβει

232 2820 281 2844 σοι
303 2810 343 2844 τὰ
367 2807 448 2855 ἆται
464 2808 515 2841 ὅτε
530 2818 587 2839 σου
606 2808 688 2848 μετὰ
707 2806 841 2850 δακρύων
863 2807 929 2847 ἐμε-

658 250 1118 286 >NoTAE-VAR10RUM
1148 250 1204 282 m

963 344 1084 387 μνήμην
1091 356 1105 384 ,·
1138 345 1252 378 Nonne
1282 345 1370 378 auris
1399 344 1459 378 tibi
1485 345 1663 386 resonabat,

964 398 1085 438 quando
1106 398 1285 438 lacrymam
1299 398 1347 428 tui
1366 396 1545 431 memoriam
1557 395 1663 435 sacie-

965 446 1058 480 ba‘m?
1083 447 1243 488 Sappho:
1263 447 1434 487 βομβεῧσιν
1449 447 1475 478 δ’
1489 445 1580 478 &moal
1589 458 1664 486 μου.

966 498 1067 532 Quod
1086 498 1242 530 Catullus
1264 497 1434 529 convertit
1446 505 1462 528 ι·
1479 497 1664 531 Sanitium-

965 550 1036 588 opte
1064 548 1229 580 Tintinant
1255 556 1357 580 aurea.
1399 546 1492 578 vide
1513 546 1668 581 Plinium*

966 602 1003 629 et
1030 597 1216 629 Lucianum
1239 597 1355 638 Ἑταιρ.
1373 599 1424 628 14.
1446 597 1556 629 -Sunt
1578 604 1663 634 non-

965 647 1048 678 nulli
1065 647 1122 688 qui
1145 648 1207 679 hoc
1227 646 1301 678 fieri
1317 646 1434 678 dicant
1451 645 1667 687 κατὰσχόσιν

965 697 1191 739 spiritualium
1215 697 1492 734 substantiarum,
1517 705 1575 728 nen
1595 706 1667 739 ¹per

967 746 1181 780 affectionem
1197 752 1234 779 et
1247 747 1486 779 habitudinem·
1495 746 1665 789 quondm

966 803 1118 830 mutuam
1134 797 1298 839 patientis
1319 806 1395 829 cnm
1417 801 1554 838 agente,
1576 795 1666 839 quod

967 853 1131 890 operatur
1160 849 1232 884 sine
1262 848 1333 880 ullo
1358 846 1506 888 effluvio,
1529 846 1666 881 et--sine

967 901 1070 933 medii
1087 899 1278 933 affectione.
1320 899 1389 932 Sed
1405 900 1517 931 verius
1531 902 1603 938 ειη
1615 898 1667 931 dr-

967 960 1046 983 cere
1062 951 1253 992 opinionem
1265 950 1352 981 hanc
1363 949 1511 989 inanem,
1522 953 1559 981 et
1575 947 1668 988 vulgi

969 1000 1185 1042 persuasione
1208 999 1381 1032 inductam
1403 1007 1489 1040 esse,
1507 1007 1549 1030 ac
1565 997 1669 1034 tinui-

969 1055 1042 1083 tum
1070 1050 1163 1082 illum
1195 1049 1329 1081 causari
1359 1048 1401 1080 ab
1425 1047 1668 1085 humoribus-e

969 1100 1109 1133 cerebro
1125 1098 1367 1136 defluentibus,
1382 1098 1438 1140 qui
1459 1098 1487 1130 si
1509 1097 1668 1133 {td-aures

970 1150 1194 1190 descendant,
1216 1150 1376 1182 tinnitum
1391 1147 1580 1190 hujusmodi
1595 1147 1670 1190 gig·

970 1206 1071 1242 nunt,
1091 1202 1121 1233 si
1141 1201 1184 1234 ad
1198 1201 1325 1242 oculos,
1348 1198 1671 1241 superciliisubmt-

972 1251 1149 1292 tationem,
1179 1260 1279 1292 quam
1309 1249 1414 1282 etiam
1442 1249 1533 1281 inter
1559 1246 1671 1281 entim

973 1306 1109 1334 veteres
1125 1302 1330 1333 retulerunt.
1356 1300 1488 1332 Gevart.
1638 1328 1643 1332 .

1015 1356 1057 1385 30
1082 1353 1125 1385 Et
1139 1355 1242 1384 sontes
1256 1351 1371 1392 operit]
1393 1350 1529 1383 Alludit
1545 1349 1589 1382 ad
1600 1349 1673 1382 the·

972 1413 1029 1435 cas
1046 1403 1118 1434 sive
1139 1402 1383 1442 integumenta,
1402 1400 1525 1442 quibus
1547 1408 1673 1434 vacan-

973 1453 1023 1485 tia
1037 1463 1132 1485 arma
1142 1452 1272 1484 includi
1283 1451 1447 1483 solebant.
1479 1448 1571 1481 Vide
1583 1449 1671 1483 Caes.

972 1503 1061 1535 libro
1085 1513 1129 1536 11.
1173 1503 1227 1534 De
1256 1501 1356 1533 Bello
1382 1499 1505 1532 Civili.‘
1532 1499 1672 1531 (ἴτωσαν

973 1553 1085 1586 Diatr.
1095 1554 1223 1593 cap-41.
1251 1552 1427 1591 Arctonque
1440 1548 1577 1581 retendit
1586 1548 1673 1581 Pur·

972 1602 1059 1643 thus]
1082 1603 1136 1634 Ex
1163 1602 1285 1634 Horat.
1311 1610 1337 1633 1.
1365 1599 1438 1632 Od.
1457 1602 1509 1631 10.
1535 1598 1546 1616 ⁶
1561 1607 1672 1640 neque

973 1662 1110 1694 semper
1135 1662 1251 1685 arcum
1273 1651 1400 1683 Tendit
1416 1647 1575 1691 Apollo.’-
1608 1649 1672 1682 Re-

973 1705 1109 1744 tendere,
1123 1702 1270 1735 ἀνίεσθαι.
1316 1701 1444 1734 Arcum
1467 1708 1549 1731 vero
1567 1698 1674 1734 studii

973 1753 1155 1795 sapientiae
1171 1751 1417 1785 retendendum
1430 1747 1674 1781 &vicensuma-

973 1803 1121 1846 dumque
1132 1803 1269 1835 minime
1281 1811 1367 1839 esse,
1380 1804 1479 1833 vetus
1492 1803 1675 1831 antor-mo-

973 1858 1108 1894 nuerat,
1117 1857 1156 1885 ut
1167 1852 1325 1885 Laertius
1335 1851 1453 1892 Epigr.
1465 1851 1498 1882 in
1505 1849 1673 1891 Theopbr.

974 1903 1095 1936 docet:
1119 1903 1186 1934 Οὔκ
1200 1902 1259 1943 ἄρα
1271 1902 1366 1933 τοῦτο
1388 1899 1516 1940 μάταιον
1529 1898 1602 1932 ἔπος
1618 1910 1673 1938 με·

973 1952 1073 1995 ρόπων
1085 1952 1146 1984 τινὶ
1159 1952 1271 1993 λέχθη,
1286 1950 1448 1992 ‘Ph-yma:
1461 1949 1574 1991 σοφίης
1585 1948 1675 1990 τόξον

974 2001 1140 2043 ἆνιέμενον.
1163 2003 1290 2035 Morell.

1018 2057 1060 2086 36
1082 2053 1204 2086 Positis
1223 2053 1368 2095 plectris]
1391 2054 1482 2086 Nam
1509 2051 1676 2091 Achilles,

975 2107 1015 2136 ut
1038 2107 1091 2136 est
1115 2104 1206 2145 apud
1227 2104 1426 2140 Homerum,
1449 2103 1483 2135 in
1509 2102 1585 2134 ocio
1608 2101 1677 2135 fuit

977 2158 1077 2196 rapta
1103 2153 1281 2186 Briseide:
1317 2163 1516 2195 amoresque
1545 2152 1676 2193 eithara

975 2203 1178 2244 cecinit,>ut
1206 2203 1313 2235 nostri
1343 2212 1478 2245 quoque
1508 2201 1676 2241 scribunt,

976 2254 1084 2287 iratus
1108 2253 1251 2293 Graecis,
1271 2252 1332 2285 sed
1355 2253 1538 2284 interiecto
1555 2251 1676 2283 Patro-

977 2305 1044 2344 clo,
1059 2313 1103 2336 ex
1118 2313 1160 2336 eo
1176 2304 1251 2335 ocio
1268 2302 1412 2335 armavit
1431 2311 1477 2334 sen
1491 2301 1526 2333 in
1543 2300 1676 2333 Hecto·

977 2363 1062 2394 rem,
1076 2363 1175 2395 quem
1191 2353 1284 2384 vicit.
1305 2352 1427 2384 Domit-

1020 2407 1062 2436 3⁷
1081 2400 1292 2442 Flammabit]
1313 2400 1384 2433 Alii
1400 2409 1517 2432 omues
1540 2399 1678 2433 codiee·

968 2454 1156 2496 flammabat
1180 2452 1346 2493 scriptum
1371 2450 1513 2487 habent,
1528 2459 1574 2482 ex
1586 2459 1678 2481 exsu-

977 2504 1057 2536 labit
1070 2513 1130 2535 nos
1147 2502 1328 2544 flammabit
1348 2499 1678 2540 emendavimus,.,et

978 2554 1143 2588 exultabis.
1167 2552 1277 2584 Idem.
1544 2572 1547 2575 ,
1609 2574 1614 2579 ,

1021 2608 1063 2638 39
1086 2605 1161 2636 Non
1174 2603 1304 2636 miscent
1316 2601 1446 2642 jurgia]
1461 2599 1572 2632 Feriae
1586 2598 1677 2630 scili-

979 2659 1037 2688 cet
1052 2658 1142 2695 sunt,
1155 2658 1191 2685 et
1214 2662 1327 2685 rerum
1341 2650 1604 2693 judicandarum
1621 2657 1676 2680 va-

979 2705 1085 2745 catio,
1101 2708 1139 2735 ut
1162 2703 1314 2744 loquitur
1334 2702 1467 2733 Seneca
1485 2699 1519 2730 in
1542 2699 1678 2739 Menip-

981 2765 1067 2798 paea.
1111 2754 1175 2786 Hae
1191 2752 1289 2785 feriae
1305 2752 1474 2783 dabantur
1488 2749 1533 2781 ob
1549 2758 1678 2781 messes

981 2810 1018 2838 et
1046 2804 1232 2838 vindemias
1261 2807 1300 2834 nt
1329 2801 1364 2833 in
1393 2801 1473 2842 jure
1503 2799 1678 2832 docemur.
