1858 3112
431 216 473 248 Ρ.
503 213 701 247 νΑΡιΝιι
734 213 900 246 svm-11
934 212 1082 246 sYLv.
1116 213 1213 246 mn.
1239 213 1311 246 111.
1341 204 1384 245 5.

172 311 254 345 milii
268 314 335 354 est,
356 310 422 344 nisi
449 314 668 344 removeatur
692 309 777 343 illud
798 309 884 350 jam.

171 361 387 405 suspicabar
417 361 624 404 aliquando:
668 360 779 393 ‘Otia
814 365 885 392 tam

173 412 327 454 pulchr-
359 421 440 446 vere
473 411 672 445 infoecunda
703 410 885 453 juventae!

171 462 241 496 Sed
256 463 311 496 cui
326 463 417 496 bono
431 463 600 505 suspicari
615 463 768 495 tantum?
793 460 886 493 aliud

170 513 253 556 qnid
267 514 397 547 subest.
441 513 628 547 Gevartius
653 517 786 547 tentat:
810 511 889 544 terit

171 564 302 597 viam
330 565 411 607 quod
438 564 514 596 Sola
541 562 667 596 cubile!
707 563 784 595 otia
807 566 886 594 tam.

177 615 294 648 Malu:
319 615 420 649 flea!
441 625 523 648 mmo
536 615 592 647 iun
607 615 686 647 terit
699 614 794 646 viduo
805 615 887 655 quod

174 667 244 699 001«
256 665 476 700 cubiliolia!
497 669 564 698 tam
578 665 714 707 pulchrae
726 665 814 706 perit
837 665 886 696 in-

165 716 477 758 scendajwentoe.
514 717 822 759 Frequentissimae
840 716 887 748 vi-

178 768 426 801 camerarum
442 767 475 799 T
491 771 530 800 et
548 767 592 799 P.
629 766 670 798 In
697 766 859 799 Lucretio
876 776 886 798 ς

175 817 192 844 ‘-
212 827 418 860 quoeunque
448 817 612 849 inducere
639 816 781 858 pergis.'
818 816 887 848 Ms.

177 869 330 909 optimus
367 868 543 901 habebat:
582 868 592 886 ‘
609 867 741 909 tergis.'
786 867 888 900 Gron-

145 945 150 949 .
177 919 334 953 Diamo-
350 921 405 952 ³6.

221 972 265 1002 66
287 969 352 1003 Seu
371 969 457 1002 molti
481 968 604 1001 diducit
630 968 761 1000 brachia
785 968 887 1010 motu]

175 1019 327 1053 Videtur
337 1020 590 1053 Chironomiam
606 1019 815 1062 intelligere,
829 1030 889 1062 po-

177 1071 281 1104 sitam
307 1071 400 1104 inter
424 1071 546 1103 civiles
571 1070 721 1103 virtutes
749 1070 888 1102 Platoni

175 1126 214 1155 et
245 1122 453 1164 Chrysippo,
482 1121 581 1154 libris
610 1121 654 1153 de
682 1120 889 1153 educatione

176 1182 375 1216 puerorum.
399 1173 553 1205 Benmrt.

189 1244 195 1248 -
220 1226 263 1256 ⁷2
291 1223 464 1256 Vesuvinus
476 1222 573 1264 apex]
584 1224 594 1241 ‘
605 1221 809 1255 Incendium
819 1222 889 1254 Ve-

178 1273 381 1307 suviannm'
404 1274 582 1316 intelligit,
605 1283 673 1315 quo
696 1273 802 1315 periit
817 1273 887 1305 Pli-

179 1324 269 1358 nius
314 1325 452 1357 Nomen
467 1329 584 1357 autem
599 1324 665 1357 hoc
685 1324 796 1357 versui
819 1325 887 1357 Pa‘-

181 1376 296 1418 pinius
314 1375 462 1418 aptavit,
483 1375 549 1408 nec
571 1375 645 1408 sine
661 1375 822 1417 exemplo
836 1379 887 1409 ta-

180 1436 270 1460 men.
314 1426 371 1459 Ita
387 1426 478 1459 enim
494 1426 704 1459 Lucretius:
720 1425 775 1458 ‘Is
791 1426 888 1458 locus

176 1482 235 1511 est
263 1479 389 1511 Cumas
418 1477 510 1520 apud
545 1481 582 1510 et
611 1476 743 1509 Vesuvi
778 1486 888 1519 prope

177 1527 354 1562 montem.
396 1528 475 1562 Quo
507 1531 611 1569 pacto
641 1531 739 1560 recte
768 1531 890 1560 contra

177 1577 357 1612 Gifanium
392 1578 574 1620 legendum
609 1577 734 1610 statuit
759 1577 890 1611 Ludov.

179 1629 301 1662 Carrio
327 1623 554 1670 Castigation.
582 1630 616 1660 in
629 1628 750 1661 Valer.
773 1629 890 1661 Flacci

178 1679 240 1713 lib.
256 1689 318 1714 ιιι.
331 1679 452 1712 Barth.
497 1680 543 1712 Et
559 1678 713 1722 flammea
727 1679 804 1717 diri,
821 1679 890 1720 ξω]

180 1731 445 1773 Elegantissime
473 1729 688 1763 ‘flammeam
712 1729 892 1771 hyemem’

178 1781 371 1823 appellavit
384 1780 583 1814 incendium
592 1781 666 1822 ejus
675 1780 813 1812 montis.
828 1780 893 1812 Το-

179 1832 289 1866 tidem
301 1831 417 1865 verbis
431 1830 592 1864 Valerius
605 1831 746 1864 Flaccus
759 1829 892 1873 Argon.

179 1891 232 1916 lv.
255 1887 265 1902 ‘
279 1883 336 1916 vix
363 1882 445 1916 dum
471 1883 576 1924 ignea
596 1886 748 1915 montem
772 1882 893 1914 Torsit

180 1935 314 1977 hyems,
328 1935 471 1978 jamque
495 1934 587 1966 Eoos
606 1933 692 1967 cinis
705 1933 818 1966 induit
834 1943 891 1966 ur-

182 1985 270 2019 bes!
293 1985 427 2019 Genart.

224 2040 268 2070 ¹75
292 2037 434 2079 Hospita
456 2035 578 2078 mnndi]
594 2036 671 2070 Quo
688 2039 782 2068 totus
796 2035 890 2068 orbis

147 2097 151 2100 ·
181 2087 353 2127 confluit:
376 2097 468 2129 nam,
495 2092 535 2120 ut
562 2086 684 2120 scribit
708 2087 824 2120 Strab.
847 2087 892 2119 ad

184 2140 354 2174 Puteolos
370 2145 469 2172 eraut
485 2144 605 2182 portus
627 2138 833 2179 manufacti,
856 2143 893 2172 et

182 2192 366 2233 stationes,
390 2195 428 2224 et
451 2189 594 2232 objectis
609 2189 756 2222 molibus
774 2190 893 2231 pulve-

183 2243 230 2275 ris
259 2241 447 2275 Puteolani
476 2240 520 2272 ad
553 2239 720 2273 arcendos
757 2239 894 2274 fluctus.

183 2304 263 2327 nam
290 2292 402 2336 pulvis
431 2292 644 2325 Puteolanus
674 2291 710 2324 in
740 2292 894 2334 speciem

184 2345 289 2379 calcis
301 2348 483 2379 concretus
498 2345 532 2375 in
543 2344 615 2376 alto
631 2342 797 2375 adversus
812 2341 895 2375 flue-

184 2402 242 2429 tus
255 2395 488 2438 objiciebatur
502 2406 510 2426 z
527 2394 585 2426 ubi
601 2403 706 2427 naves
716 2393 824 2436 jactis
836 2403 895 2426 an-

185 2446 298 2480 choris
311 2446 491 2479 commode
506 2444 703 2478 manebant.
726 2444 851 2478 Domit.

229 2500 273 2530 ⁷9
297 2496 511 2537 Parthenope]
536 2495 569 2528 A
592 2496 816 2538 Parthenope
841 2496 895 2529 Si·

185 2557 283 2589 rene,
297 2557 374 2590 quae
391 2546 462 2579 illic
476 2550 531 2579 est
545 2546 694 2588 sepulta,
708 2551 749 2579 ut
763 2547 895 2579 Leuco-

185 2598 239 2632 sia
268 2597 311 2631 ab
337 2598 462 2639 altera,
486 2596 579 2639 quod
604 2597 697 2629 Plio.
724 2602 761 2629 et
777 2598 892 2631 Strab.

188 2650 314 2693 placet.
343 2648 508 2682 Eustach.
519 2658 601 2681 vero
615 2648 651 2680 iu
667 2648 814 2690 Dionys.
830 2659 893 2691 pu-

186 2705 240 2735 tat
264 2699 524 2742 Parthenopem
549 2698 681 2732 dictam
705 2710 726 2732 a
745 2700 892 2732 Parthe-

187 2760 293 2793 nope,
303 2761 379 2793 quae
394 2760 439 2782 ex
458 2748 588 2782 Euboea
603 2750 738 2783 venerit
753 2750 823 2782 dux
839 2761 895 2783 eo-

188 2811 263 2837 rum
278 2802 491 2842 colonorum,
504 2800 562 2844 qui
578 2799 763 2845 Neapolim
780 2807 897 2846 tenue-

1532 204 1648 246 1719

939 314 1039 343 runt:
1064 309 1123 352 qui
1152 309 1240 343 duce
1262 308 1421 342 columba
1450 310 1487 340 et
1514 307 1650 339 Phoebo

938 361 1080 403 auspice
1096 360 1139 392 ad
1159 360 1341 402 Neapolim
1359 358 1555 391 substiterit
1571 367 1649 389 cum

939 412 1039 444 sociis
1050 411 1219 444 columbae
1237 422 1244 442 ε
1267 420 1367 453 quam
1384 410 1418 441 in
1435 409 1580 452 augurio
1596 418 1649 441 se-

938 467 1021 494 cuta
1036 466 1089 494 est
1104 462 1339 503 Parthenope.
1362 461 1463 493 Idem.
1524 487 1527 491 ,

983 515 1025 544 80
1062 512 1135 554 Ipse
1174 512 1307 544 Dioaeoe
1342 511 1543 550 monstravit,
1576 509 1650 552 Usa]

940 564 1026 598 Quis
1042 570 1094 595 est
1112 564 1167 595 ille
1185 563 1297 604 Apollo
1324 563 1459 594 Dioneae
1480 561 1651 593 columboe?

941 615 1018 647 Nou
1030 624 1111 646 sana
1124 623 1166 646 ea
1183 613 1299 645 verba.
1333 613 1387 644 'l'u
1403 612 1559 653 corrige:
1578 611 1651 652 Ipse

940 665 1066 698 Dionea
1082 664 1268 697 monstravit
1280 663 1392 705 Apollo
1403 662 1554 695 columba.
1593 661 1650 694 Ita

940 718 975 750 in
1009 727 1047 749 re
1077 717 1178 749 simili
1205 715 1314 748 Theb.
1345 724 1411 746 vn.
1445 714 1490 746 de
1518 712 1649 745 Thebis

940 778 1046 809 agens
1064 778 1072 800 z
1109 768 1118 785 ‘
1133 767 1207 799 haec
1230 766 1342 798 omine
1373 765 1496 796 dextro
1517 764 1651 796 Moenia

942 818 1106 860 Cyrrhaea
1122 818 1326 849 monstravit
1339 815 1465 857 Apollo
1474 814 1652 856 juvenca!

941 868 984 901 Id
1008 873 1072 905 est,
1095 878 1153 909 per
1169 868 1346 908 juvencam.
1393 866 1483 898 Nam
1500 865 1650 898 Cadmus

941 919 1081 952 oraculo
1097 918 1266 959 Apollinis
1284 917 1407 949 bovem
1428 920 1566 949 secutus
1583 921 1651 956 est,

942 974 979 1002 et
989 970 1046 1002 ubi
1059 970 1116 1002 illa
1127 962 1322 1011 procubuit,
1335 968 1406 1000 illic
1418 966 1556 999 Thebas
1569 975 1649 999 con·

942 1020 1043 1054 didit.
1089 1020 1146 1052 Sic
1167 1019 1272 1051 etiam
1288 1017 1399 1050 fertur
1416 1017 1650 1058 Parthenope,

942 1070 986 1102 de
1002 1081 1069 1113 qua
1084 1070 1138 1102 hic
1155 1069 1300 1108 Statius,
1324 1073 1444 1100 secuta
1468 1067 1650 1108 augurium

942 1121 1109 1155 columbae
1138 1130 1214 1152 cnm
1237 1129 1281 1151 ex
1305 1118 1470 1152 Chalcide
1490 1117 1652 1161 profecta

942 1177 996 1205 est
1013 1172 1047 1204 in
1062 1172 1211 1203 Italiam.
1236 1171 1370 1203 Gevart.

984 1226 1026 1255 85
1051 1222 1181 1256 Desidia
1195 1222 1272 1262 otia,
1287 1221 1356 1263 θα]
1387 1220 1533 1253 Romani
1557 1220 1650 1252 enim

941 1273 1097 1316 plerique
1114 1278 1153 1305 ut
1167 1271 1237 1304 otio
1253 1271 1450 1304 fruerentur
1466 1271 1651 1312 Neapolim

939 1323 1162 1357 secedebant.
1177 1322 1293 1356 Strab.
1306 1322 1366 1354 lib.
1383 1331 1419 1354 V.
1443 1321 1651 1353 HincOvid.

941 1376 1031 1409 Met.
1048 1384 1114 1408 xv.
1131 1375 1165 1407 in
1181 1374 1251 1406 otia
1262 1380 1377 1405 natam
1393 1377 1495 1405 vocat
1505 1372 1651 1405 Parthe-

940 1436 1064 1469 nopen.
1091 1426 1239 1458 Crucem.

982 1480 1024 1510 87
1050 1477 1150 1509 Nulla
1162 1476 1242 1515 foro
1263 1473 1383 1515 rabies]
1403 1471 1625 1528 Tiliotbroga'
1616 1482 1651 1504 in

941 1538 1002 1560 sna
1025 1527 1180 1560 editione
1204 1530 1315 1558 totum
1336 1525 1449 1556 locum
1471 1523 1520 1555 sic
1543 1527 1653 1555 muta·

941 1579 1014 1611 vit:
1040 1579 1140 1611 Nulla
1145 1578 1222 1617 foro
1236 1576 1353 1617 rabies,
1365 1578 1421 1607 aut
1435 1575 1516 1606 scita
1531 1574 1653 1616 Lycur-

940 1630 1017 1671 gia.-
1031 1630 1116 1670 leges
1131 1627 1346 1667 Morumjura
1359 1627 1452 1667 viris,
1463 1627 1517 1667 ⁸5⁶·
1542 1626 1652 1657 Plane

941 1681 1074 1723 inepte.
1127 1679 1218 1712 Nam
1256 1678 1405 1720 priscam
1443 1677 1652 1718 scripturam

942 1730 1124 1764 confirmat
1139 1730 1214 1772 ipsc
1230 1729 1321 1762 Stat.
1334 1737 1385 1760 lv.
1396 1728 1490 1770 Sylv.
1501 1727 1545 1759 ad
1558 1727 1653 1759 Mar-

943 1782 1024 1814 cell.
1046 1782 1174 1814 ‘Certe
1192 1781 1266 1822 jam
1290 1780 1401 1812 Latiae
1425 1788 1493 1812 nou
1508 1779 1653 1812 miscent

938 1832 1059 1875 jurgia
1074 1830 1193 1874 leges!
1233 1831 1292 1863 Ait
1310 1834 1424 1862 autem
1440 1828 1551 1862 Poeta
1560 1829 1654 1862 Nea-

943 1883 1015 1925 poli
1031 1888 1162 1916 tantam
1174 1891 1251 1915 esse
1268 1881 1395 1914 civium
1411 1881 1504 1913 inter
1519 1891 1556 1913 se
1571 1890 1652 1913 con-

942 1934 1109 1976 cordiam,
1122 1938 1162 1966 ut
1177 1932 1310 1975 legibus
1326 1941 1411 1974 opus
1427 1941 1494 1964 non
1511 1931 1568 1973 sit,
1591 1932 1653 1964 sed

941 1985 1034 2028 quod
1050 1985 1158 2017 bonos
1172 1993 1286 2016 mores
1310 1992 1373 2026 pro
1395 1982 1528 2024 legibus
1552 1983 1655 2015 habe-

941 2042 1013 2069 ant.
1058 2035 1137 2068 Hoc
1152 2034 1242 2066 enim
1257 2038 1324 2074 est,
1340 2033 1431 2075 quod
1447 2033 1534 2064 dicit
1551 2043 1559 2063 ε
1584 2033 1655 2064 Mo-

941 2097 1012 2119 ram
1019 2086 1099 2127 jura
1113 2086 1210 2119 viris.
1248 2084 1463 2117 simillimum
1478 2090 1531 2116 est
1539 2084 1654 2116 Taciti

943 2138 986 2171 de
1016 2137 1198 2171 Germanis
1230 2135 1403 2177 elogium:
1438 2136 1448 2153 ‘
1464 2135 1565 2177 Apud
1596 2144 1654 2167 eos

944 2190 1022 2232 plus
1037 2188 1185 2221 valuisse
1199 2187 1307 2220 bonos
1324 2195 1435 2218 mores
1449 2195 1549 2228 quam
1561 2185 1653 2227 apud

945 2240 1030 2273 alios
1045 2240 1151 2272 bonas
1164 2236 1282 2279 leges?
1305 2238 1440 2269 Getart.

988 2294 1031 2324 91
1070 2290 1158 2323 Nudi
1184 2289 1317 2331 tectique
1346 2287 1480 2329 theatri]
1514 2286 1655 2320 Nudum

947 2342 1123 2375 theatrum
1148 2344 1200 2373 est
1222 2340 1295 2372 sine
1323 2342 1421 2371 tecto
1437 2338 1493 2370 hic
1510 2343 1545 2369 et
1561 2338 1653 2380 apud

946 2394 1090 2427 Tertull.
1112 2393 1148 2425 in
1172 2391 1318 2434 Apolog.
1362 2390 1458 2422 'ralia
1473 2388 1572 2421 fuere
1591 2389 1656 2430 pri-

946 2445 1050 2478 mitus
1062 2444 1197 2477 theatra
1208 2443 1340 2483 Romae,
1349 2451 1424 2483 quae
1439 2438 1572 2471 idcirco
1584 2439 1655 2472 die-

947 2496 1012 2528 bus
1039 2504 1218 2527 munerum
1244 2497 1305 2525 aut
1326 2491 1486 2524 ludorum
1502 2491 1587 2522 velis
1606 2497 1654 2522 tc-

946 2546 1127 2589 gebantur.
1149 2545 1242 2577 Plin.
1268 2543 1330 2575 lib.
1347 2550 1425 2574 xix.
1440 2551 1471 2574 c.
1488 2543 1519 2573 1.
1548 2541 1656 2573 'rhea-

944 2602 1036 2630 trum
1057 2607 1134 2629 cum
1159 2600 1254 2628 tecto
1277 2593 1414 2635 Regelli
1438 2597 1475 2624 et
1499 2592 1656 2624 Corinthi

945 2647 1101 2680 extruxit
1125 2645 1286 2679 Herodes
1316 2648 1406 2678 teste
1430 2642 1653 2676 Philostrato.

946 2699 1094 2731 Crucem.

988 2751 1030 2781 93
1049 2745 1236 2788 Menandri]
1259 2745 1452 2779 Menander
1470 2743 1571 2786 poeta
1597 2752 1652 2774 co-

946 2799 1066 2842 micus,
1078 2799 1122 2831 de
1138 2808 1204 2841 quo
1218 2802 1298 2833 ante
1315 2801 1369 2830 est
1394 2796 1538 2835 dictum,
1563 2793 1654 2826 unde
