1858 3112
439 264 479 294 ι».
512 262 706 294 rammi
740 262 905 294 sraru
940 263 1084 294 svnv.
1118 262 1314 295 1.113.111.
1345 254 1387 294 4.

179 366 310 392 norem
331 357 486 392 eredidit·
501 367 581 390 esse⁴
603 356 667 390 sub
693 360 786 390 terra
802 366 884 389 con-

177 414 334 444 eretun:
358 409 419 442 lib.
436 417 587 442 xxxvii.
601 417 632 441 c.
649 409 702 440 ll.
739 407 788 438 At
799 417 885 449 pug-

177 465 250 494 net*
266 460 303 493 in
324 460 422 493 hane·
433 459 640 492 sententiam
655 458 860 500 Propertius
875 467 884 489 ε

178 510 303 545 flatilia
321 509 426 544 fuisse
449 510 574 550 innuit,
587 509 667 542 dnm
682 508 717 540 in
738 507 886 540 Partho-

178 569 258 595 mn
268 558 412 595 caminis
427 560 529 603 eoqni
548 560 635 600 vult,
650 559 710 592 lib.
727 567 780 591 iv.
796 558 886 598 eleg.

178 615 213 646 ὅ.
239 611 498 654 ‘myri-heuque
522 611 558 644 in
583 610 723 643 Parthis
761 609 887 651 pocula

121 680 124 683 ·
178 667 284 698 cocta
310 662 423 705 foci&
451 663 509 696 cui
538 661 736 704 refragatur
764 666 886 703 aperte

178 722 247 748 non
262 714 391 748 citatus
406 714 508 747 modo
524 714 628 747 Plinii
645 715 754 754 locus,
765 712 825 744 sed
850 717 887 744 et

179 766 272 799 alter
293 765 353 799 lib.
369 774 490 798 xxxv.
505 775 536 798 c.
553 767 603 797 12.
619 764 677 796 ubi
705 763 888 805 conqueri-

181 821 252 858 tur,
265 815 281 835 ‘'
292 826 335 850 eo
350 817 485 849 venisse
507 815 690 854 luxuriam,
705 819 746 847 ut
767 814 890 846 fictilia

124 898 127 902 .
179 866 288 910 pluris,
301 871 463 900 constent
477 865 795 910 qnavayrrhinal
824 865 889 897 Mi·

180 917 280 952 chael
291 927 375 951 vero
386 918 579 959 Mereatua,
591 917 644 949 vir
658 916 890 958 doctissimus,

184 969 451 1012 qnietiamnum-
466 971 636 1010 superest,
652 967 740 999 libro
756 967 799 999 de
823 967 889 999 fos-

182 1021 299 1054 silium
322 1023 461 1060 natura,
482 1018 664 1051 materiam
681 1027 723 1049 ex
738 1018 890 1059 Myrrhae

183 1071 315 1105 arbore·
344 1070 452 1103 ineisa
480 1068 647 1102 fluentem
679 1068 714 1100 in
745 1078 891 1101 massam

183 1121 419 1165 coagmentari
444 1120 564 1161 tradit,
581 1119 824 1162 coloribusque
847 1119 891 1152 ad

183 1173 338 1216 speeiem
353 1171 504 1205 inductis
527 1175 636 1203 artem
653 1170 733 1202 inde
757 1171 893 1212 potoria

184 1225 262 1259 lme
288 1234 369 1258 vasa
389 1223 542 1264 fingere3
573 1222 630 1255 cui
655 1223 721 1255 etsi
747 1222 893 1265 Plinius,

184 1275 393 1318 Propertius
407 1279 522 1308 temen
535 1283 602 1306 non
620 1278 812 1316 repugnat3
831 1268 892 1306 fic:

186 1327 262 1361 tili·
282 1337 367 1360 saue
381 1325 502 1367 fnisse,
524 1329 562 1357 et
585 1325 751 1356 Arrianus
771 1329 894 1357 auctor

186 1378 231 1411 de
251 1377 474 1420 navigatione
491 1375 593 1408 maris
605 1375 726 1414 Rubri,
739 1375 894 1407 scribens

187 1429 350 1472 Diospoli
379 1437 463 1461 vasa
487 1426 669 1469 Myrrhina
691 1425 780 1459 fieri.
809 1426 893 1458 Ber-

185 1483 272 1513 m.

229 1533 275 1563 (io
295 1530 429 1572 Superis
448 1529 504 1572 qui
523 1529 692 1571 prolibare
709 1527 893 1569 verendum]

187 1581 243 1614 De
272 1580 522 1613 Pineernarnm
561 1588 621 1612 seu
654 1577 895 1621 poematorum

189 1632 279 1674 neg.
293 1629 408 1664 officio
431 1630 514 1663 alibi
533 1629 667 1662 dictum
692 1634 748 1662 est
763 1639 807 1661 ex
822 1629 896 1662 Xe-

187 1681 375 1724 nophonte.
418 1681 544 1714 Utrum
558 1689 642 1713 vero
664 1679 704 1712 τὸ
718 1680 897 1712 Proelibare

187 1734 358 1766 verenam
383 1724 519 1773 Nectar,
542 1730 760 1763 referendum
786 1731 830 1763 ad
858 1730 898 1763 τὸ

188 1783 406 1826 floreffia-peina,
416 1792 493 1815 cnm
509 1782 543 1815 lii
554 1782 613 1825 qui
629 1791 649 1813 a
658 1782 792 1824 poculis
801 1786 899 1815 erant

191 1835 280 1876 Reg.
294 1834 377 1866 Per.
403 1836 483 1876 post
507 1837 664 1875 pateram
692 1836 899 1875 porrectam,

190 1895 236 1919 ex
251 1894 296 1918 ea
309 1885 466 1917 hanutum
482 1884 610 1926 cyatho
625 1884 736 1916 vinum
751 1884 788 1915 in
801 1884 899 1916 sinis-

190 1941 279 1970 tram
294 1945 431 1969 manum
447 1934 632 1968 fundentes
644 1935 894 1968 absorberent:

191 1997 236 2020 an
251 1987 297 2020 ad
320 1986 361 2019 τὸ
374 1987 498 2028 κομψῶς
512 1984 665 2027 οἰνοχοεῖν
686 1985 737 2017 καὶ
762 1987 898 2027 καθαρῶς

192 2036 342 2079 ἐγχέεινὲ
365 2038 455 2080 quod
473 2041 528 2070 est
541 2037 631 2078 scite,
645 2041 730 2078 apte,
743 2047 821 2079 pure
835 2047 899 2069 me-

191 2099 265 2123 rum
289 2089 468 2129 infundere.
514 2087 594 2120 Hoc
627 2088 837 2120 Heliodorus
864 2088 900 2119 in

191 2140 381 2182 Theagene
410 2139 553 2180 Reginae
570 2139 662 2171 AEth.
686 2137 816 2170 Arsace
840 2147 900 2180 po·

191 2191 352 2224 eillatore
384 2194 488 2222 vocat
522 2187 666 2231 προσινὲς
700 2187 902 2231 κεράσασθαι,

192 2241 340 2284 εὔρυθμόν
350 2239 389 2274 τέ
409 2252 442 2272 τι
462 2239 514 2272 καὶ
535 2238 639 2281 ἄκροις
651 2239 720 2272 τοῖς
737 2240 903 2271 δακτύλοις

194 2292 324 2334 ἐτι-σχεῖν
341 2290 403 2330 τὴν
424 2289 554 2333 φιάλην·
582 2291 619 2322 id
647 2290 737 2322 enim
763 2300 903 2332 operam

193 2343 325 2377 dabant
339 2346 379 2376 nt
404 2342 552 2385 phialam
574 2340 686 2373 tribus
701 2341 839 2373 summis
854 2340 905 2372 di-

194 2395 277 2437 gitis
291 2394 342 2427 ita
359 2392 516 2434 Principi
533 2390 711 2432 offerrent,
724 2395 764 2423 ut
777 2390 904 2424 facilli-

195 2455 252 2479 me
262 2445 307 2478 ab
317 2454 360 2478 eo
372 2443 539 2486 prehendi
553 2447 687 2485 posset:
711 2442 802 2485 qnod
811 2452 904 2475 eom·

195 2496 297 2529 mode
320 2494 396 2527 fieri
419 2503 487 2526 non
519 2497 671 2535 poterat,
686 2493 751 2525 nisi
773 2491 905 2534 Augus-

194 2551 265 2580 tam
281 2545 442 2578 dextram
458 2543 717 2584 contingerent.
733 2542 861 2575 Mareu.

238 2599 282 2629 66
306 2596 460 2636 Carperet
475 2597 507 2626 et
520 2593 674 2636 pulchre,
689 2593 759 2635 εμπ]
782 2592 905 2634 Βοιώ-ι

194 2646 445 2688 ίὶιιι,]““ιιωιΐαν,
459 2644 617 2686 conjicit.
662 2644 768 2676 Pueri
790 2644 904 2676 sciunt

195 2697 335 2742 quidem
349 2706 448 2730 usum
470 2697 574 2729 istum
597 2695 779 2729 verborum
794 2695 904 2729 actio-

196 2758 276 2782 nem
290 2748 430 2791 proprie
450 2747 700 2780 denotantinm.
743 2745 813 2779 Sed
834 2746 902 2778 Po-

197 2799 287 2832 etam
303 2799 484 2842 reliquisse
498 2804 601 2841 puto:
615 2798 760 2837 fioecaret
784 2798 905 2838 gaudia

188 2852 318 2891 sormae.
341 2851 495 2885 Gronov.
505 2850 539 2883 in
551 2850 666 2884 Diatr.

1532 254 1646 295 1715

978 361 1021 390 67
1058 358 1150 391 Deus
1174 358 1306 400 patria]
1335 357 1564 401 AEsculapius‚
1586 358 1646 401 qui

936 409 1098 450 Pergami
1111 409 1298 442 colebatur.

978 462 1022 491 68
1044 460 1190 501 Mollire]
1224 460 1365 492 Mollem
1393 464 1431 493 et
1457 460 1646 503 spadonem

936 509 1066 543 facere.

979 564 1022 594 70
1046 562 1200 603 Tor-pens]
1222 561 1399 604 Torpebat
1410 561 1646 604 AEsculapius:

937 623 1004 646 uon
1019 613 1110 646 enim
1137 613 1369 653 adnitebatur,
1391 623 1455 645 nec
1480 614 1545 645 vim
1563 614 1649 646 iufe-

936 664 1049 702 rebat,
1074 674 1117 696 ne
1146 674 1290 706 puerum
1321 664 1462 696 vnlnere
1492 663 1647 697 offende-

938 720 1004 748 ret.

980 769 1020 798 71
1047 767 1100 799 De
1128 776 1205 798 sexu
1238 766 1374 799 transire
1400 765 1509 808 jubet]
1547 766 1649 799 Facit

939 818 1126 859 spadonem
1155 824 1287 850 tamen:
1316 819 1471 860 quamvis
1496 818 1651 850 AEseula-

940 867 1028 909 pins,
1044 868 1087 899 de
1104 869 1201 911 cujus
1223 868 1399 910 imperitia
1421 868 1504 900 nihil
1525 868 1650 901 timen-

940 918 1020 950 dum
1045 923 1134 958 erat,
1158 928 1303 960 puerum
1327 923 1510 961 castraret,
1533 922 1649 951 tamen

940 969 1059 1001 Venus
1082 969 1305 1002 cruciabatur
1330 973 1367 1002 et
1394 969 1556 1003 timebat.
1579 970 1649 1002 Do-

938 1019 1010 1051 mit.

983 1072 1025 1102 78
1051 1070 1200 1102 Nondum
1223 1070 1355 1111 pulchra
1368 1069 1470 1111 ducis,
1485 1069 1556 1112 εγω]
1571 1070 1648 1103 Me-

942 1120 1103 1154 ritissimo
1128 1121 1262 1153 Domit.
1279 1120 1381 1162 huJus
1397 1120 1653 1162 pulcherrimae,

942 1172 1127 1206 humaniss.
1141 1175 1177 1204 et
1200 1172 1359 1204 sanctiss.
1375 1172 1442 1213 leg.
1469 1181 1652 1214 praeeones

941 1223 1064 1255 habuit
1079 1231 1196 1254 omnes
1211 1221 1356 1263 Poetas,
1366 1221 1564 1260 historicos,
1576 1231 1654 1264 pro·

943 1276 1056 1312 fanos,
1079 1284 1210 1315 sacros,
1225 1274 1339 1312 immo,
1362 1279 1401 1307 nt
1423 1274 1472 1307 ait
1494 1275 1655 1308 Martial.

942 1327 1003 1358 lib.
1015 1335 1067 1358 1x.
1081 1335 1111 1357 c.
1121 1328 1153 1357 7.
1168 1326 1177 1344 ‘
1187 1325 1316 1366 Urbes,
1329 1329 1366 1357 et
1379 1326 1593 1367 populos‚....
1604 1325 1655 1357 in-

943 1376 1068 1413 fantes,
1084 1384 1221 1418 pueros,
1229 1375 1448 1417 juvenesque
1462 1374 1657 1418 senesque.’

945 1427 1141 1460 Attendant
1151 1426 1208 1459 hic
1223 1426 1382 1467 studiosi,
1397 1430 1408 1445 ‘
1418 1426 1506 1460 Quae
1519 1426 1655 1459 variare

945 1479 1042 1520 cupit
1053 1487 1125 1510 rem
1142 1477 1384 1519 prodigialiter
1391 1475 1519 1509 unam?
1534 1480 1575 1509 ut
1586 1476 1654 1508 Pa-

947 1529 1059 1571 pinius
1076 1528 1111 1560 in
1129 1531 1227 1561 tanta
1250 1527 1433 1560 verborum
1456 1526 1558 1569 copia
1583 1526 1655 1558 ‘ni-

946 1580 993 1611 hil
1023 1579 1166 1611 molitur
1197 1578 1318 1620 inepte
1335 1577 1358 1610 :'
1393 1578 1497 1618 Nam,
1526 1579 1537 1596 ‘
1562 1578 1657 1610 Pue-

947 1641 1022 1663 rum
1038 1629 1199 1671 mollire‚'
1218 1640 1268 1661 vs.
1282 1632 1338 1662 68.
1361 1629 1372 1648 ‘
1383 1628 1428 1661 de
1443 1638 1528 1661 sexu
1544 1633 1655 1661 trans-

948 1683 1000 1715 ire
1018 1681 1170 1724 juben-ej
1201 1690 1252 1712 vs.
1275 1683 1330 1712 71.
1364 1678 1550 1721 ‘frangere
1578 1688 1657 1711 sex-

948 1731 1029 1772 um,’
1050 1742 1100 1764 vs.
1114 1733 1168 1764 74.
1195 1730 1206 1749 ‘
1223 1730 1395 1762 hominem
1421 1729 1578 1771 mutare,'
1607 1739 1658 1762 vs.

948 1785 1003 1815 76.
1027 1785 1105 1814 sunt
1134 1779 1318 1821 ὁμοιόσημα,
1359 1790 1422 1822 pro
1450 1780 1461 1798 ‘
1478 1779 1658 1812 castrare-⁹

948 1832 1051 1865 Adde
1065 1842 1109 1864 ex
1123 1831 1301 1872 Martiale,
1323 1830 1333 1849 ‘
1345 1831 1497 1863 Puerum
1513 1829 1657 1863 secare.¹

947 1885 958 1903 ‘
971 1883 1183 1916 Virilitatem
1199 1880 1359 1923 eripere!
1402 1883 1412 1900 ‘
1425 1881 1571 1913 Foedare
1587 1889 1658 1913 ma-

949 1934 1028 1967 res.'
1051 1933 1181 1974 Graeci,
1192 1931 1393 1973 ἀποκόπτειν,
1406 1930 1576 1971 ἐκτέμνειν,
1592 1931 1658 1964 θλί-

947 1988 1026 2029 βειν,
1040 1986 1130 2027 θλᾷν*
1147 1983 1240 2016 unde
1255 1983 1342 2015 dicti
1354 1981 1573 2023 τεθλασμένοι,
1585 1982 1660 2014 ἀπο·

949 2033 1141 2077 κεκὸμμένοι,
1153 2033 1254 2066 fracti
1265 2038 1300 2066 et
1309 2033 1457 2071 contusi,
1472 2033 1530 2075 qui
1544 2042 1661 2065 arcen-

951 2091 1008 2120 tur
1020 2097 1040 2119 a
1054 2090 1148 2118 coetu
1163 2094 1275 2124 sacro,
1289 2085 1438 2116 Deuter.
1451 2093 1481 2116 e.
1495 2092 1606 2115 xxm.
1623 2089 1661 2115 et

952 2149 1002 2171 vs.
1013 2141 1045 2171 1.
1061 2137 1118 2169 οὐκ
1132 2134 1347 2168 εἰσελεύσεται
1361 2135 1486 2167 enotatas
1500 2134 1571 2166 οὐδὲ
1583 2135 1660 2167 ἄπο-

953 2187 1139 2229 κεκομμένος
1153 2186 1196 2220 εἷς
1208 2185 1377 2226 ἐκκλησίαν
1390 2185 1505 2228 κυρίου.
1536 2186 1594 2218 De
1609 2186 1661 2218 his

954 2243 1036 2285 Uip.
1058 2242 1082 2275 1.
1098 2243 1171 2273 128.
1189 2241 1236 2272 D.
1253 2239 1296 2271 de
1314 2238 1409 2271 verb.
1424 2238 1511 2279 sign.
1527 2238 1552 2270 1.
1567 2240 1599 2271 6.
1614 2238 1660 2270 D.

955 2293 998 2325 de
1013 2293 1133 2326 liberis
1149 2293 1172 2324 1.
1187 2294 1219 2324 6.
1246 2300 1280 2322 ν.
1296 2293 1351 2322 39.
1379 2291 1426 2322 D.
1441 2289 1485 2321 de
1495 2289 1568 2330 jur.
1585 2288 1660 2321 dot.

955 2345 966 2364 ‘
983 2343 1136 2377 castrati
1151 2352 1215 2375 nec
1231 2349 1338 2383 prono
1361 2339 1574 2382 conjugibus,
1595 2348 1662 2372 nec

955 2398 1116 2436 parentes
1131 2393 1200 2425 ulla
1216 2400 1278 2434 spe
1303 2400 1376 2423 esse
1399 2389 1565 2432 possunt!
1588 2389 1662 2421 Mo-

954 2447 1026 2480 rell.

998 2498 1042 2528 78
1067 2495 1114 2528 Tu
1135 2492 1268 2536 quoque]
1290 2491 1360 2525 Qui
1381 2494 1573 2533 sequuntur
1585 2498 1662 2522 ver-

956 2555 1014 2578 sus
1036 2544 1147 2577 veteri
1173 2541 1299 2575 menda
1313 2541 1400 2573 adeo
1414 2539 1550 2572 confusi
1565 2544 1664 2572 erant

956 2601 995 2630 ut
1020 2597 1089 2638 legi
1112 2605 1181 2628 non
1211 2597 1365 2636 possent.
1411 2591 1443 2623 A
1458 2591 1555 2623 nobis
1580 2600 1663 2623 vero

956 2647 1133 2681 emendati
1149 2646 1182 2678 in
1205 2645 1295 2677 hune
1316 2651 1454 2676 sensum
1480 2641 1663 2684 proferun-

957 2702 1037 2730 tur:
1063 2696 1098 2728 Si
1122 2694 1254 2728 tardius
1270 2697 1307 2726 et
1330 2697 1409 2735 post
1430 2692 1542 2733 legem
1558 2693 1663 2724 latam

956 2758 975 2779 a
997 2746 1200 2779 Domitiano
1222 2748 1325 2776 natus
1347 2752 1455 2783 esses,
1479 2752 1500 2773 o
1522 2741 1663 2781 Earine‚

956 2806 1023 2829 non
1035 2796 1159 2829 fuisses
1168 2794 1280 2827 factus
1296 2793 1484 2835 spado‚sed
1497 2792 1665 2824 emisisses

956 2847 1109 2889 barbam,
1120 2855 1220 2888 quam
1232 2853 1322 2877 nunc
1333 2853 1402 2876 una
1417 2852 1492 2875 cum
1510 2840 1662 2873 crinibus
