<?xml version="1.0" encoding="UTF-8"?>
<!DOCTYPE html PUBLIC "-//W3C//DTD XHTML 1.0 Transitional//EN"
    "http://www.w3.org/TR/xhtml1/DTD/xhtml1-transitional.dtd">
<html xmlns="http://www.w3.org/1999/xhtml" xml:lang="en" lang="en">
 <head>
  <title>
</title>
<meta http-equiv="Content-Type" content="text/html;charset=utf-8" />
  <meta name='ocr-system' content='tesseract 3.04.00' />
  <meta name='ocr-capabilities' content='ocr_page ocr_carea ocr_par ocr_line ocrx_word'/>
</head>
<body>
  <div class='ocr_page' id='page_1' title='image "./operaomniaexedit03statuoft_0514.png"; bbox 0 0 1846 3120; ppageno 0'>
   <div class='ocr_carea' id='block_1_1' title="bbox 290 230 405 272">
    <p class='ocr_par' dir='ltr' id='par_1_1' title="bbox 290 230 405 272">
     <span class='ocr_line' id='line_1_1' title="bbox 290 230 405 272; baseline 0 0"><span class='ocrx_word' id='word_1_1' title='bbox 290 230 405 272; x_wconf 81' lang='lat'>1614</span> 
     </span>
    </p>
   </div>
   <div class='ocr_carea' id='block_1_2' title="bbox 785 238 1253 271">
    <p class='ocr_par' dir='ltr' id='par_1_2' title="bbox 785 238 1253 271">
     <span class='ocr_line' id='line_1_2' title="bbox 785 238 1253 271; baseline 0.002 -2"><span class='ocrx_word' id='word_1_2' title='bbox 785 239 824 269; x_wconf 80' lang='lat' dir='ltr'>P.</span> <span class='ocrx_word' id='word_1_3' title='bbox 858 239 1051 271; x_wconf 70' lang='lat' dir='ltr'>PArlNu</span> <span class='ocrx_word' id='word_1_4' title='bbox 1085 238 1253 270; x_wconf 78' lang='lat' dir='ltr'>STA‘rll</span> 
     </span>
    </p>
   </div>
   <div class='ocr_carea' id='block_1_3' title="bbox 290 333 1532 524">
    <p class='ocr_par' dir='ltr' id='par_1_3' title="bbox 290 333 1532 524">
     <span class='ocr_line' id='line_1_3' title="bbox 290 333 1455 389; baseline -0.001 -12"><span class='ocrx_word' id='word_1_5' title='bbox 290 333 444 377; x_wconf 89' lang='lat' dir='ltr'>Ludus</span> <span class='ocrx_word' id='word_1_6' title='bbox 465 337 570 383; x_wconf 86' lang='lat' dir='ltr'>erat,</span> <span class='ocrx_word' id='word_1_7' title='bbox 583 334 843 388; x_wconf 83' lang='lat' dir='ltr'>requiesque</span> <span class='ocrx_word' id='word_1_8' title='bbox 864 334 1000 377; x_wconf 84' lang='lat' dir='ltr'>mihi:</span> <span class='ocrx_word' id='word_1_9' title='bbox 1027 348 1109 378; x_wconf 89' lang='lat' dir='ltr'>nec</span> <span class='ocrx_word' id='word_1_10' title='bbox 1128 334 1271 389; x_wconf 85' lang='lat' dir='ltr'>maj0r</span> <span class='ocrx_word' id='word_1_11' title='bbox 1289 335 1336 376; x_wconf 90' lang='lat' dir='ltr'>in</span> <span class='ocrx_word' id='word_1_12' title='bbox 1354 334 1455 377; x_wconf 73' lang='lat' dir='ltr'>istis</span> 
     </span>
     <span class='ocr_line' id='line_1_4' title="bbox 290 401 1373 459; baseline -0.002 -15"><span class='ocrx_word' id='word_1_13' title='bbox 290 402 449 452; x_wconf 90' lang='lat' dir='ltr'>Sudor,</span> <span class='ocrx_word' id='word_1_14' title='bbox 468 401 705 459; x_wconf 84' lang='lat' dir='ltr'>Apollineo</span> <span class='ocrx_word' id='word_1_15' title='bbox 727 410 860 455; x_wconf 81' lang='lat' dir='ltr'>quam</span> <span class='ocrx_word' id='word_1_16' title='bbox 880 401 960 443; x_wconf 88' lang='lat' dir='ltr'>fila</span> <span class='ocrx_word' id='word_1_17' title='bbox 981 402 1187 445; x_wconf 84' lang='lat' dir='ltr'>sonantia</span> <span class='ocrx_word' id='word_1_18' title='bbox 1205 403 1373 456; x_wconf 88' lang='lat' dir='ltr'>plectro</span> 
     </span>
     <span class='ocr_line' id='line_1_5' title="bbox 290 469 1532 524; baseline -0.002 -14"><span class='ocrx_word' id='word_1_19' title='bbox 290 469 402 511; x_wconf 88' lang='lat' dir='ltr'>Cum</span> <span class='ocrx_word' id='word_1_20' title='bbox 422 473 662 523; x_wconf 83' lang='lat' dir='ltr'>quaterem,</span> <span class='ocrx_word' id='word_1_21' title='bbox 683 469 946 524; x_wconf 88' lang='lat' dir='ltr'>priscosque</span> <span class='ocrx_word' id='word_1_22' title='bbox 967 470 1105 510; x_wconf 88' lang='lat' dir='ltr'>virum</span> <span class='ocrx_word' id='word_1_23' title='bbox 1126 469 1307 510; x_wconf 88' lang='lat' dir='ltr'>mirarer</span> <span class='ocrx_word' id='word_1_24' title='bbox 1327 469 1532 510; x_wconf 83' lang='lat' dir='ltr'>honores.</span> 
     </span>
    </p>
   </div>
   <div class='ocr_carea' id='block_1_4' title="bbox 288 535 1494 656">
    <p class='ocr_par' dir='ltr' id='par_1_4' title="bbox 288 535 1494 656">
     <span class='ocr_line' id='line_1_6' title="bbox 288 535 1382 590; baseline -0.001 -13"><span class='ocrx_word' id='word_1_25' title='bbox 288 535 411 587; x_wconf 84' lang='lat' dir='ltr'>Quin</span> <span class='ocrx_word' id='word_1_26' title='bbox 431 537 563 577; x_wconf 90' lang='lat' dir='ltr'>etiam</span> <span class='ocrx_word' id='word_1_27' title='bbox 585 548 761 586; x_wconf 77' lang='lat' dir='ltr'>succ08,</span> <span class='ocrx_word' id='word_1_28' title='bbox 783 540 917 590; x_wconf 88' lang='lat' dir='ltr'>atque</span> <span class='ocrx_word' id='word_1_29' title='bbox 936 536 1198 577; x_wconf 77' lang='lat' dir='ltr'>auxiliantia</span> <span class='ocrx_word' id='word_1_30' title='bbox 1215 535 1382 577; x_wconf 86' lang='lat' dir='ltr'>morbis</span> 
     </span>
     <span class='ocr_line' id='line_1_7' title="bbox 290 602 1494 656; baseline 0 -12"><span class='ocrx_word' id='word_1_31' title='bbox 290 603 522 653; x_wconf 87' lang='lat' dir='ltr'>Gramina,</span> <span class='ocrx_word' id='word_1_32' title='bbox 544 615 633 656; x_wconf 90' lang='lat' dir='ltr'>quo</span> <span class='ocrx_word' id='word_1_33' title='bbox 651 603 814 644; x_wconf 89' lang='lat' dir='ltr'>nimius</span> <span class='ocrx_word' id='word_1_34' title='bbox 832 607 970 644; x_wconf 89' lang='lat' dir='ltr'>staret</span> <span class='ocrx_word' id='word_1_35' title='bbox 989 602 1279 644; x_wconf 85' lang='lat' dir='ltr'>medicamine</span> <span class='ocrx_word' id='word_1_36' title='bbox 1298 603 1494 656; x_wconf 88' lang='lat' dir='ltr'>sanguis,</span> 
     </span>
    </p>
   </div>
   <div class='ocr_carea' id='block_1_5' title="bbox 1662 530 1751 578">
    <p class='ocr_par' dir='ltr' id='par_1_5' title="bbox 1662 530 1751 578">
     <span class='ocr_line' id='line_1_8' title="bbox 1662 530 1751 578; baseline 0 -2"><span class='ocrx_word' id='word_1_37' title='bbox 1662 530 1751 578; x_wconf 80' lang='lat'>44⁵</span> 
     </span>
    </p>
   </div>
   <div class='ocr_carea' id='block_1_6' title="bbox 290 670 1529 860">
    <p class='ocr_par' dir='ltr' id='par_1_6' title="bbox 290 670 1529 860">
     <span class='ocr_line' id='line_1_9' title="bbox 293 670 1529 724; baseline 0.002 -13"><span class='ocrx_word' id='word_1_38' title='bbox 293 670 417 721; x_wconf 83' lang='lat' dir='ltr'>Quid</span> <span class='ocrx_word' id='word_1_39' title='bbox 438 670 576 711; x_wconf 87' lang='lat' dir='ltr'>faciat</span> <span class='ocrx_word' id='word_1_40' title='bbox 597 683 793 721; x_wconf 88' lang='lat' dir='ltr'>somnos,</span> <span class='ocrx_word' id='word_1_41' title='bbox 813 670 920 724; x_wconf 89' lang='lat' dir='ltr'>quid</span> <span class='ocrx_word' id='word_1_42' title='bbox 942 670 1111 724; x_wconf 82' lang='lat' dir='ltr'>hiantia</span> <span class='ocrx_word' id='word_1_43' title='bbox 1131 670 1311 712; x_wconf 89' lang='lat' dir='ltr'>vulnera</span> <span class='ocrx_word' id='word_1_44' title='bbox 1333 670 1529 723; x_wconf 83' lang='lat' dir='ltr'>claudat,</span> 
     </span>
     <span class='ocr_line' id='line_1_10' title="bbox 293 737 1444 792; baseline 0 -13"><span class='ocrx_word' id='word_1_45' title='bbox 293 738 408 789; x_wconf 83' lang='lat' dir='ltr'>Quae</span> <span class='ocrx_word' id='word_1_46' title='bbox 430 738 541 779; x_wconf 85' lang='lat' dir='ltr'>ferro</span> <span class='ocrx_word' id='word_1_47' title='bbox 562 737 813 779; x_wconf 87' lang='lat' dir='ltr'>cohibenda</span> <span class='ocrx_word' id='word_1_48' title='bbox 832 738 944 788; x_wconf 83' lang='lat' dir='ltr'>lueS,</span> <span class='ocrx_word' id='word_1_49' title='bbox 965 750 1065 792; x_wconf 86' lang='lat' dir='ltr'>quae</span> <span class='ocrx_word' id='word_1_50' title='bbox 1087 738 1265 779; x_wconf 89' lang='lat' dir='ltr'>cederet</span> <span class='ocrx_word' id='word_1_51' title='bbox 1280 737 1444 788; x_wconf 77' lang='lat' dir='ltr'>herbis,</span> 
     </span>
     <span class='ocr_line' id='line_1_11' title="bbox 290 804 1392 860; baseline -0.001 -13"><span class='ocrx_word' id='word_1_52' title='bbox 290 805 499 855; x_wconf 89' lang='lat' dir='ltr'>Edocuit,</span> <span class='ocrx_word' id='word_1_53' title='bbox 519 804 803 860; x_wconf 90' lang='lat' dir='ltr'>monitusque</span> <span class='ocrx_word' id='word_1_54' title='bbox 824 818 965 848; x_wconf 84' lang='lat' dir='ltr'>sacrae</span> <span class='ocrx_word' id='word_1_55' title='bbox 986 806 1068 846; x_wconf 91' lang='lat' dir='ltr'>sub</span> <span class='ocrx_word' id='word_1_56' title='bbox 1090 808 1272 859; x_wconf 83' lang='lat' dir='ltr'>pectore</span> <span class='ocrx_word' id='word_1_57' title='bbox 1290 805 1392 847; x_wconf 88' lang='lat' dir='ltr'>fixit</span> 
     </span>
    </p>
   </div>
   <div class='ocr_carea' id='block_1_7' title="bbox 289 871 1281 926">
    <p class='ocr_par' dir='ltr' id='par_1_7' title="bbox 289 871 1281 926">
     <span class='ocr_line' id='line_1_12' title="bbox 289 871 1281 926; baseline -0.001 -12"><span class='ocrx_word' id='word_1_58' title='bbox 289 872 504 922; x_wconf 79' lang='lat' dir='ltr'>Justitiae,</span> <span class='ocrx_word' id='word_1_59' title='bbox 526 884 616 926; x_wconf 89' lang='lat' dir='ltr'>qua</span> <span class='ocrx_word' id='word_1_60' title='bbox 635 871 827 913; x_wconf 84' lang='lat' dir='ltr'>Peliacis</span> <span class='ocrx_word' id='word_1_61' title='bbox 849 871 955 913; x_wconf 88' lang='lat' dir='ltr'>dare</span> <span class='ocrx_word' id='word_1_62' title='bbox 970 871 1073 926; x_wconf 85' lang='lat' dir='ltr'>jura</span> <span class='ocrx_word' id='word_1_63' title='bbox 1095 872 1281 913; x_wconf 87' lang='lat' dir='ltr'>verenda</span> 
     </span>
    </p>
   </div>
   <div class='ocr_carea' id='block_1_8' title="bbox 289 938 1475 1057">
    <p class='ocr_par' dir='ltr' id='par_1_8' title="bbox 289 938 1475 1057">
     <span class='ocr_line' id='line_1_13' title="bbox 289 938 1475 992; baseline 0.001 -11"><span class='ocrx_word' id='word_1_64' title='bbox 289 939 526 989; x_wconf 85' lang='lat' dir='ltr'>Gentibus,</span> <span class='ocrx_word' id='word_1_65' title='bbox 547 943 680 992; x_wconf 88' lang='lat' dir='ltr'>atque</span> <span class='ocrx_word' id='word_1_66' title='bbox 701 951 810 980; x_wconf 89' lang='lat' dir='ltr'>suos</span> <span class='ocrx_word' id='word_1_67' title='bbox 828 938 993 979; x_wconf 90' lang='lat' dir='ltr'>solitus</span> <span class='ocrx_word' id='word_1_68' title='bbox 1014 951 1176 992; x_wconf 86' lang='lat' dir='ltr'>pacare</span> <span class='ocrx_word' id='word_1_69' title='bbox 1197 938 1475 982; x_wconf 87' lang='lat' dir='ltr'>bimembres.</span> 
     </span>
     <span class='ocr_line' id='line_1_14' title="bbox 292 1005 1447 1057; baseline 0.001 -10"><span class='ocrx_word' id='word_1_70' title='bbox 292 1005 525 1048; x_wconf 83' lang='lat' dir='ltr'>Hactenus</span> <span class='ocrx_word' id='word_1_71' title='bbox 541 1018 770 1057; x_wconf 89' lang='lat' dir='ltr'>annorum,</span> <span class='ocrx_word' id='word_1_72' title='bbox 792 1005 992 1057; x_wconf 88' lang='lat' dir='ltr'>comites,</span> <span class='ocrx_word' id='word_1_73' title='bbox 1013 1006 1230 1048; x_wconf 86' lang='lat' dir='ltr'>elementa</span> <span class='ocrx_word' id='word_1_74' title='bbox 1249 1019 1447 1048; x_wconf 90' lang='lat' dir='ltr'>meorum</span> 
     </span>
    </p>
   </div>
   <div class='ocr_carea' id='block_1_9' title="bbox 291 1166 1755 1218">
    <p class='ocr_par' dir='ltr' id='par_1_9' title="bbox 291 1166 1755 1218">
     <span class='ocr_line' id='line_1_15' title="bbox 291 1166 1755 1218; baseline 0.003 -21"><span class='ocrx_word' id='word_1_75' title='bbox 291 1168 384 1197; x_wconf 74' lang='lat' dir='ltr'>uncta</span> <span class='ocrx_word' id='word_1_76' title='bbox 404 1166 498 1207; x_wconf 82' lang='lat' dir='ltr'>lucta,</span> <span class='ocrx_word' id='word_1_77' title='bbox 519 1170 551 1199; x_wconf 87' lang='lat' dir='ltr'>et</span> <span class='ocrx_word' id='word_1_78' title='bbox 565 1171 674 1199; x_wconf 83' lang='lat' dir='ltr'>caestus</span> <span class='ocrx_word' id='word_1_79' title='bbox 687 1167 870 1208; x_wconf 78' lang='lat' dir='ltr'>impingere.</span> <span class='ocrx_word' id='word_1_80' title='bbox 916 1167 985 1199; x_wconf 85' lang='lat' dir='ltr'>Nec</span> <span class='ocrx_word' id='word_1_81' title='bbox 998 1167 1101 1207; x_wconf 82' lang='lat' dir='ltr'>magis</span> <span class='ocrx_word' id='word_1_82' title='bbox 1115 1167 1150 1199; x_wconf 80' lang='lat' dir='ltr'>in</span> <span class='ocrx_word' id='word_1_83' title='bbox 1170 1168 1244 1200; x_wconf 82' lang='lat' dir='ltr'>istis</span> <span class='ocrx_word' id='word_1_84' title='bbox 1258 1168 1444 1210; x_wconf 80' lang='lat' dir='ltr'>laborabam,</span> <span class='ocrx_word' id='word_1_85' title='bbox 1465 1179 1558 1210; x_wconf 78' lang='lat' dir='ltr'>quam</span> <span class='ocrx_word' id='word_1_86' title='bbox 1572 1178 1642 1211; x_wconf 62' lang='lat' dir='ltr'>cum</span> <span class='ocrx_word' id='word_1_87' title='bbox 1655 1177 1755 1218; x_wconf 60' lang='lat' dir='ltr'>mope-</span> 
     </span>
    </p>
   </div>
   <div class='ocr_carea' id='block_1_10' title="bbox 289 1208 1605 1250">
    <p class='ocr_par' dir='ltr' id='par_1_10' title="bbox 289 1208 1605 1250">
     <span class='ocr_line' id='line_1_16' title="bbox 289 1208 1605 1250; baseline 0.004 -11"><span class='ocrx_word' id='word_1_88' title='bbox 289 1217 356 1239; x_wconf 87' lang='lat' dir='ltr'>rem</span> <span class='ocrx_word' id='word_1_89' title='bbox 369 1208 531 1249; x_wconf 77' lang='lat' dir='ltr'>Apollineo</span> <span class='ocrx_word' id='word_1_90' title='bbox 553 1210 676 1250; x_wconf 82' lang='lat' dir='ltr'>pectine</span> <span class='ocrx_word' id='word_1_91' title='bbox 695 1220 822 1242; x_wconf 79' lang='lat' dir='ltr'>sonoras</span> <span class='ocrx_word' id='word_1_92' title='bbox 835 1210 974 1248; x_wconf 77' lang='lat' dir='ltr'>chordas,</span> <span class='ocrx_word' id='word_1_93' title='bbox 998 1213 1030 1242; x_wconf 86' lang='lat' dir='ltr'>et</span> <span class='ocrx_word' id='word_1_94' title='bbox 1044 1221 1184 1242; x_wconf 83' lang='lat' dir='ltr'>canerem</span> <span class='ocrx_word' id='word_1_95' title='bbox 1198 1213 1303 1243; x_wconf 81' lang='lat' dir='ltr'>laudes</span> <span class='ocrx_word' id='word_1_96' title='bbox 1317 1215 1453 1244; x_wconf 82' lang='lat' dir='ltr'>veterum</span> <span class='ocrx_word' id='word_1_97' title='bbox 1467 1213 1605 1244; x_wconf 61' lang='lat' dir='ltr'>heroum</span> 
     </span>
    </p>
   </div>
   <div class='ocr_carea' id='block_1_11' title="bbox 1653 1212 1755 1248">
    <p class='ocr_par' dir='ltr' id='par_1_11' title="bbox 1653 1212 1755 1248">
     <span class='ocr_line' id='line_1_17' title="bbox 1653 1212 1755 1248; baseline 0 -10"><span class='ocrx_word' id='word_1_98' title='bbox 1653 1212 1755 1248; x_wconf 67' lang='lat' dir='ltr'>Qum-</span> 
     </span>
    </p>
   </div>
   <div class='ocr_carea' id='block_1_12' title="bbox 289 1251 1755 1422">
    <p class='ocr_par' dir='ltr' id='par_1_12' title="bbox 289 1251 1755 1422">
     <span class='ocr_line' id='line_1_18' title="bbox 290 1251 1752 1298; baseline 0.003 -16"><span class='ocrx_word' id='word_1_99' title='bbox 290 1251 387 1282; x_wconf 78' lang='lat' dir='ltr'>etiam</span> <span class='ocrx_word' id='word_1_100' title='bbox 402 1252 595 1284; x_wconf 79' lang='lat' dir='ltr'>monstrabat</span> <span class='ocrx_word' id='word_1_101' title='bbox 609 1253 686 1284; x_wconf 86' lang='lat' dir='ltr'>mihi</span> <span class='ocrx_word' id='word_1_102' title='bbox 699 1262 803 1284; x_wconf 85' lang='lat' dir='ltr'>succos</span> <span class='ocrx_word' id='word_1_103' title='bbox 816 1257 848 1284; x_wconf 85' lang='lat' dir='ltr'>et</span> <span class='ocrx_word' id='word_1_104' title='bbox 862 1252 971 1284; x_wconf 79' lang='lat' dir='ltr'>herbas</span> <span class='ocrx_word' id='word_1_105' title='bbox 984 1254 1148 1293; x_wconf 83' lang='lat' dir='ltr'>salutares,</span> <span class='ocrx_word' id='word_1_106' title='bbox 1174 1257 1207 1285; x_wconf 83' lang='lat' dir='ltr'>et</span> <span class='ocrx_word' id='word_1_107' title='bbox 1230 1254 1369 1293; x_wconf 79' lang='lat' dir='ltr'>docebat,</span> <span class='ocrx_word' id='word_1_108' title='bbox 1391 1265 1449 1294; x_wconf 78' lang='lat' dir='ltr'>quo</span> <span class='ocrx_word' id='word_1_109' title='bbox 1474 1255 1609 1287; x_wconf 76' lang='lat' dir='ltr'>remedio</span> <span class='ocrx_word' id='word_1_110' title='bbox 1625 1254 1752 1298; x_wconf 67' lang='lat' dir='ltr'>effluens</span> 
     </span>
     <span class='ocr_line' id='line_1_19' title="bbox 290 1294 1753 1339; baseline 0.002 -15"><span class='ocrx_word' id='word_1_111' title='bbox 290 1294 423 1333; x_wconf 78' lang='lat' dir='ltr'>sanguis</span> <span class='ocrx_word' id='word_1_112' title='bbox 435 1295 612 1335; x_wconf 74' lang='lat' dir='ltr'>sisteretur,</span> <span class='ocrx_word' id='word_1_113' title='bbox 621 1295 696 1336; x_wconf 79' lang='lat' dir='ltr'>quid</span> <span class='ocrx_word' id='word_1_114' title='bbox 708 1295 852 1327; x_wconf 78' lang='lat' dir='ltr'>conciliet</span> <span class='ocrx_word' id='word_1_115' title='bbox 865 1305 1014 1333; x_wconf 86' lang='lat' dir='ltr'>somnum,</span> <span class='ocrx_word' id='word_1_116' title='bbox 1027 1296 1101 1335; x_wconf 73' lang='lat' dir='ltr'>quid</span> <span class='ocrx_word' id='word_1_117' title='bbox 1106 1296 1224 1335; x_wconf 80' lang='lat' dir='ltr'>jungat</span> <span class='ocrx_word' id='word_1_118' title='bbox 1238 1297 1359 1328; x_wconf 77' lang='lat' dir='ltr'>hiantes</span> <span class='ocrx_word' id='word_1_119' title='bbox 1367 1298 1492 1338; x_wconf 80' lang='lat' dir='ltr'>plagas,</span> <span class='ocrx_word' id='word_1_120' title='bbox 1505 1308 1574 1339; x_wconf 76' lang='lat' dir='ltr'>quoe</span> <span class='ocrx_word' id='word_1_121' title='bbox 1589 1297 1753 1336; x_wconf 64' lang='lat' dir='ltr'>lunser-ro</span> 
     </span>
     <span class='ocr_line' id='line_1_20' title="bbox 291 1335 1753 1380; baseline 0.003 -14"><span class='ocrx_word' id='word_1_122' title='bbox 291 1335 470 1374; x_wconf 61' lang='lat' dir='ltr'>coercenda,</span> <span class='ocrx_word' id='word_1_123' title='bbox 485 1347 554 1377; x_wconf 80' lang='lat' dir='ltr'>quae</span> <span class='ocrx_word' id='word_1_124' title='bbox 566 1339 705 1369; x_wconf 82' lang='lat' dir='ltr'>sananda</span> <span class='ocrx_word' id='word_1_125' title='bbox 720 1338 838 1369; x_wconf 77' lang='lat' dir='ltr'>herbis.-</span> <span class='ocrx_word' id='word_1_126' title='bbox 853 1341 884 1369; x_wconf 84' lang='lat' dir='ltr'>et</span> <span class='ocrx_word' id='word_1_127' title='bbox 900 1338 1062 1378; x_wconf 78' lang='lat' dir='ltr'>insculpsit</span> <span class='ocrx_word' id='word_1_128' title='bbox 1078 1339 1178 1369; x_wconf 84' lang='lat' dir='ltr'>animo</span> <span class='ocrx_word' id='word_1_129' title='bbox 1192 1340 1373 1371; x_wconf 81' lang='lat' dir='ltr'>documenta</span> <span class='ocrx_word' id='word_1_130' title='bbox 1387 1343 1504 1371; x_wconf 74' lang='lat' dir='ltr'>sanotae</span> <span class='ocrx_word' id='word_1_131' title='bbox 1517 1339 1676 1376; x_wconf 65' lang='lat' dir='ltr'>Justflz‘ae,</span> <span class='ocrx_word' id='word_1_132' title='bbox 1692 1349 1753 1380; x_wconf 76' lang='lat' dir='ltr'>qua</span> 
     </span>
     <span class='ocr_line' id='line_1_21' title="bbox 289 1378 1755 1422; baseline 0.005 -15"><span class='ocrx_word' id='word_1_133' title='bbox 289 1378 400 1410; x_wconf 74' lang='lat' dir='ltr'>solitus</span> <span class='ocrx_word' id='word_1_134' title='bbox 414 1383 493 1422; x_wconf 68' lang='lat' dir='ltr'>erat⁴</span> <span class='ocrx_word' id='word_1_135' title='bbox 502 1380 604 1413; x_wconf 82' lang='lat' dir='ltr'>dicere</span> <span class='ocrx_word' id='word_1_136' title='bbox 616 1380 673 1420; x_wconf 70' lang='lat' dir='ltr'>jus</span> <span class='ocrx_word' id='word_1_137' title='bbox 684 1380 805 1422; x_wconf 76' lang='lat' dir='ltr'>populis</span> <span class='ocrx_word' id='word_1_138' title='bbox 819 1380 966 1421; x_wconf 76' lang='lat' dir='ltr'>Peliacis,</span> <span class='ocrx_word' id='word_1_139' title='bbox 985 1385 1015 1412; x_wconf 78' lang='lat' dir='ltr'>et</span> <span class='ocrx_word' id='word_1_140' title='bbox 1029 1381 1255 1420; x_wconf 67' lang='lat' dir='ltr'>mansuefacere</span> <span class='ocrx_word' id='word_1_141' title='bbox 1270 1392 1341 1414; x_wconf 82' lang='lat' dir='ltr'>suos</span> <span class='ocrx_word' id='word_1_142' title='bbox 1359 1383 1543 1416; x_wconf 81' lang='lat' dir='ltr'>Centauros.</span> <span class='ocrx_word' id='word_1_143' title='bbox 1591 1381 1755 1415; x_wconf 70' lang='lat' dir='ltr'>Hactenus</span> 
     </span>
    </p>
   </div>
   <div class='ocr_carea' id='block_1_13' title="bbox 905 1491 1023 1504">
    <p class='ocr_par' dir='ltr' id='par_1_13' title="bbox 905 1491 1023 1504">
     <span class='ocr_line' id='line_1_22' title="bbox 905 1491 1023 1504; baseline 0 0"><span class='ocrx_word' id='word_1_144' title='bbox 905 1491 1023 1504; x_wconf 61' lang='lat'>‘‘‘‘‘‘</span> 
     </span>
    </p>
   </div>
   <div class='ocr_carea' id='block_1_14' title="bbox 1025 1492 1179 1505">
    <p class='ocr_par' dir='ltr' id='par_1_14' title="bbox 1025 1492 1179 1505">
     <span class='ocr_line' id='line_1_23' title="bbox 1025 1492 1179 1505; baseline 0 0"><span class='ocrx_word' id='word_1_145' title='bbox 1025 1492 1179 1505; x_wconf 61' lang='lat' dir='ltr'>eeeeee</span> 
     </span>
    </p>
   </div>
   <div class='ocr_carea' id='block_1_15' title="bbox 291 1576 1755 1663">
    <p class='ocr_par' dir='ltr' id='par_1_15' title="bbox 291 1576 1755 1663">
     <span class='ocr_line' id='line_1_24' title="bbox 291 1576 1755 1622; baseline 0.003 -15"><span class='ocrx_word' id='word_1_146' title='bbox 291 1576 423 1608; x_wconf 87' lang='lat' dir='ltr'>Buslid.</span> <span class='ocrx_word' id='word_1_147' title='bbox 438 1577 591 1618; x_wconf 82' lang='lat' dir='ltr'>Lipsian.</span> <span class='ocrx_word' id='word_1_148' title='bbox 607 1583 644 1610; x_wconf 87' lang='lat' dir='ltr'>et</span> <span class='ocrx_word' id='word_1_149' title='bbox 657 1578 737 1611; x_wconf 88' lang='lat' dir='ltr'>edd.</span> <span class='ocrx_word' id='word_1_150' title='bbox 754 1582 837 1611; x_wconf 91' lang='lat' dir='ltr'>vett.</span> <span class='ocrx_word' id='word_1_151' title='bbox 858 1580 976 1611; x_wconf 82' lang='lat' dir='ltr'>nudare</span> <span class='ocrx_word' id='word_1_152' title='bbox 992 1580 1209 1612; x_wconf 66' lang='lat' dir='ltr'>Palem-451</span> <span class='ocrx_word' id='word_1_153' title='bbox 1236 1581 1321 1614; x_wconf 82' lang='lat' dir='ltr'>Exe.</span> <span class='ocrx_word' id='word_1_154' title='bbox 1348 1581 1454 1622; x_wconf 78' lang='lat' dir='ltr'>Burg.</span> <span class='ocrx_word' id='word_1_155' title='bbox 1470 1581 1630 1614; x_wconf 77' lang='lat' dir='ltr'>Petrens.</span> <span class='ocrx_word' id='word_1_156' title='bbox 1646 1581 1755 1620; x_wconf 67' lang='lat' dir='ltr'>Lang.</span> 
     </span>
     <span class='ocr_line' id='line_1_25' title="bbox 292 1619 1753 1663; baseline 0.003 -12"><span class='ocrx_word' id='word_1_157' title='bbox 292 1619 393 1652; x_wconf 83' lang='lat' dir='ltr'>Laur.</span> <span class='ocrx_word' id='word_1_158' title='bbox 413 1621 545 1653; x_wconf 87' lang='lat' dir='ltr'>Buslid.</span> <span class='ocrx_word' id='word_1_159' title='bbox 572 1622 724 1663; x_wconf 83' lang='lat' dir='ltr'>Lipsian.</span> <span class='ocrx_word' id='word_1_160' title='bbox 747 1622 833 1654; x_wconf 86' lang='lat' dir='ltr'>Dan.</span> <span class='ocrx_word' id='word_1_161' title='bbox 850 1622 932 1655; x_wconf 86' lang='lat' dir='ltr'>Put.</span> <span class='ocrx_word' id='word_1_162' title='bbox 957 1622 1079 1654; x_wconf 86' lang='lat' dir='ltr'>Petav.</span> <span class='ocrx_word' id='word_1_163' title='bbox 1102 1627 1139 1654; x_wconf 90' lang='lat' dir='ltr'>et</span> <span class='ocrx_word' id='word_1_164' title='bbox 1154 1623 1295 1657; x_wconf 72' lang='lat' dir='ltr'>Venett.</span> <span class='ocrx_word' id='word_1_165' title='bbox 1319 1624 1488 1663; x_wconf 53' lang='lat' dir='ltr'>biformem</span> <span class='ocrx_word' id='word_1_166' title='bbox 1511 1623 1617 1656; x_wconf 79' lang='lat' dir='ltr'>Aldd.</span> <span class='ocrx_word' id='word_1_167' title='bbox 1642 1623 1753 1656; x_wconf 86' lang='lat' dir='ltr'>Colin.</span> 
     </span>
    </p>
   </div>
   <div class='ocr_carea' id='block_1_16' title="bbox 947 1727 1088 1760">
    <p class='ocr_par' dir='ltr' id='par_1_16' title="bbox 947 1727 1088 1760">
     <span class='ocr_line' id='line_1_26' title="bbox 947 1727 1088 1760; baseline 0 0"><span class='ocrx_word' id='word_1_168' title='bbox 947 1727 1088 1760; x_wconf 82' lang='lat' dir='ltr'><strong>NOTAE</strong></span> 
     </span>
    </p>
   </div>
   <div class='ocr_carea' id='block_1_17' title="bbox 287 1797 998 2793">
    <p class='ocr_par' dir='ltr' id='par_1_17' title="bbox 287 1797 998 2590">
     <span class='ocr_line' id='line_1_27' title="bbox 290 1797 997 1842; baseline 0.006 -13"><span class='ocrx_word' id='word_1_169' title='bbox 290 1798 374 1840; x_wconf 87' lang='lat' dir='ltr'>ripit</span> <span class='ocrx_word' id='word_1_170' title='bbox 395 1798 428 1829; x_wconf 90' lang='lat' dir='ltr'>in</span> <span class='ocrx_word' id='word_1_171' title='bbox 452 1797 578 1830; x_wconf 87' lang='lat' dir='ltr'>nodum</span> <span class='ocrx_word' id='word_1_172' title='bbox 607 1800 820 1841; x_wconf 86' lang='lat' dir='ltr'>complexus,</span> <span class='ocrx_word' id='word_1_173' title='bbox 842 1805 879 1833; x_wconf 87' lang='lat' dir='ltr'>et</span> <span class='ocrx_word' id='word_1_174' title='bbox 900 1801 997 1842; x_wconf 80' lang='lat' dir='ltr'>angit</span> 
     </span>
     <span class='ocr_line' id='line_1_28' title="bbox 289 1849 997 1889; baseline 0.006 -10"><span class='ocrx_word' id='word_1_175' title='bbox 289 1849 460 1880; x_wconf 87' lang='lat' dir='ltr'>inhaerens</span> <span class='ocrx_word' id='word_1_176' title='bbox 473 1849 585 1881; x_wconf 82' lang='lat' dir='ltr'>Elisos</span> <span class='ocrx_word' id='word_1_177' title='bbox 599 1850 730 1889; x_wconf 86' lang='lat' dir='ltr'>oculos,</span> <span class='ocrx_word' id='word_1_178' title='bbox 741 1855 775 1882; x_wconf 84' lang='lat' dir='ltr'>et</span> <span class='ocrx_word' id='word_1_179' title='bbox 785 1851 997 1883; x_wconf 83' lang='lat' dir='ltr'>siccumsan-</span> 
     </span>
     <span class='ocr_line' id='line_1_29' title="bbox 292 1898 996 1939; baseline 0.006 -10"><span class='ocrx_word' id='word_1_180' title='bbox 292 1899 392 1938; x_wconf 81' lang='lat' dir='ltr'>guine</span> <span class='ocrx_word' id='word_1_181' title='bbox 403 1898 544 1939; x_wconf 87' lang='lat' dir='ltr'>guttur.’</span> <span class='ocrx_word' id='word_1_182' title='bbox 568 1900 726 1931; x_wconf 81' lang='lat' dir='ltr'>Lucanus</span> <span class='ocrx_word' id='word_1_183' title='bbox 742 1901 801 1932; x_wconf 89' lang='lat' dir='ltr'>lib.</span> <span class='ocrx_word' id='word_1_184' title='bbox 817 1910 867 1933; x_wconf 92' lang='lat' dir='ltr'>1v.</span> <span class='ocrx_word' id='word_1_185' title='bbox 884 1902 893 1919; x_wconf 87' lang='lat'>‘</span> <span class='ocrx_word' id='word_1_186' title='bbox 907 1901 996 1933; x_wconf 89' lang='lat' dir='ltr'>Her-</span> 
     </span>
     <span class='ocr_line' id='line_1_30' title="bbox 289 1949 998 1992; baseline 0.006 -12"><span class='ocrx_word' id='word_1_187' title='bbox 289 1949 472 1990; x_wconf 88' lang='lat' dir='ltr'>culeosque</span> <span class='ocrx_word' id='word_1_188' title='bbox 481 1958 569 1980; x_wconf 92' lang='lat' dir='ltr'>novo</span> <span class='ocrx_word' id='word_1_189' title='bbox 578 1949 708 1981; x_wconf 87' lang='lat' dir='ltr'>laxavit</span> <span class='ocrx_word' id='word_1_190' title='bbox 715 1960 861 1992; x_wconf 84' lang='lat' dir='ltr'>corpore</span> <span class='ocrx_word' id='word_1_191' title='bbox 870 1951 998 1984; x_wconf 63' lang='lat' dir='ltr'>nodos?</span> 
     </span>
     <span class='ocr_line' id='line_1_31' title="bbox 291 1997 997 2042; baseline 0.007 -14"><span class='ocrx_word' id='word_1_192' title='bbox 291 1997 423 2029; x_wconf 79' lang='lat' dir='ltr'>Eadem</span> <span class='ocrx_word' id='word_1_193' title='bbox 440 2007 483 2029; x_wconf 89' lang='lat' dir='ltr'>ex</span> <span class='ocrx_word' id='word_1_194' title='bbox 511 2008 547 2030; x_wconf 84' lang='lat' dir='ltr'>re</span> <span class='ocrx_word' id='word_1_195' title='bbox 577 1999 586 2016; x_wconf 93' lang='lat'>‘</span> <span class='ocrx_word' id='word_1_196' title='bbox 600 2004 778 2031; x_wconf 79' lang='lat' dir='ltr'>catenatas</span> <span class='ocrx_word' id='word_1_197' title='bbox 800 2001 997 2042; x_wconf 80' lang='lat' dir='ltr'>palaestras’</span> 
     </span>
     <span class='ocr_line' id='line_1_32' title="bbox 292 2047 995 2090; baseline 0.009 -12"><span class='ocrx_word' id='word_1_198' title='bbox 292 2047 381 2079; x_wconf 85' lang='lat' dir='ltr'>dixit</span> <span class='ocrx_word' id='word_1_199' title='bbox 395 2047 564 2090; x_wconf 88' lang='lat' dir='ltr'>Epicedio</span> <span class='ocrx_word' id='word_1_200' title='bbox 582 2048 616 2079; x_wconf 91' lang='lat' dir='ltr'>in</span> <span class='ocrx_word' id='word_1_201' title='bbox 639 2048 843 2082; x_wconf 79' lang='lat' dir='ltr'>Glauciam:</span> <span class='ocrx_word' id='word_1_202' title='bbox 869 2051 879 2069; x_wconf 88' lang='lat'>‘</span> <span class='ocrx_word' id='word_1_203' title='bbox 893 2051 995 2083; x_wconf 81' lang='lat' dir='ltr'>Cate-</span> 
     </span>
     <span class='ocr_line' id='line_1_33' title="bbox 289 2096 996 2142; baseline 0.01 -15"><span class='ocrx_word' id='word_1_204' title='bbox 289 2096 381 2128; x_wconf 84' lang='lat' dir='ltr'>natis</span> <span class='ocrx_word' id='word_1_205' title='bbox 415 2102 577 2130; x_wconf 84' lang='lat' dir='ltr'>curvatus</span> <span class='ocrx_word' id='word_1_206' title='bbox 613 2099 768 2131; x_wconf 86' lang='lat' dir='ltr'>membra</span> <span class='ocrx_word' id='word_1_207' title='bbox 804 2101 996 2142; x_wconf 67' lang='lat' dir='ltr'>palaestris-⁹</span> 
     </span>
     <span class='ocr_line' id='line_1_34' title="bbox 290 2147 995 2193; baseline 0.007 -14"><span class='ocrx_word' id='word_1_208' title='bbox 290 2147 380 2179; x_wconf 89' lang='lat' dir='ltr'>Vide</span> <span class='ocrx_word' id='word_1_209' title='bbox 406 2148 513 2189; x_wconf 85' lang='lat' dir='ltr'>Theb.</span> <span class='ocrx_word' id='word_1_210' title='bbox 537 2157 590 2181; x_wconf 76' lang='lat' dir='ltr'>vl.</span> <span class='ocrx_word' id='word_1_211' title='bbox 635 2150 715 2180; x_wconf 87' lang='lat' dir='ltr'>Pale</span> <span class='ocrx_word' id='word_1_212' title='bbox 742 2160 824 2182; x_wconf 88' lang='lat' dir='ltr'>vero</span> <span class='ocrx_word' id='word_1_213' title='bbox 849 2161 911 2193; x_wconf 85' lang='lat' dir='ltr'>pro</span> <span class='ocrx_word' id='word_1_214' title='bbox 937 2162 995 2193; x_wconf 83' lang='lat' dir='ltr'>pa·</span> 
     </span>
     <span class='ocr_line' id='line_1_35' title="bbox 289 2197 996 2242; baseline 0.007 -14"><span class='ocrx_word' id='word_1_215' title='bbox 289 2197 407 2229; x_wconf 82' lang='lat' dir='ltr'>laestra</span> <span class='ocrx_word' id='word_1_216' title='bbox 442 2198 597 2231; x_wconf 81' lang='lat' dir='ltr'>sumitur.</span> <span class='ocrx_word' id='word_1_217' title='bbox 649 2199 817 2240; x_wconf 78' lang='lat' dir='ltr'>Liquidum</span> <span class='ocrx_word' id='word_1_218' title='bbox 854 2205 996 2242; x_wconf 85' lang='lat' dir='ltr'>propter</span> 
     </span>
     <span class='ocr_line' id='line_1_36' title="bbox 290 2249 995 2293; baseline 0.009 -13"><span class='ocrx_word' id='word_1_219' title='bbox 290 2249 512 2282; x_wconf 82' lang='lat' dir='ltr'>unctionem:</span> <span class='ocrx_word' id='word_1_220' title='bbox 550 2260 627 2282; x_wconf 87' lang='lat' dir='ltr'>nam</span> <span class='ocrx_word' id='word_1_221' title='bbox 666 2252 742 2284; x_wconf 90' lang='lat' dir='ltr'>oleo</span> <span class='ocrx_word' id='word_1_222' title='bbox 779 2253 995 2293; x_wconf 84' lang='lat' dir='ltr'>ungebantur</span> 
     </span>
     <span class='ocr_line' id='line_1_37' title="bbox 289 2298 994 2344; baseline 0.007 -14"><span class='ocrx_word' id='word_1_223' title='bbox 289 2298 492 2331; x_wconf 80' lang='lat' dir='ltr'>luctatores.</span> <span class='ocrx_word' id='word_1_224' title='bbox 537 2301 584 2331; x_wconf 90' lang='lat' dir='ltr'>Et</span> <span class='ocrx_word' id='word_1_225' title='bbox 594 2310 741 2341; x_wconf 84' lang='lat' dir='ltr'>spargere</span> <span class='ocrx_word' id='word_1_226' title='bbox 755 2303 881 2344; x_wconf 81' lang='lat' dir='ltr'>ccestus]</span> <span class='ocrx_word' id='word_1_227' title='bbox 897 2304 994 2335; x_wconf 91' lang='lat' dir='ltr'>Bene</span> 
     </span>
     <span class='ocr_line' id='line_1_38' title="bbox 288 2349 994 2394; baseline 0.006 -13"><span class='ocrx_word' id='word_1_228' title='bbox 288 2358 447 2389; x_wconf 76' lang='lat' dir='ltr'>spargere.</span> <span class='ocrx_word' id='word_1_229' title='bbox 493 2349 626 2381; x_wconf 83' lang='lat' dir='ltr'>Caestus</span> <span class='ocrx_word' id='word_1_230' title='bbox 640 2351 722 2393; x_wconf 75' lang='lat' dir='ltr'>hine</span> <span class='ocrx_word' id='word_1_231' title='bbox 736 2351 814 2382; x_wconf 87' lang='lat' dir='ltr'>inde</span> <span class='ocrx_word' id='word_1_232' title='bbox 829 2352 994 2394; x_wconf 85' lang='lat' dir='ltr'>impinge-</span> 
     </span>
     <span class='ocr_line' id='line_1_39' title="bbox 290 2399 993 2443; baseline 0.007 -13"><span class='ocrx_word' id='word_1_233' title='bbox 290 2399 429 2431; x_wconf 83' lang='lat' dir='ltr'>bantur.</span> <span class='ocrx_word' id='word_1_234' title='bbox 473 2400 604 2432; x_wconf 85' lang='lat' dir='ltr'>Statius</span> <span class='ocrx_word' id='word_1_235' title='bbox 621 2401 744 2443; x_wconf 84' lang='lat' dir='ltr'>cuique</span> <span class='ocrx_word' id='word_1_236' title='bbox 760 2403 877 2443; x_wconf 87' lang='lat' dir='ltr'>generi</span> <span class='ocrx_word' id='word_1_237' title='bbox 897 2413 993 2435; x_wconf 88' lang='lat' dir='ltr'>suum</span> 
     </span>
     <span class='ocr_line' id='line_1_40' title="bbox 288 2448 994 2491; baseline 0.007 -12"><span class='ocrx_word' id='word_1_238' title='bbox 288 2448 443 2488; x_wconf 84' lang='lat' dir='ltr'>verbum,</span> <span class='ocrx_word' id='word_1_239' title='bbox 457 2459 645 2491; x_wconf 88' lang='lat' dir='ltr'>munusque</span> <span class='ocrx_word' id='word_1_240' title='bbox 656 2450 813 2491; x_wconf 84' lang='lat' dir='ltr'>daturus,</span> <span class='ocrx_word' id='word_1_241' title='bbox 827 2451 912 2484; x_wconf 88' lang='lat' dir='ltr'>dicit</span> <span class='ocrx_word' id='word_1_242' title='bbox 927 2452 994 2484; x_wconf 82' lang='lat' dir='ltr'>dis-</span> 
     </span>
     <span class='ocr_line' id='line_1_41' title="bbox 287 2499 994 2540; baseline 0.008 -11"><span class='ocrx_word' id='word_1_243' title='bbox 287 2507 366 2529; x_wconf 85' lang='lat' dir='ltr'>cum</span> <span class='ocrx_word' id='word_1_244' title='bbox 393 2501 484 2531; x_wconf 82' lang='lat' dir='ltr'>condi</span> <span class='ocrx_word' id='word_1_245' title='bbox 510 2499 545 2531; x_wconf 86' lang='lat' dir='ltr'>in</span> <span class='ocrx_word' id='word_1_246' title='bbox 571 2501 702 2539; x_wconf 75' lang='lat' dir='ltr'>nubila5</span> <span class='ocrx_word' id='word_1_247' title='bbox 735 2501 834 2534; x_wconf 85' lang='lat' dir='ltr'>Palen</span> <span class='ocrx_word' id='word_1_248' title='bbox 862 2503 972 2535; x_wconf 81' lang='lat' dir='ltr'>nodari</span> <span class='ocrx_word' id='word_1_249' title='bbox 980 2513 994 2540; x_wconf 77' lang='lat'>,-</span> 
     </span>
     <span class='ocr_line' id='line_1_42' title="bbox 288 2550 533 2590; baseline 0.012 -12"><span class='ocrx_word' id='word_1_250' title='bbox 288 2552 402 2579; x_wconf 62' lang='lat' dir='ltr'>caestus</span> <span class='ocrx_word' id='word_1_251' title='bbox 414 2550 533 2590; x_wconf 86' lang='lat' dir='ltr'>spargi.</span> 
     </span>
    </p>

    <p class='ocr_par' dir='ltr' id='par_1_18' title="bbox 289 2599 995 2682">
     <span class='ocr_line' id='line_1_43' title="bbox 333 2599 995 2643; baseline 0.008 -14"><span class='ocrx_word' id='word_1_252' title='bbox 333 2599 397 2629; x_wconf 81' lang='grc'>443</span> <span class='ocrx_word' id='word_1_253' title='bbox 413 2599 591 2640; x_wconf 82' lang='lat' dir='ltr'>Apollineo]</span> <span class='ocrx_word' id='word_1_254' title='bbox 608 2600 709 2634; x_wconf 79' lang='lat' dir='ltr'>Quod</span> <span class='ocrx_word' id='word_1_255' title='bbox 722 2601 850 2643; x_wconf 87' lang='lat' dir='ltr'>Apollo</span> <span class='ocrx_word' id='word_1_256' title='bbox 867 2601 995 2643; x_wconf 86' lang='lat' dir='ltr'>primns</span> 
     </span>
     <span class='ocr_line' id='line_1_44' title="bbox 289 2646 715 2682; baseline 0.009 -4"><span class='ocrx_word' id='word_1_257' title='bbox 289 2646 373 2678; x_wconf 86' lang='lat' dir='ltr'>illud</span> <span class='ocrx_word' id='word_1_258' title='bbox 390 2647 514 2680; x_wconf 87' lang='lat' dir='ltr'>dicitur</span> <span class='ocrx_word' id='word_1_259' title='bbox 530 2650 715 2682; x_wconf 88' lang='lat' dir='ltr'>invenisse.</span> 
     </span>
    </p>

    <p class='ocr_par' dir='ltr' id='par_1_19' title="bbox 291 2699 994 2793">
     <span class='ocr_line' id='line_1_45' title="bbox 333 2699 994 2744; baseline 0.006 -14"><span class='ocrx_word' id='word_1_260' title='bbox 333 2700 398 2730; x_wconf 78' lang='lat'>448</span> <span class='ocrx_word' id='word_1_261' title='bbox 423 2699 601 2739; x_wconf 79' lang='lat' dir='ltr'>Quaeferro</span> <span class='ocrx_word' id='word_1_262' title='bbox 626 2700 794 2733; x_wconf 80' lang='lat' dir='ltr'>cohibenda</span> <span class='ocrx_word' id='word_1_263' title='bbox 817 2702 898 2744; x_wconf 81' lang='lat' dir='ltr'>lues]</span> <span class='ocrx_word' id='word_1_264' title='bbox 937 2701 994 2734; x_wconf 89' lang='lat' dir='ltr'>An</span> 
     </span>
     <span class='ocr_line' id='line_1_46' title="bbox 291 2749 994 2793; baseline 0.009 -13"><span class='ocrx_word' id='word_1_265' title='bbox 291 2749 427 2792; x_wconf 79' lang='lat' dir='ltr'>quando</span> <span class='ocrx_word' id='word_1_266' title='bbox 453 2760 532 2792; x_wconf 84' lang='lat' dir='ltr'>pars</span> <span class='ocrx_word' id='word_1_267' title='bbox 559 2752 674 2793; x_wconf 83' lang='lat' dir='ltr'>aliqua</span> <span class='ocrx_word' id='word_1_268' title='bbox 697 2753 887 2785; x_wconf 83' lang='lat' dir='ltr'>resecanda</span> <span class='ocrx_word' id='word_1_269' title='bbox 904 2758 994 2786; x_wconf 82' lang='lat' dir='ltr'>esset</span> 
     </span>
    </p>
   </div>
   <div class='ocr_carea' id='block_1_18' title="bbox 1049 1800 1756 2343">
    <p class='ocr_par' dir='ltr' id='par_1_20' title="bbox 1049 1800 1756 2343">
     <span class='ocr_line' id='line_1_47' title="bbox 1050 1800 1755 1844; baseline 0 -10"><span class='ocrx_word' id='word_1_270' title='bbox 1050 1801 1154 1842; x_wconf 86' lang='lat' dir='ltr'>ferro,</span> <span class='ocrx_word' id='word_1_271' title='bbox 1177 1806 1186 1821; x_wconf 82' lang='lat'>‘</span> <span class='ocrx_word' id='word_1_272' title='bbox 1200 1811 1243 1834; x_wconf 90' lang='lat' dir='ltr'>ne</span> <span class='ocrx_word' id='word_1_273' title='bbox 1266 1811 1345 1844; x_wconf 85' lang='lat' dir='ltr'>pars</span> <span class='ocrx_word' id='word_1_274' title='bbox 1372 1801 1508 1835; x_wconf 82' lang='lat' dir='ltr'>sincera</span> <span class='ocrx_word' id='word_1_275' title='bbox 1523 1800 1701 1839; x_wconf 55' lang='lat' dir='ltr'>trabatur)</span> <span class='ocrx_word' id='word_1_276' title='bbox 1715 1805 1755 1834; x_wconf 86' lang='lat' dir='ltr'>ut</span> 
     </span>
     <span class='ocr_line' id='line_1_48' title="bbox 1051 1851 1756 1893; baseline -0.001 -9"><span class='ocrx_word' id='word_1_277' title='bbox 1051 1852 1197 1884; x_wconf 87' lang='lat' dir='ltr'>Ovidius</span> <span class='ocrx_word' id='word_1_278' title='bbox 1214 1852 1274 1884; x_wconf 84' lang='lat' dir='ltr'>ait.</span> <span class='ocrx_word' id='word_1_279' title='bbox 1318 1852 1372 1884; x_wconf 89' lang='lat' dir='ltr'>An</span> <span class='ocrx_word' id='word_1_280' title='bbox 1397 1862 1471 1893; x_wconf 84' lang='lat' dir='ltr'>qnae</span> <span class='ocrx_word' id='word_1_281' title='bbox 1496 1852 1639 1884; x_wconf 80' lang='lat' dir='ltr'>vulnera</span> <span class='ocrx_word' id='word_1_282' title='bbox 1661 1851 1756 1883; x_wconf 80' lang='lat' dir='ltr'>ferro</span> 
     </span>
     <span class='ocr_line' id='line_1_49' title="bbox 1051 1901 1752 1943; baseline 0 -10"><span class='ocrx_word' id='word_1_283' title='bbox 1051 1907 1227 1943; x_wconf 83' lang='lat' dir='ltr'>sanentur,</span> <span class='ocrx_word' id='word_1_284' title='bbox 1239 1906 1277 1934; x_wconf 88' lang='lat' dir='ltr'>ut</span> <span class='ocrx_word' id='word_1_285' title='bbox 1289 1902 1332 1934; x_wconf 90' lang='lat' dir='ltr'>de</span> <span class='ocrx_word' id='word_1_286' title='bbox 1349 1902 1505 1943; x_wconf 83' lang='lat' dir='ltr'>rubigine</span> <span class='ocrx_word' id='word_1_287' title='bbox 1521 1901 1752 1942; x_wconf 73' lang='lat' dir='ltr'>intelligamus</span> 
     </span>
     <span class='ocr_line' id='line_1_50' title="bbox 1049 1950 1754 1994; baseline 0 -12"><span class='ocrx_word' id='word_1_288' title='bbox 1049 1950 1131 1984; x_wconf 84' lang='lat' dir='ltr'>ferri</span> <span class='ocrx_word' id='word_1_289' title='bbox 1156 1952 1338 1985; x_wconf 79' lang='lat' dir='ltr'>utilissima</span> <span class='ocrx_word' id='word_1_290' title='bbox 1361 1951 1569 1994; x_wconf 79' lang='lat' dir='ltr'>emplastris,</span> <span class='ocrx_word' id='word_1_291' title='bbox 1589 1960 1690 1993; x_wconf 79' lang='lat' dir='ltr'>qnam</span> <span class='ocrx_word' id='word_1_292' title='bbox 1705 1950 1754 1983; x_wconf 94' lang='grc' dir='ltr'>Α-</span> 
     </span>
     <span class='ocr_line' id='line_1_51' title="bbox 1051 2001 1756 2035; baseline 0.001 -2"><span class='ocrx_word' id='word_1_293' title='bbox 1051 2001 1170 2034; x_wconf 84' lang='lat' dir='ltr'>chilles</span> <span class='ocrx_word' id='word_1_294' title='bbox 1186 2002 1356 2034; x_wconf 84' lang='lat' dir='ltr'>invenisse</span> <span class='ocrx_word' id='word_1_295' title='bbox 1372 2002 1510 2035; x_wconf 86' lang='lat' dir='ltr'>dicitnr.</span> <span class='ocrx_word' id='word_1_296' title='bbox 1544 2002 1601 2034; x_wconf 83' lang='lat' dir='ltr'>Sic</span> <span class='ocrx_word' id='word_1_297' title='bbox 1616 2003 1626 2020; x_wconf 93' lang='lat'>‘</span> <span class='ocrx_word' id='word_1_298' title='bbox 1639 2001 1733 2035; x_wconf 84' lang='lat' dir='ltr'>ferro</span> <span class='ocrx_word' id='word_1_299' title='bbox 1745 2001 1756 2017; x_wconf 88' lang='lat'>’</span> 
     </span>
     <span class='ocr_line' id='line_1_52' title="bbox 1052 2051 1754 2094; baseline 0.001 -11"><span class='ocrx_word' id='word_1_300' title='bbox 1052 2061 1115 2092; x_wconf 88' lang='lat' dir='ltr'>pro</span> <span class='ocrx_word' id='word_1_301' title='bbox 1134 2052 1288 2094; x_wconf 83' lang='lat' dir='ltr'>rubigine</span> <span class='ocrx_word' id='word_1_302' title='bbox 1307 2051 1391 2085; x_wconf 89' lang='lat' dir='ltr'>ferri</span> <span class='ocrx_word' id='word_1_303' title='bbox 1416 2053 1452 2084; x_wconf 91' lang='lat' dir='ltr'>in</span> <span class='ocrx_word' id='word_1_304' title='bbox 1477 2052 1598 2084; x_wconf 82' lang='lat' dir='ltr'>vulnus</span> <span class='ocrx_word' id='word_1_305' title='bbox 1626 2051 1754 2094; x_wconf 82' lang='lat' dir='ltr'>infusa,</span> 
     </span>
     <span class='ocr_line' id='line_1_53' title="bbox 1051 2102 1755 2144; baseline 0.003 -12"><span class='ocrx_word' id='word_1_306' title='bbox 1051 2110 1095 2132; x_wconf 91' lang='lat' dir='ltr'>ne</span> <span class='ocrx_word' id='word_1_307' title='bbox 1113 2102 1256 2134; x_wconf 79' lang='lat' dir='ltr'>ulterius</span> <span class='ocrx_word' id='word_1_308' title='bbox 1272 2107 1390 2144; x_wconf 84' lang='lat' dir='ltr'>serpat</span> <span class='ocrx_word' id='word_1_309' title='bbox 1410 2103 1517 2135; x_wconf 85' lang='lat' dir='ltr'>ulcus.</span> <span class='ocrx_word' id='word_1_310' title='bbox 1564 2102 1645 2139; x_wconf 75' lang='lat' dir='ltr'>Quae</span> <span class='ocrx_word' id='word_1_311' title='bbox 1668 2104 1755 2135; x_wconf 82' lang='lat' dir='ltr'>cede-</span> 
     </span>
     <span class='ocr_line' id='line_1_54' title="bbox 1050 2151 1755 2193; baseline 0.003 -11"><span class='ocrx_word' id='word_1_312' title='bbox 1050 2154 1098 2182; x_wconf 85' lang='lat' dir='ltr'>ret</span> <span class='ocrx_word' id='word_1_313' title='bbox 1114 2151 1231 2193; x_wconf 76' lang='lat' dir='ltr'>herbis]</span> <span class='ocrx_word' id='word_1_314' title='bbox 1268 2153 1357 2185; x_wconf 85' lang='lat' dir='ltr'>Nam</span> <span class='ocrx_word' id='word_1_315' title='bbox 1389 2153 1455 2185; x_wconf 84' lang='lat' dir='ltr'>alia</span> <span class='ocrx_word' id='word_1_316' title='bbox 1478 2153 1622 2185; x_wconf 82' lang='lat' dir='ltr'>vulnera</span> <span class='ocrx_word' id='word_1_317' title='bbox 1649 2151 1755 2191; x_wconf 81' lang='lat' dir='ltr'>ferro,</span> 
     </span>
     <span class='ocr_line' id='line_1_55' title="bbox 1051 2201 1754 2235; baseline 0.004 -3"><span class='ocrx_word' id='word_1_318' title='bbox 1051 2201 1116 2232; x_wconf 88' lang='lat' dir='ltr'>alia</span> <span class='ocrx_word' id='word_1_319' title='bbox 1131 2201 1246 2234; x_wconf 84' lang='lat' dir='ltr'>herbis</span> <span class='ocrx_word' id='word_1_320' title='bbox 1263 2207 1439 2235; x_wconf 83' lang='lat' dir='ltr'>curantur.</span> <span class='ocrx_word' id='word_1_321' title='bbox 1483 2202 1535 2235; x_wconf 88' lang='lat' dir='ltr'>Ut</span> <span class='ocrx_word' id='word_1_322' title='bbox 1551 2203 1597 2234; x_wconf 86' lang='lat' dir='ltr'>de</span> <span class='ocrx_word' id='word_1_323' title='bbox 1610 2202 1754 2235; x_wconf 84' lang='lat' dir='ltr'>Idmone</span> 
     </span>
     <span class='ocr_line' id='line_1_56' title="bbox 1050 2250 1753 2294; baseline 0.004 -13"><span class='ocrx_word' id='word_1_324' title='bbox 1050 2250 1237 2292; x_wconf 81' lang='lat' dir='ltr'>Epidaurio</span> <span class='ocrx_word' id='word_1_325' title='bbox 1261 2252 1405 2294; x_wconf 87' lang='lat' dir='ltr'>loquens</span> <span class='ocrx_word' id='word_1_326' title='bbox 1427 2252 1540 2284; x_wconf 63' lang='lat' dir='ltr'>Poeta</span> <span class='ocrx_word' id='word_1_327' title='bbox 1563 2251 1672 2284; x_wconf 84' lang='lat' dir='ltr'>Theb.</span> <span class='ocrx_word' id='word_1_328' title='bbox 1694 2260 1753 2284; x_wconf 82' lang='grc' dir='ltr'><strong>ιιι.</strong></span> 
     </span>
     <span class='ocr_line' id='line_1_57' title="bbox 1050 2300 1755 2343; baseline 0.003 -12"><span class='ocrx_word' id='word_1_329' title='bbox 1050 2300 1118 2332; x_wconf 88' lang='lat' dir='ltr'>ait:</span> <span class='ocrx_word' id='word_1_330' title='bbox 1144 2301 1154 2318; x_wconf 93' lang='lat'>‘</span> <span class='ocrx_word' id='word_1_331' title='bbox 1166 2301 1268 2332; x_wconf 85' lang='lat' dir='ltr'>Nune</span> <span class='ocrx_word' id='word_1_332' title='bbox 1285 2301 1382 2333; x_wconf 86' lang='lat' dir='ltr'>velox</span> <span class='ocrx_word' id='word_1_333' title='bbox 1398 2300 1504 2341; x_wconf 81' lang='lat' dir='ltr'>ferro,</span> <span class='ocrx_word' id='word_1_334' title='bbox 1516 2311 1606 2333; x_wconf 88' lang='lat' dir='ltr'>nunc</span> <span class='ocrx_word' id='word_1_335' title='bbox 1621 2301 1680 2333; x_wconf 82' lang='lat' dir='ltr'>ille</span> <span class='ocrx_word' id='word_1_336' title='bbox 1695 2310 1755 2343; x_wconf 84' lang='lat' dir='ltr'>po-</span> 
     </span>
    </p>
   </div>
   <div class='ocr_carea' id='block_1_19' title="bbox 1041 2350 1495 2382">
    <p class='ocr_par' dir='ltr' id='par_1_21' title="bbox 1041 2350 1495 2382">
     <span class='ocr_line' id='line_1_58' title="bbox 1041 2350 1495 2382; baseline 0.002 -1"><span class='ocrx_word' id='word_1_337' title='bbox 1041 2350 1203 2382; x_wconf 69' lang='lat' dir='ltr'>tentibus</span> <span class='ocrx_word' id='word_1_338' title='bbox 1219 2350 1333 2382; x_wconf 84' lang='lat' dir='ltr'>herbis</span> <span class='ocrx_word' id='word_1_339' title='bbox 1348 2350 1495 2382; x_wconf 55' lang='lat' dir='ltr'>Mitior?</span> 
     </span>
    </p>
   </div>
   <div class='ocr_carea' id='block_1_20' title="bbox 1043 2400 1754 2792">
    <p class='ocr_par' dir='ltr' id='par_1_22' title="bbox 1043 2400 1754 2692">
     <span class='ocr_line' id='line_1_59' title="bbox 1089 2400 1753 2442; baseline 0.003 -11"><span class='ocrx_word' id='word_1_340' title='bbox 1089 2402 1154 2431; x_wconf 83' lang='grc'>449</span> <span class='ocrx_word' id='word_1_341' title='bbox 1177 2401 1321 2432; x_wconf 82' lang='lat' dir='ltr'>Monitas</span> <span class='ocrx_word' id='word_1_342' title='bbox 1335 2410 1432 2432; x_wconf 81' lang='lat' dir='ltr'>sacrae</span> <span class='ocrx_word' id='word_1_343' title='bbox 1447 2400 1608 2442; x_wconf 81' lang='lat' dir='ltr'>Justitioe]</span> <span class='ocrx_word' id='word_1_344' title='bbox 1625 2400 1753 2433; x_wconf 86' lang='lat' dir='ltr'>Chiron</span> 
     </span>
     <span class='ocr_line' id='line_1_60' title="bbox 1047 2450 1754 2484; baseline 0.004 -4"><span class='ocrx_word' id='word_1_345' title='bbox 1047 2450 1137 2481; x_wconf 91' lang='lat' dir='ltr'>enim</span> <span class='ocrx_word' id='word_1_346' title='bbox 1177 2454 1318 2482; x_wconf 85' lang='lat' dir='ltr'>auctore</span> <span class='ocrx_word' id='word_1_347' title='bbox 1367 2450 1518 2483; x_wconf 87' lang='lat' dir='ltr'>Homero</span> <span class='ocrx_word' id='word_1_348' title='bbox 1561 2450 1754 2484; x_wconf 77' lang='grc' dir='ltr'>δικαιότατος</span> 
     </span>
     <span class='ocr_line' id='line_1_61' title="bbox 1047 2498 1752 2541; baseline 0.003 -10"><span class='ocrx_word' id='word_1_349' title='bbox 1047 2498 1235 2541; x_wconf 79' lang='grc' dir='ltr'>Κενταύρων,</span> <span class='ocrx_word' id='word_1_350' title='bbox 1241 2499 1449 2538; x_wconf 78' lang='lat' dir='ltr'>justissimus.</span> <span class='ocrx_word' id='word_1_351' title='bbox 1495 2500 1598 2533; x_wconf 85' lang='lat' dir='ltr'>Unde</span> <span class='ocrx_word' id='word_1_352' title='bbox 1612 2505 1648 2533; x_wconf 87' lang='lat' dir='ltr'>et</span> <span class='ocrx_word' id='word_1_353' title='bbox 1664 2501 1752 2533; x_wconf 80' lang='lat' dir='ltr'>Ger-</span> 
     </span>
     <span class='ocr_line' id='line_1_62' title="bbox 1047 2550 1753 2593; baseline 0.001 -11"><span class='ocrx_word' id='word_1_354' title='bbox 1047 2550 1198 2582; x_wconf 82' lang='lat' dir='ltr'>manicus</span> <span class='ocrx_word' id='word_1_355' title='bbox 1213 2561 1222 2582; x_wconf 89' lang='lat'>:</span> <span class='ocrx_word' id='word_1_356' title='bbox 1248 2551 1257 2568; x_wconf 92' lang='lat'>‘</span> <span class='ocrx_word' id='word_1_357' title='bbox 1271 2551 1339 2582; x_wconf 87' lang='lat' dir='ltr'>Hic</span> <span class='ocrx_word' id='word_1_358' title='bbox 1356 2555 1432 2582; x_wconf 88' lang='lat' dir='ltr'>erat</span> <span class='ocrx_word' id='word_1_359' title='bbox 1448 2551 1506 2583; x_wconf 87' lang='lat' dir='ltr'>ille</span> <span class='ocrx_word' id='word_1_360' title='bbox 1523 2551 1598 2593; x_wconf 81' lang='lat' dir='ltr'>pius</span> <span class='ocrx_word' id='word_1_361' title='bbox 1614 2551 1753 2593; x_wconf 82' lang='lat' dir='ltr'>Chiron,</span> 
     </span>
     <span class='ocr_line' id='line_1_63' title="bbox 1043 2600 1752 2644; baseline 0.003 -12"><span class='ocrx_word' id='word_1_362' title='bbox 1043 2600 1254 2642; x_wconf 79' lang='lat' dir='ltr'>justissimus</span> <span class='ocrx_word' id='word_1_363' title='bbox 1275 2601 1367 2633; x_wconf 90' lang='lat' dir='ltr'>inter</span> <span class='ocrx_word' id='word_1_364' title='bbox 1390 2601 1519 2633; x_wconf 86' lang='lat' dir='ltr'>Omnes</span> <span class='ocrx_word' id='word_1_365' title='bbox 1536 2601 1752 2644; x_wconf 75' lang='lat' dir='ltr'>Nubigenae,</span> 
     </span>
     <span class='ocr_line' id='line_1_64' title="bbox 1049 2650 1535 2692; baseline 0 -10"><span class='ocrx_word' id='word_1_366' title='bbox 1049 2655 1085 2682; x_wconf 89' lang='lat' dir='ltr'>et</span> <span class='ocrx_word' id='word_1_367' title='bbox 1100 2651 1214 2692; x_wconf 85' lang='lat' dir='ltr'>magni</span> <span class='ocrx_word' id='word_1_368' title='bbox 1232 2651 1355 2682; x_wconf 88' lang='lat' dir='ltr'>ductor</span> <span class='ocrx_word' id='word_1_369' title='bbox 1367 2650 1535 2686; x_wconf 65' lang='lat' dir='ltr'>Achillis:</span> 
     </span>
    </p>

    <p class='ocr_par' dir='ltr' id='par_1_23' title="bbox 1047 2698 1749 2792">
     <span class='ocr_line' id='line_1_65' title="bbox 1090 2698 1749 2743; baseline 0.002 -12"><span class='ocrx_word' id='word_1_370' title='bbox 1090 2703 1152 2732; x_wconf 84' lang='grc'>451</span> <span class='ocrx_word' id='word_1_371' title='bbox 1176 2700 1387 2742; x_wconf 87' lang='lat' dir='ltr'>Bimembres]</span> <span class='ocrx_word' id='word_1_372' title='bbox 1416 2700 1486 2732; x_wconf 87' lang='lat' dir='ltr'>Alii</span> <span class='ocrx_word' id='word_1_373' title='bbox 1512 2701 1631 2743; x_wconf 77' lang='lat' dir='ltr'>legunt</span> <span class='ocrx_word' id='word_1_374' title='bbox 1653 2698 1749 2740; x_wconf 79' lang='lat' dir='ltr'>bifor-</span> 
     </span>
     <span class='ocr_line' id='line_1_66' title="bbox 1047 2744 1529 2792; baseline 0.002 -9"><span class='ocrx_word' id='word_1_375' title='bbox 1047 2760 1120 2789; x_wconf 84' lang='lat' dir='ltr'>mes,</span> <span class='ocrx_word' id='word_1_376' title='bbox 1138 2750 1172 2783; x_wconf 90' lang='lat' dir='ltr'>id</span> <span class='ocrx_word' id='word_1_377' title='bbox 1190 2755 1254 2792; x_wconf 78' lang='lat' dir='ltr'>est,</span> <span class='ocrx_word' id='word_1_378' title='bbox 1271 2751 1473 2784; x_wconf 79' lang='lat' dir='ltr'>Centauros.</span> <span class='ocrx_word' id='word_1_379' title='bbox 1525 2744 1529 2747; x_wconf 33' lang='lat'>⁵</span> 
     </span>
    </p>
   </div>
  </div>
 </body>
</html>
