1846 3120
246 245 358 287 1332
745 255 783 283 P.
818 252 1007 283 nemu
1043 235 1207 285 s'rA'rrr

247 353 348 399 Iris,
369 355 412 392 et
433 351 637 391 obtusum
659 348 798 389 multo
809 349 943 403 jubar
962 350 1133 391 excitat
1154 349 1298 391 imbri.

245 419 348 473 Ipse
369 429 546 471 quoque
569 420 615 456 et
635 415 862 456 volucrem
884 428 1091 467 gressum,
1113 420 1157 457 et
1177 420 1364 458 ventosa
1383 418 1535 459 citavit

244 485 478 538 Tempora,
500 487 543 523 et
561 482 735 523 obscuri
757 482 983 523 sinuatam
1001 482 1157 537 frigore
1179 484 1287 525 coeli

234 550 457 605 'Implevit
477 549 764 604 chlamydem,
786 549 1008 603 tacitoque
1028 563 1107 604 per
1128 551 1291 593 aethera
1311 565 1439 595 cursu
1678 596 1683 598 ,

247 619 417 668 Fertur,
436 620 479 659 et
498 615 658 658 Aoniis
673 617 803 671 longe
826 617 969 671 gravis
988 618 1184 660 imminet
1205 619 1336 660 arvis.
1612 618 1697 660 140

245 685 375 728 Illius
397 697 504 727 aura
525 685 622 726 solo
642 684 857 735 volucreS,
878 685 1176 740 pecudesque,
1197 686 1396 741 ferasque

245 753 474 807 Explicat,
495 756 539 794 et
557 752 730 806 penitus
750 764 1028 805 quacumque
1049 753 1303 810 supervolat
1323 753 1487 802 orbem,

245 819 475 873 Languida
494 819 548 860 de
571 818 768 871 scopulis
790 817 940 858 sidunt
960 817 1086 868 freta,
1108 819 1275 872 pigrius
1294 819 1459 861 haerent

243 885 429 936 Nubila,
452 885 688 927 demittunt
707 887 904 927 extrema
924 886 1156 927 cacumina
1178 887 1332 941 sylvae,

243 953 470 1007 Pluraque
489 952 644 1000 laxato
664 950 920 992 ceciderunt
938 952 1083 994 sidera
1105 953 1238 995 coelo.
1609 952 1696 994 145

243 1019 423 1061 Primus
442 1017 600 1059 adesse
618 1017 763 1058 Deum
782 1017 932 1059 subita
952 1018 1138 1071 caligine
1159 1020 1298 1060 sensit

246 1085 461 1139 Campus,
482 1088 525 1125 et
542 1085 782 1126 innumerae
804 1098 958 1135 voces,
977 1085 1267 1140 fremitusque
1287 1088 1474 1129 virorum

245 1152 512 1195 Summisere
532 1163 712 1193 sonum:
744 1164 845 1193 cum
863 1165 965 1194 vero
984 1152 1256 1196 humentibus
1271 1155 1355 1196 alis

245 1220 472 1270 Incubuit,
493 1219 710 1273 piceaque
726 1219 842 1262 haud
865 1233 1057 1274 unquam
1078 1221 1255 1263 densior
1271 1223 1422 1263 umbra

245 1288 404 1330 Castra
423 1286 556 1337 subit,
577 1299 720 1329 errare
742 1287 878 1338 oculi,
900 1288 1179 1343 resolutaque
1202 1289 1334 1339 colla,
1496 1285 1498 1288 ’
1610 1291 1695 1333 150

243 1429 381 1462 accendit
389 1429 487 1469 Jubar
500 1440 588 1472 paene
602 1431 774 1463 extinctum
794 1430 891 1462 malta
915 1439 997 1461 rore.
1042 1431 1114 1480 Ipse
1128 1441 1245 1473 quoque
1263 1433 1444 1465 acceleravit
1467 1432 1598 1464 velocem
1617 1440 1694 1471 gra-

240 1472 331 1513 dum,
345 1477 377 1504 et
398 1474 465 1505 alas
488 1477 668 1514 temporum,
683 1476 715 1504 et
735 1473 842 1513 implet
863 1473 1052 1514 chlamydem
1076 1473 1111 1505 in
1132 1484 1229 1515 rugas
1246 1476 1402 1507 collectam
1403 1475 1548 1516 ,frigore
1562 1473 1696 1506 umbrmi

238 1514 325 1554 coeli,
345 1519 376 1547 et
389 1516 516 1548 vehitur
528 1516 636 1548 silenti
644 1516 750 1547 volatu
758 1524 815 1555 per
825 1515 938 1551 a'e‘rem.
957 1519 987 1546 et
996 1516 1139 1555 graviter
1149 1518 1301 1558 impendet
1313 1528 1374 1558 agr
1375 1518 1403 1549 is
1418 1517 1579 1549 Thebanis.
1605 1515 1696 1548 Illius

242 1538 359 1589 halitus
373 1560 513 1590 extendit
529 1558 614 1590 humi
629 1568 713 1598 aves,
732 1559 874 1598 pecudes,
898 1568 934 1589 ac
948 1557 1056 1596 seras,
1078 1562 1110 1590 et
1129 1569 1314 1601 quacumque
1327 1560 1438 1599 fertur
1455 1569 1551 1601 supra
1565 1563 1694 1598 terram,

243 1601 336 1631 undoe
356 1601 538 1640 languentes
562 1602 750 1633 descendunt
769 1601 808 1631 de
830 1601 974 1640 scopulis,
996 1601 1089 1632 nubes
1106 1603 1240 1642 pendent
1254 1603 1392 1643 segnius,
1405 1612 1530 1634 nemora
1543 1601 1698 1641 inclinant

242 1651 401 1682 supremos
423 1644 565 1680 vertices,
587 1647 618 1675 et
635 1644 727 1684 plura
750 1645 836 1674 astra
858 1644 943 1682 lapsa
963 1646 1034 1674 sunt
1056 1644 1162 1675 laxato
1184 1645 1267 1675 ooelo.
1310 1645 1440 1676 Primus
1452 1654 1578 1686 campus
1599 1643 1697 1677 sensit

243 1685 414 1724 repentinis
428 1686 546 1717 umbris
561 1686 664 1717 Deum
678 1686 849 1717 advenisse.
872 1685 1033 1717 Innumeri
1044 1686 1191 1718 clamores
1201 1688 1406 1728 tumultusque
1420 1687 1575 1719 hominum
1588 1695 1697 1725 sonum

242 1726 468 1767 depresserunt.
517 1729 561 1760 Ut
585 1738 656 1760 vero
678 1738 749 1759 cum
769 1727 902 1758 madidis
925 1727 1037 1767 pennis
1051 1728 1202 1768 incubuit,
1215 1733 1246 1759 et
1267 1730 1401 1760 intravit
1414 1733 1528 1768 castra,
1540 1737 1696 1769 nunquam

241 1769 374 1809 spissior
389 1780 481 1811 quam
491 1774 565 1802 tunc
575 1773 648 1802 atra
662 1769 797 1809 caligine
810 1772 917 1800 errant
931 1769 1022 1809 oculi,
1035 1769 1166 1801 cervices
1179 1771 1394 1811 remittuntur,
1406 1780 1442 1802 ac
1455 1770 1549 1803 verba
1569 1772 1694 1802 manent

855 1873 1091 1887 eeeeeeeeee

244 1951 399 1984 Gronov.
409 1952 528 1983 Barth.
541 1952 650 1983 Veen.
662 1956 699 1983 et
716 1951 948 1992 Delph.—13⁷
973 1950 1134 1984 Heinsius
1150 1952 1193 1984 ad
1210 1951 1388 1984 claudian.
1401 1952 1531 1993 Paneg.
1542 1951 1577 1983 in
1587 1951 1694 1984 Prob.

243 1999 279 2026 et
295 1994 402 2035 Olyb.
419 1995 518 2026 Cons.
538 1997 593 2027 23.
618 1994 723 2035 legit:
746 1995 841 2025 multo
855 1994 953 2033 J'ubar
973 1995 1091 2026 excitat
1113 1995 1302 2034 igni—139
1325 1994 1483 2036 [inplicuit
1505 1994 1694 2036 chlmydem

244 2037 334 2069 Dan.
358 2047 414 2076 per·
438 2038 557 2068 aeihera
571 2046 666 2067 curru
684 2036 785 2068 Aldd.
802 2037 912 2068 Colin.
929 2036 1060 2077 Gryph.
1082 2037 1189 2068 Basil.
1205 2041 1241 2068 et
1257 2037 1374 2068 Plant.
1391 2046 1451 2077 per
1464 2037 1582 2068 ethera
1601 2046 1695 2068 cursu

242 2080 334 2112 Dan.
350 2080 432 2111 Put.
447 2080 568 2111 Petav.
584 2080 723 2111 Behott.
740 2082 770 2110 1.
787 2081 818 2110 2.
835 2079 942 2119 Lang.
966 2079 1067 2110 Laur.
1085 2079 1216 2113 anlid.
1243 2080 1391 2121 Lipsian.
1406 2080 1548 2111 Venett.
1562 2082 1595 2112 3.
1609 2082 1642 2111 4.
1655 2084 1692 2110 et

243 2121 323 2154 edd.
352 2124 606 2154 meeum—142
629 2122 738 2162 Lang.
753 2122 855 2154 Laur.
878 2121 1012 2153 Buslid.
1029 2121 1180 2162 Lipsian.
1198 2122 1289 2153 Dan.
1313 2122 1435 2155 PetaV.
1451 2126 1488 2154 et
1512 2121 1592 2154 edd.
1609 2125 1695 2154 vett.

856 2242 859 2244 ’
898 2228 1036 2261 ΝΟΤΙΕ

287 2319 349 2348 137
377 2315 525 2356 Ventasa]
548 2315 589 2347 Id
607 2320 673 2352 est,
689 2316 802 2348 alata:
825 2325 942 2348 somno
996 2316 1057 2347 alis
1087 2313 1254 2347 Somnus!
1308 2312 1534 2354 Propertius:
1572 2313 1692 2345 ‘Dum

242 2366 333 2398 enim
351 2367 414 2397 alae
424 2366 548 2398 dantur
564 2365 607 2398 ad
621 2370 785 2408 tempora.
996 2375 1050 2397 me
1080 2364 1240 2406 jucundis
1269 2364 1391 2395 lassam
1419 2372 1522 2405 sopor
1555 2363 1692 2405 impulit

290 2420 354 2448 139
378 2417 495 2458 Cursu]
520 2417 685 2451 Quaedam
698 2417 865 2449 editiones
885 2417 943 2448 ha·
995 2415 1082 2449 alis!

243 2469 327 2500 bent
341 2478 444 2500 carru.
479 2469 753 2510 Inepte,Somno
776 2468 864 2500 enim
878 2477 944 2500 non
1040 2468 1102 2498 142
1138 2465 1336 2505 Quacumque
1360 2463 1535 2505 supervolat
1573 2461 1691 2503 orbem]

244 2517 467 2558 eun-um,sed
491 2518 561 2550 alas
582 2518 664 2550 dant
678 2517 812 2550 Poetae.
855 2518 944 2550 Nos·
998 2517 1083 2549 Aliae
1107 2516 1272 2548 editiones
1291 2515 1418 2548 habent
1432 2514 1617 2557 quacumque
1637 2523 1691 2546 su-

243 2573 298 2601 ter
313 2569 379 2600 hoc
400 2567 519 2599 eodem
543 2568 602 2600 lib.
646 2568 656 2586 ‘
670 2568 754 2600 Cum
780 2577 861 2600 vero
884 2568 943 2600 hu·
993 2567 1134 2608 pervolat
1146 2566 1260 2598 urbem·
1301 2565 1371 2598 Sed
1386 2566 1492 2598 male:
1515 2574 1582 2597 non
1598 2564 1688 2597 enim

244 2618 414 2651 mentibus
429 2618 489 2649 alis
502 2618 689 2651 Incubuit.'
718 2618 763 2649 Et
779 2617 943 2650 Achillei-
998 2622 1128 2650 tantum
1143 2616 1245 2648 urbes
1256 2617 1464 2656 supervolat.

245 2669 306 2701 dos
322 2678 347 2701 1.
385 2668 499 2700 ‘Totis
511 2668 566 2700 nbi
578 2678 710 2700 somnus
726 2668 868 2700 inertior
883 2667 943 2700 alis
1041 2670 1101 2700 147
1128 2666 1278 2709 Campus]
1299 2667 1342 2698 Id
1367 2670 1432 2708 est,
1458 2665 1608 2699 Thebani
1629 2665 1690 2707 qui

245 2717 376 2750 Defluit
393 2718 428 2749 in
444 2716 575 2749 terras-³
619 2717 796 2749 Tibullus:
819 2718 942 2750 ‘Post·
996 2721 1095 2750 erant
1117 2717 1152 2749 in
1174 2726 1307 2757 campo,
1337 2716 1463 2759 quique
1487 2714 1690 2749 obsidebant

245 2777 311 2810 que
327 2768 421 2800 venit
437 2767 563 2800 tacitus
589 2765 688 2799 fulvi:
710 2767 941 2800 circumdatus
995 2772 1108 2801 castra
1124 2766 1337 2808 Argivorum.
