1846 3120
274 249 391 293 1362
777 257 820 289 P.
852 254 1043 288 eumn
1075 254 1241 287 summu

276 354 512 397 cessantes
528 352 574 394 in
588 351 705 393 nube
724 349 892 407 sedent,
909 349 1132 405 nigrisque
1151 350 1349 404 leguntur

275 420 490 470 Collibus,
509 426 555 460 et
575 418 736 460 subitae
754 418 920 460 saliunt
937 419 985 460 in
1005 418 1106 460 vela
1122 417 1358 472 procellae:

273 488 401 530 Talis
421 486 660 540 Agenoreis
681 484 897 540 Argivum
916 487 1142 528 exercitus
1163 485 1298 527 armis
1640 483 1728 527 ⁵40

275 553 515 596 Obruitur:
545 565 636 594 non
654 565 732 594 ora
749 552 904 603 virum,
923 565 1013 595 non
1029 556 1210 607 pectora
1229 551 1368 593 flectit

272 620 421 663 Imber
440 624 580 671 atrox,
598 624 1002 675 rectosquetenent
1020 620 1068 662 in
1087 619 1253 662 moenia
1271 619 1421 661 vultus

273 687 556 730 Immemores
575 687 670 737 leti,
693 690 736 728 et
754 691 920 729 tantum
941 700 1024 730 sua
1044 687 1134 729 tela
1153 686 1371 728 videntes.

274 753 453 796 Anthea
471 753 640 795 falcato
659 752 922 795 lustrantem
940 753 1106 796 moenia
1126 765 1254 794 curru

274 822 483 874 Desuper
504 819 688 874 Ogygiae
707 819 875 873 pepulit
893 820 1038 874 gravis
1056 820 1250 873 impetus
1268 818 1428 861 hastae.
1478 835 1481 839 >
1639 818 1727 861 545

274 887 394 930 Lora
411 899 601 929 excussa
617 899 765 937 manu,
789 891 992 941 retroque
1013 886 1060 927 in
1080 890 1199 939 terga
1219 885 1395 928 volutus
1689 898 1693 901 ’

273 953 565 996 Semianimos
585 957 707 994 artus
723 953 864 995 ocreis
885 953 1178 995 retinentibus
1197 953 1362 1005 haeret;

271 1019 553 1076 (Mirandum
570 1019 668 1061 visu
686 1019 793 1061 belli
810 1020 958 1063 scelus
971 1017 1005 1074 !)
1023 1032 1145 1061 arma
1163 1019 1401 1070 trahuntur,

274 1088 607 1140 Fumantesque
627 1089 735 1127 rotae
750 1086 963 1137 tellurem,
984 1090 1028 1128 et
1047 1086 1199 1128 tertius
1217 1086 1358 1128 hastae

271 1156 435 1198 Sulcus
455 1158 604 1196 arant:
633 1155 765 1208 longo
788 1155 988 1209 sequitur
1004 1167 1119 1207 vaga
1138 1153 1319 1208 pulvere
1339 1154 1506 1205 cervix,
1637 1155 1725 1198 550

271 1224 332 1267 Et
348 1222 650 1277 resupinarum
670 1225 791 1276 patet
807 1222 951 1264 orbita
967 1221 1099 1275 longa
1120 1233 1361 1263 comarum.

271 1291 338 1334 At
356 1291 466 1333 tuba
483 1288 697 1331 luctificis
715 1289 867 1342 pulsat
887 1289 1169 1342 clangoribus
1189 1289 1356 1338 urbem,

271 1359 587 1412 obseptasque
609 1355 725 1397 fores
745 1356 892 1397 sonitu
912 1354 1144 1409 perfringit
1163 1367 1331 1397 amaro.

269 1472 514 1515 Acroceraunia,
535 1475 703 1515 coeuntque
727 1483 769 1506 ex
790 1472 871 1504 atris
889 1470 1122 1512 promontoriis,
1146 1481 1183 1503 ac
1206 1474 1332 1513 repente
1345 1469 1551 1513 emundantur
1562 1471 1598 1504 in
1611 1480 1704 1504 mres
1713 1481 1725 1503 .·

269 1518 375 1549 eodem
389 1520 478 1550 modo
491 1517 574 1549 acies
585 1518 708 1557 Argiva
718 1514 907 1557 opprimitur
921 1513 992 1545 telis
1006 1513 1170 1546 Thebanis.
1203 1514 1343 1547 Immitis
1353 1515 1475 1554 grando
1488 1524 1550 1547 non
1562 1515 1724 1555 detorquet

268 1560 384 1601 uultus,
398 1570 460 1593 non
471 1563 599 1601 pectora
614 1560 806 1598 bellatorum,
819 1560 851 1589 et
865 1556 899 1588 lai
914 1559 1018 1588 tenent
1033 1565 1137 1588 versas
1154 1555 1259 1595 facies
1271 1557 1305 1588 in
1319 1567 1435 1597 muros,
1452 1556 1543 1589 obliti
1556 1556 1681 1596 mortis,
1693 1558 1726 1588 et

268 1605 393 1634 tantum
405 1606 566 1635 cernentes
578 1612 652 1634 suas
666 1601 813 1641 sagittas.
857 1598 980 1632 Acerba
993 1598 1042 1631 vis
1056 1598 1154 1631 hastoe
1171 1598 1323 1631 Thebane
1337 1601 1470 1641 desuper
1487 1599 1608 1631 emissa
1618 1599 1725 1634 detur-

267 1643 356 1676 bavit
368 1644 527 1677 Antheum
542 1646 781 1677 circumeuntem
804 1651 907 1674 muros
919 1641 1042 1680 falcato
1063 1650 1158 1673 curru
1166 1651 1180 1679 ,·
1201 1641 1329 1673 habenae
1347 1651 1442 1674 manu
1455 1641 1572 1679 aruleoe
1590 1643 1725 1681 must

263 1696 347 1727 pone
360 1687 500 1720 inversus
514 1687 549 1719 in
563 1689 701 1727 dorsum,
716 1687 814 1717 hoeret
829 1684 935 1715 cur-rui
948 1683 1127 1723 semivivus,
1140 1693 1210 1715 eum
1222 1684 1429 1716 retinentibus
1441 1684 1556 1716 ocreis.-
1577 1683 1724 1715 misam-

267 1729 327 1760 ἀίω
341 1734 466 1772 aspectu
480 1730 550 1762 belli
569 1739 659 1761 casus
667 1739 681 1766 ,⁸
703 1738 792 1759 arma
817 1726 883 1766 qius
906 1728 1084 1766 raptantur,
1106 1728 1137 1757 et
1151 1725 1315 1764 suntantes
1339 1729 1430 1766 rotoe,
1453 1729 1486 1757 et
1513 1727 1605 1758 'nasta
1629 1724 1724 1757 tertio

267 1772 351 1803 sulco
365 1772 511 1804 scindunt
525 1775 642 1804 terram
651 1782 662 1802 .-
682 1780 797 1811 vagum
812 1770 922 1801 collum
936 1767 1078 1809 sequitur
1090 1777 1160 1799 cum
1174 1769 1266 1808 longo
1282 1769 1420 1810 pulvere,
1435 1771 1467 1801 et
1481 1769 1546 1800 lata
1558 1767 1662 1800 orbita
1673 1776 1724 1799 re-

266 1814 447 1855 supinorum
459 1814 643 1857 capillorum
654 1813 789 1846 videtur.
832 1813 879 1845 At
900 1810 1028 1842 buccina
1038 1810 1125 1849 serit
1146 1810 1291 1852 oppidum
1311 1812 1448 1843 luctuoso
1467 1811 1585 1852 sonitu,
1598 1813 1631 1843 et
1649 1819 1728 1852 per·

873 1904 1033 1919 “mo“
1036 1904 1116 1919 ”00

267 1975 376 2006 -538
398 1973 480 2006 Pnt.
503 1973 663 2015 nigrisque
687 1974 853 2010 lactantum
875 1972 998 2004 Bebot.
1022 1974 1055 2004 1.
1078 1980 1141 2013 pro
1165 1981 1196 2003 ν.
1219 1970 1243 2003 l.
1263 1970 1428 2012 nigrisque
1454 1972 1723 2010 tegumen—544

265 2015 389 2048 Acthea
403 2025 490 2048 unus
505 2017 742 2048 Behot.--546
762 2015 913 2056 Lipsiam
927 2014 1008 2046 Put.
1023 2018 1060 2046 et
1073 2015 1216 2046 Venett.
1231 2016 1262 2045 3.
1275 2016 1308 2046 4.
1322 2013 1357 2045 in
1371 2017 1462 2053 terga
1485 2014 1726 2045 solatum-64⁷*

265 2057 472 2090 Semianimes
481 2062 571 2090 artus
581 2059 691 2099 Lang.
708 2059 808 2090 Laur-
825 2056 958 2089 Buslid.
976 2056 1129 2098 Lipsian.
1144 2056 1232 2088 Dan.
1247 2056 1330 2088 Pnt.
1349 2056 1473 2088 Petav.
1488 2059 1525 2087 et
1539 2054 1618 2088 edd.
1634 2059 1723 2086 vett.

266 2102 375 2132 —649
396 2101 478 2133 Put.
495 2101 626 2133 territus
646 2101 865 2133 hasta-550
886 2098 997 2131 Salem
1010 2102 1081 2131 arat
1095 2098 1194 2131 codd.
1213 2097 1471 2139 Lindenbrogii,
1487 2101 1525 2130 et
1537 2097 1678 2129 Bebott.
1690 2099 1724 2130 1.

265 2145 299 2175 2.
322 2143 365 2175 Iu
378 2143 580 2185 quibusdam
593 2144 802 2183 longa—551
827 2143 931 2182 Lang.
949 2142 1052 2174 Laut.
1064 2141 1198 2173 Buslid.
1214 2140 1364 2182 Lipsian.
1379 2143 1415 2172 et
1429 2139 1581 2173 nonnulli
1595 2138 1721 2171 Barth-

265 2185 335 2217 iani
351 2196 360 2217 :
393 2186 496 2218 orln'ta
519 2187 702 2218 lam—553
728 2185 933 2226 Obsessusque
949 2184 1040 2223 sores
1060 2183 1167 2215 sonitu
1198 2183 1390 2224 perstrinxit
1416 2183 1576 2215 Petrens.
1603 2181 1704 2222 Obsep

265 2227 473 2270 tasquefores
486 2228 589 2261 sonitu
600 2227 791 2271 perstringit
805 2227 946 2260 Taurin.
968 2225 1155 2268 perstringit
1171 2225 1274 2258 etiam
1288 2226 1406 2258 Burm.
1421 2230 1459 2258 et
1480 2222 1717 2256 Baalim—565

923 2311 1066 2346 NOTAE

269 2376 404 2410 Graecis
412 2376 535 2415 fulmen
549 2380 615 2410 est.
658 2377 760 2409 Circa
774 2376 836 2408 hos
851 2379 966 2408 autem
1062 2376 1126 2407 54⁷
1162 2373 1381 2415 Semianimes]
1425 2371 1528 2414 Legit
1561 2371 1719 2418 Guyetus

263 2430 399 2459 montes
413 2425 701 2468 frequentissimae
717 2426 806 2458 fiunt
818 2430 965 2467 tempes-
1020 2422 1231 2463 Semianimis,
1257 2423 1419 2464 deletque
1448 2421 1618 2464 reliquum
1643 2428 1720 2453 ver-

265 2479 371 2517 tates,
382 2475 473 2507 unde
495 2476 658 2509 ‘infames
675 2477 808 2518 scopuli
819 2476 830 2491 ’
850 2475 966 2507 dicun·
1019 2483 1106 2514 sum,
1120 2482 1160 2505 ac
1181 2472 1266 2505 duos
1285 2476 1478 2515 sequentes,
1492 2472 1644 2514 duasque
1659 2471 1718 2504 vo-

264 2528 321 2557 tur
344 2525 491 2557 Horatio
505 2537 514 2558 z
549 2530 558 2544 ‘
568 2525 720 2558 Infames
746 2526 902 2568 scopulos
917 2524 965 2557 A-
1019 2533 1075 2556 ces
1091 2522 1265 2564 sequentis
1276 2531 1407 2562 versae,
1415 2521 1601 2564 jungitque
1614 2520 1718 2554 Sani-

263 2574 509 2608 crocernunia?
1017 2573 1133 2606 animis
1146 2581 1223 2605 cum
1237 2573 1283 2613 τῷ
1293 2574 1383 2613 longo
1396 2572 1549 2613 sequitur.

305 2628 370 2657 540
391 2624 580 2666 Agenoreis]
598 2624 782 2657 Thebanis.
1060 2626 1125 2656 ⁵49
1159 2623 1332 2655 Fumantes
1359 2623 1452 2664 rotae]
1490 2621 1547 2654 oh
1575 2620 1715 2662 nimiam

304 2677 368 2708 541
396 2674 525 2716 Virum]
543 2674 722 2716 Argivum.
1017 2673 1109 2707 enim
1133 2673 1346 2707 celeritatem
1374 2672 1576 2716 quandoque
1604 2671 1717 2713 ignet—

305 2727 370 2757 542
392 2724 513 2766 Imber]
534 2725 691 2757 Telorum
707 2724 853 2758 scilicet.
1016 2727 1113 2758 eunt.

305 2776 368 2807 ⁵45
395 2774 548 2816 Ogygia]
567 2775 746 2807 Thebanae.
