<?xml version="1.0" encoding="UTF-8"?>
<!DOCTYPE html PUBLIC "-//W3C//DTD XHTML 1.0 Transitional//EN"
    "http://www.w3.org/TR/xhtml1/DTD/xhtml1-transitional.dtd">
<html xmlns="http://www.w3.org/1999/xhtml" xml:lang="en" lang="en">
 <head>
  <title>
</title>
<meta http-equiv="Content-Type" content="text/html;charset=utf-8" />
  <meta name='ocr-system' content='tesseract 3.04.00' />
  <meta name='ocr-capabilities' content='ocr_page ocr_carea ocr_par ocr_line ocrx_word'/>
</head>
<body>
  <div class='ocr_page' id='page_1' title='image "./operaomniaexedit03statuoft_0539.png"; bbox 0 0 1846 3120; ppageno 0'>
   <div class='ocr_carea' id='block_1_1' title="bbox 0 0 34 405">
    <p class='ocr_par' dir='ltr' id='par_1_1' title="bbox 0 0 41 405">
     <span class='ocr_line' id='line_1_1' title="bbox 0 0 34 405; textangle 90"><span class='ocrx_word' id='word_1_1' title='bbox 0 251 24 405; x_wconf 49' lang='grc' dir='ltr'>-ννννφ</span> <span class='ocrx_word' id='word_1_2' title='bbox 0 171 19 239; x_wconf 55' lang='lat' dir='ltr'>we&lt;</span> <span class='ocrx_word' id='word_1_3' title='bbox 0 95 23 160; x_wconf 50' lang='lat' dir='ltr'>&#39;eg-2</span> <span class='ocrx_word' id='word_1_4' title='bbox 0 0 34 83; x_wconf 48' lang='lat' dir='ltr'>⁵4ss</span> 
     </span>
    </p>
   </div>
   <div class='ocr_carea' id='block_1_2' title="bbox 0 417 18 739">
    <p class='ocr_par' dir='ltr' id='par_1_2' title="bbox 0 417 18 739">
     <span class='ocr_line' id='line_1_2' title="bbox 0 417 18 739; textangle 90"><span class='ocrx_word' id='word_1_5' title='bbox 0 706 10 739; x_wconf 53' lang='lat' dir='ltr'>w</span> <span class='ocrx_word' id='word_1_6' title='bbox 0 475 17 682; x_wconf 44' lang='lat' dir='ltr'>&lt;susem-»s</span> <span class='ocrx_word' id='word_1_7' title='bbox 3 450 6 451; x_wconf 50' lang='lat'>¹</span> <span class='ocrx_word' id='word_1_8' title='bbox 0 417 18 426; x_wconf 63' lang='grc' dir='ltr'>κ’</span> 
     </span>
    </p>
   </div>
   <div class='ocr_carea' id='block_1_3' title="bbox 425 220 1077 259">
    <p class='ocr_par' dir='ltr' id='par_1_3' title="bbox 425 220 1077 259">
     <span class='ocr_line' id='line_1_3' title="bbox 425 220 1077 259; baseline -0.012 0"><span class='ocrx_word' id='word_1_9' title='bbox 425 227 469 259; x_wconf 80' lang='grc' dir='ltr'>Ρ.</span> <span class='ocrx_word' id='word_1_10' title='bbox 501 225 695 258; x_wconf 75' lang='lat' dir='ltr'>PAl’mll</span> <span class='ocrx_word' id='word_1_11' title='bbox 728 222 897 256; x_wconf 73' lang='lat' dir='ltr'>s&#39;rA‘rn</span> <span class='ocrx_word' id='word_1_12' title='bbox 931 220 1077 253; x_wconf 70' lang='lat' dir='ltr'>SYLv.</span> 
     </span>
    </p>
   </div>
   <div class='ocr_carea' id='block_1_4' title="bbox 143 319 856 1628">
    <p class='ocr_par' dir='ltr' id='par_1_4' title="bbox 143 319 852 618">
     <span class='ocr_line' id='line_1_4' title="bbox 145 319 852 367; baseline -0.009 -9"><span class='ocrx_word' id='word_1_13' title='bbox 145 331 289 367; x_wconf 60' lang='lat' dir='ltr'>“pene</span> <span class='ocrx_word' id='word_1_14' title='bbox 303 322 451 358; x_wconf 79' lang='lat' dir='ltr'>victoris</span> <span class='ocrx_word' id='word_1_15' title='bbox 474 321 631 356; x_wconf 72' lang='lat' dir='ltr'>timuisse</span> <span class='ocrx_word' id='word_1_16' title='bbox 646 320 737 354; x_wconf 86' lang='lat' dir='ltr'>vinci</span> <span class='ocrx_word' id='word_1_17' title='bbox 764 319 852 361; x_wconf 85' lang='lat' dir='ltr'>Hip-</span> 
     </span>
     <span class='ocr_line' id='line_1_5' title="bbox 146 370 852 422; baseline -0.01 -13"><span class='ocrx_word' id='word_1_18' title='bbox 146 381 338 422; x_wconf 66' lang='lat' dir='ltr'>pomenen.</span> <span class='ocrx_word' id='word_1_19' title='bbox 379 373 480 407; x_wconf 80' lang='lat' dir='ltr'>Belle</span> <span class='ocrx_word' id='word_1_20' title='bbox 505 377 682 415; x_wconf 85' lang='lat' dir='ltr'>stuporem</span> <span class='ocrx_word' id='word_1_21' title='bbox 708 370 852 403; x_wconf 86' lang='lat' dir='ltr'>hominis</span> 
     </span>
     <span class='ocr_line' id='line_1_6' title="bbox 145 414 852 467; baseline -0.009 -9"><span class='ocrx_word' id='word_1_22' title='bbox 145 424 331 467; x_wconf 63' lang='lat' dir='ltr'>castigavit</span> <span class='ocrx_word' id='word_1_23' title='bbox 360 414 468 466; x_wconf 73' lang='lat' dir='ltr'>cs&#39;sp.</span> <span class='ocrx_word' id='word_1_24' title='bbox 496 423 682 456; x_wconf 76' lang='lat' dir='ltr'>Gevsrtius</span> <span class='ocrx_word' id='word_1_25' title='bbox 714 421 852 453; x_wconf 82' lang='lat' dir='ltr'>Electo-</span> 
     </span>
     <span class='ocr_line' id='line_1_7' title="bbox 145 470 852 509; baseline -0.009 -1"><span class='ocrx_word' id='word_1_26' title='bbox 145 484 222 508; x_wconf 80' lang='grc' dir='ltr'><strong>ιἰιι</strong></span> <span class='ocrx_word' id='word_1_27' title='bbox 237 475 297 509; x_wconf 81' lang='lat' dir='ltr'>lib.</span> <span class='ocrx_word' id='word_1_28' title='bbox 319 483 380 509; x_wconf 85' lang='lat' dir='ltr'>m.</span> <span class='ocrx_word' id='word_1_29' title='bbox 395 474 548 508; x_wconf 70' lang='lat' dir='ltr'>adducto</span> <span class='ocrx_word' id='word_1_30' title='bbox 569 471 753 506; x_wconf 72' lang='lat' dir='ltr'>sententias</span> <span class='ocrx_word' id='word_1_31' title='bbox 774 470 852 503; x_wconf 82' lang='lat' dir='ltr'>fuu-</span> 
     </span>
     <span class='ocr_line' id='line_1_8' title="bbox 143 522 852 564; baseline -0.009 -5"><span class='ocrx_word' id='word_1_32' title='bbox 143 525 309 559; x_wconf 64' lang='lat' dir='ltr'>ammte</span> <span class='ocrx_word' id='word_1_33' title='bbox 322 525 438 559; x_wconf 73' lang='lat' dir='ltr'>stabili</span> <span class='ocrx_word' id='word_1_34' title='bbox 455 534 499 558; x_wconf 86' lang='lat' dir='ltr'>ex</span> <span class='ocrx_word' id='word_1_35' title='bbox 515 523 647 557; x_wconf 83' lang='lat' dir='ltr'>Sidonii</span> <span class='ocrx_word' id='word_1_36' title='bbox 661 522 852 564; x_wconf 74' lang='lat' dir='ltr'>Panegyri-</span> 
     </span>
     <span class='ocr_line' id='line_1_9' title="bbox 145 575 542 618; baseline -0.008 -8"><span class='ocrx_word' id='word_1_37' title='bbox 145 584 188 610; x_wconf 71' lang='lat' dir='ltr'>co</span> <span class='ocrx_word' id='word_1_38' title='bbox 203 575 401 618; x_wconf 71' lang='lat' dir='ltr'>Mujorisni.</span> <span class='ocrx_word' id='word_1_39' title='bbox 423 575 542 608; x_wconf 70' lang='lat' dir='ltr'>Barth.</span> 
     </span>
    </p>

    <p class='ocr_par' dir='ltr' id='par_1_5' title="bbox 144 622 856 1628">
     <span class='ocr_line' id='line_1_10' title="bbox 160 622 851 668; baseline -0.01 -8"><span class='ocrx_word' id='word_1_40' title='bbox 160 640 164 643; x_wconf 87' lang='lat'>·</span> <span class='ocrx_word' id='word_1_41' title='bbox 186 629 231 660; x_wconf 77' lang='lat'>8¹1</span> <span class='ocrx_word' id='word_1_42' title='bbox 252 626 388 659; x_wconf 60' lang='grc' dir='ltr'><strong>δειναί·</strong></span> <span class='ocrx_word' id='word_1_43' title='bbox 401 624 562 668; x_wconf 68' lang='lat' dir='ltr'>Abydeni]</span> <span class='ocrx_word' id='word_1_44' title='bbox 586 622 851 663; x_wconf 74' lang='lat' dir='ltr'>Leandri3nam</span> 
     </span>
     <span class='ocr_line' id='line_1_11' title="bbox 145 671 853 718; baseline -0.008 -9"><span class='ocrx_word' id='word_1_45' title='bbox 145 674 339 718; x_wconf 70' lang='lat' dir='ltr'>Abydos&#39;et</span> <span class='ocrx_word' id='word_1_46' title='bbox 351 674 472 708; x_wconf 84' lang='lat' dir='ltr'>Sestos</span> <span class='ocrx_word' id='word_1_47' title='bbox 488 673 593 716; x_wconf 79' lang='lat' dir='ltr'>opida</span> <span class='ocrx_word' id='word_1_48' title='bbox 608 677 687 705; x_wconf 82' lang='lat' dir='ltr'>snut</span> <span class='ocrx_word' id='word_1_49' title='bbox 705 672 748 705; x_wconf 77' lang='lat' dir='ltr'>ad</span> <span class='ocrx_word' id='word_1_50' title='bbox 765 671 853 704; x_wconf 76' lang='lat' dir='ltr'>ostia</span> 
     </span>
     <span class='ocr_line' id='line_1_12' title="bbox 144 722 852 767; baseline -0.006 -9"><span class='ocrx_word' id='word_1_51' title='bbox 144 722 396 767; x_wconf 76' lang='lat' dir='ltr'>Hellesponti:</span> <span class='ocrx_word' id='word_1_52' title='bbox 418 730 565 766; x_wconf 82' lang='lat' dir='ltr'>utroque</span> <span class='ocrx_word' id='word_1_53' title='bbox 587 724 707 755; x_wconf 86' lang='lat' dir='ltr'>littore</span> <span class='ocrx_word' id='word_1_54' title='bbox 723 722 767 755; x_wconf 81' lang='lat' dir='ltr'>ad</span> <span class='ocrx_word' id='word_1_55' title='bbox 783 726 852 754; x_wconf 77' lang='lat' dir='ltr'>sta-</span> 
     </span>
     <span class='ocr_line' id='line_1_13' title="bbox 146 773 852 817; baseline -0.007 -8"><span class='ocrx_word' id='word_1_56' title='bbox 146 775 204 810; x_wconf 71' lang='lat' dir='ltr'>elis</span> <span class='ocrx_word' id='word_1_57' title='bbox 220 775 363 817; x_wconf 72' lang='lat' dir='ltr'>triginta</span> <span class='ocrx_word' id='word_1_58' title='bbox 377 775 470 808; x_wconf 88' lang='lat' dir='ltr'>inter</span> <span class='ocrx_word' id='word_1_59' title='bbox 488 783 525 806; x_wconf 85' lang='lat' dir='ltr'>se</span> <span class='ocrx_word' id='word_1_60' title='bbox 540 773 670 806; x_wconf 79' lang='lat' dir='ltr'>distant</span> <span class='ocrx_word' id='word_1_61' title='bbox 685 783 694 805; x_wconf 70' lang='grc' dir='ltr'><strong>ε</strong></span> <span class='ocrx_word' id='word_1_62' title='bbox 731 783 752 804; x_wconf 79' lang='grc' dir='ltr'>ιι</span> <span class='ocrx_word' id='word_1_63' title='bbox 774 780 852 814; x_wconf 87' lang='lat' dir='ltr'>por-</span> 
     </span>
     <span class='ocr_line' id='line_1_14' title="bbox 145 823 852 869; baseline -0.008 -9"><span class='ocrx_word' id='word_1_64' title='bbox 145 826 234 860; x_wconf 70' lang='lat' dir='ltr'>tuin</span> <span class='ocrx_word' id='word_1_65' title='bbox 248 830 386 869; x_wconf 83' lang='lat' dir='ltr'>portum</span> <span class='ocrx_word' id='word_1_66' title='bbox 403 825 518 868; x_wconf 70' lang='lat' dir='ltr'>pontit</span> <span class='ocrx_word' id='word_1_67' title='bbox 530 825 627 857; x_wconf 88' lang='lat' dir='ltr'>locus</span> <span class='ocrx_word' id='word_1_68' title='bbox 642 827 698 855; x_wconf 85' lang='lat' dir='ltr'>est</span> <span class='ocrx_word' id='word_1_69' title='bbox 713 823 852 865; x_wconf 78' lang='lat' dir='ltr'>paulum</span> 
     </span>
     <span class='ocr_line' id='line_1_15' title="bbox 145 873 853 918; baseline -0.01 -7"><span class='ocrx_word' id='word_1_70' title='bbox 145 876 190 911; x_wconf 68' lang='lat' dir='ltr'>ab</span> <span class='ocrx_word' id='word_1_71' title='bbox 203 876 345 911; x_wconf 75' lang='lat' dir='ltr'>urbibus</span> <span class='ocrx_word' id='word_1_72' title='bbox 359 874 569 918; x_wconf 74' lang='lat' dir='ltr'>digredienti</span> <span class='ocrx_word' id='word_1_73' title='bbox 591 873 634 906; x_wconf 79' lang='lat' dir='ltr'>ad</span> <span class='ocrx_word' id='word_1_74' title='bbox 650 873 788 913; x_wconf 81' lang='lat' dir='ltr'>Seston,</span> <span class='ocrx_word' id='word_1_75' title='bbox 804 873 853 904; x_wconf 92' lang='lat' dir='ltr'>lo-</span> 
     </span>
     <span class='ocr_line' id='line_1_16' title="bbox 145 923 853 969; baseline -0.007 -9"><span class='ocrx_word' id='word_1_76' title='bbox 145 934 208 960; x_wconf 73' lang='lat' dir='ltr'>eus</span> <span class='ocrx_word' id='word_1_77' title='bbox 243 926 383 969; x_wconf 79' lang='lat' dir='ltr'>quidem</span> <span class='ocrx_word' id='word_1_78' title='bbox 422 925 624 967; x_wconf 79' lang='lat' dir='ltr'>Apobathra</span> <span class='ocrx_word' id='word_1_79' title='bbox 656 925 781 965; x_wconf 88' lang='lat' dir='ltr'>dictus,</span> <span class='ocrx_word' id='word_1_80' title='bbox 810 923 853 955; x_wconf 79' lang='lat' dir='ltr'>ud</span> 
     </span>
     <span class='ocr_line' id='line_1_17' title="bbox 146 974 853 1020; baseline -0.008 -9"><span class='ocrx_word' id='word_1_81' title='bbox 146 987 251 1020; x_wconf 73' lang='lat' dir='ltr'>quen</span> <span class='ocrx_word' id='word_1_82' title='bbox 262 977 347 1010; x_wconf 71' lang='lat' dir='ltr'>ratis</span> <span class='ocrx_word' id='word_1_83' title='bbox 356 977 483 1019; x_wconf 76' lang='lat' dir='ltr'>juncta</span> <span class='ocrx_word' id='word_1_84' title='bbox 493 974 571 1008; x_wconf 84' lang='lat' dir='ltr'>fuit.</span> <span class='ocrx_word' id='word_1_85' title='bbox 608 974 772 1017; x_wconf 83' lang='lat' dir='ltr'><strong>Abydum</strong></span> <span class='ocrx_word' id='word_1_86' title='bbox 788 974 853 1006; x_wconf 90' lang='lat' dir='ltr'>Mi-</span> 
     </span>
     <span class='ocr_line' id='line_1_18' title="bbox 144 1024 854 1068; baseline -0.007 -8"><span class='ocrx_word' id='word_1_87' title='bbox 144 1027 227 1061; x_wconf 79' lang='lat' dir='ltr'>lesii·</span> <span class='ocrx_word' id='word_1_88' title='bbox 236 1026 436 1068; x_wconf 79' lang='lat' dir='ltr'>condidere,</span> <span class='ocrx_word' id='word_1_89' title='bbox 456 1026 557 1068; x_wconf 80' lang='lat' dir='ltr'>Gyge</span> <span class='ocrx_word' id='word_1_90' title='bbox 573 1024 747 1067; x_wconf 83' lang='lat' dir='ltr'>Lydorum</span> <span class='ocrx_word' id='word_1_91' title='bbox 772 1033 854 1066; x_wconf 85' lang='lat' dir='ltr'>rege</span> 
     </span>
     <span class='ocr_line' id='line_1_19' title="bbox 145 1076 853 1122; baseline -0.008 -9"><span class='ocrx_word' id='word_1_92' title='bbox 145 1079 385 1122; x_wconf 69' lang='lat' dir='ltr'>permittente.</span> <span class='ocrx_word' id='word_1_93' title='bbox 426 1077 667 1118; x_wconf 79' lang='lat' dir='ltr'>Theopompus</span> <span class='ocrx_word' id='word_1_94' title='bbox 697 1076 747 1108; x_wconf 78' lang='lat' dir='ltr'>ait</span> <span class='ocrx_word' id='word_1_95' title='bbox 773 1076 853 1108; x_wconf 88' lang='lat' dir='ltr'>Ses-</span> 
     </span>
     <span class='ocr_line' id='line_1_20' title="bbox 145 1126 853 1172; baseline -0.006 -9"><span class='ocrx_word' id='word_1_96' title='bbox 145 1134 207 1163; x_wconf 82' lang='lat' dir='ltr'>ton</span> <span class='ocrx_word' id='word_1_97' title='bbox 219 1138 360 1172; x_wconf 73' lang='lat' dir='ltr'>parvum</span> <span class='ocrx_word' id='word_1_98' title='bbox 375 1137 464 1169; x_wconf 81' lang='lat' dir='ltr'>esse,</span> <span class='ocrx_word' id='word_1_99' title='bbox 482 1127 544 1160; x_wconf 85' lang='lat' dir='ltr'>sed</span> <span class='ocrx_word' id='word_1_100' title='bbox 561 1126 744 1159; x_wconf 86' lang='lat' dir='ltr'>munitam.</span> <span class='ocrx_word' id='word_1_101' title='bbox 789 1126 853 1159; x_wconf 84' lang='lat' dir='ltr'>Le-</span> 
     </span>
     <span class='ocr_line' id='line_1_21' title="bbox 146 1174 853 1218; baseline -0.008 -5"><span class='ocrx_word' id='word_1_102' title='bbox 146 1180 255 1214; x_wconf 70' lang='lat' dir='ltr'>ander</span> <span class='ocrx_word' id='word_1_103' title='bbox 269 1190 354 1212; x_wconf 86' lang='lat' dir='ltr'>vero</span> <span class='ocrx_word' id='word_1_104' title='bbox 367 1178 557 1212; x_wconf 70' lang='lat' dir='ltr'>Sestiacum</span> <span class='ocrx_word' id='word_1_105' title='bbox 571 1186 688 1209; x_wconf 81' lang='lat' dir='ltr'>amans</span> <span class='ocrx_word' id='word_1_106' title='bbox 703 1185 746 1208; x_wconf 85' lang='lat' dir='ltr'>ex</span> <span class='ocrx_word' id='word_1_107' title='bbox 758 1174 853 1218; x_wconf 87' lang='lat' dir='ltr'>Aby-</span> 
     </span>
     <span class='ocr_line' id='line_1_22' title="bbox 147 1227 854 1265; baseline -0.01 0"><span class='ocrx_word' id='word_1_108' title='bbox 147 1231 193 1264; x_wconf 81' lang='lat' dir='ltr'>do</span> <span class='ocrx_word' id='word_1_109' title='bbox 221 1236 328 1265; x_wconf 87' lang='lat' dir='ltr'>noctu</span> <span class='ocrx_word' id='word_1_110' title='bbox 357 1230 502 1264; x_wconf 71' lang='lat' dir='ltr'>natabat</span> <span class='ocrx_word' id='word_1_111' title='bbox 523 1229 559 1261; x_wconf 85' lang='lat' dir='ltr'>in</span> <span class='ocrx_word' id='word_1_112' title='bbox 584 1228 785 1261; x_wconf 81' lang='lat' dir='ltr'>ulteriorem</span> <span class='ocrx_word' id='word_1_113' title='bbox 810 1227 854 1259; x_wconf 84' lang='lat' dir='ltr'>ri-</span> 
     </span>
     <span class='ocr_line' id='line_1_23' title="bbox 147 1278 852 1324; baseline -0.01 -9"><span class='ocrx_word' id='word_1_114' title='bbox 147 1291 243 1324; x_wconf 71' lang='lat' dir='ltr'>pun,</span> <span class='ocrx_word' id='word_1_115' title='bbox 256 1281 458 1324; x_wconf 82' lang='lat' dir='ltr'>proferente</span> <span class='ocrx_word' id='word_1_116' title='bbox 474 1280 534 1312; x_wconf 80' lang='lat' dir='ltr'>illa</span> <span class='ocrx_word' id='word_1_117' title='bbox 548 1288 592 1312; x_wconf 86' lang='lat' dir='ltr'>ex</span> <span class='ocrx_word' id='word_1_118' title='bbox 609 1278 693 1310; x_wconf 88' lang='lat' dir='ltr'>turri</span> <span class='ocrx_word' id='word_1_119' title='bbox 716 1278 828 1309; x_wconf 86' lang='lat' dir='ltr'>lumen</span> <span class='ocrx_word' id='word_1_120' title='bbox 843 1287 852 1309; x_wconf 75' lang='grc' dir='ltr'><strong>ε</strong></span> 
     </span>
     <span class='ocr_line' id='line_1_24' title="bbox 147 1328 854 1374; baseline -0.008 -9"><span class='ocrx_word' id='word_1_121' title='bbox 147 1335 359 1374; x_wconf 78' lang='lat' dir='ltr'>tempestate</span> <span class='ocrx_word' id='word_1_122' title='bbox 382 1329 617 1372; x_wconf 87' lang='lat' dir='ltr'>deprehensus</span> <span class='ocrx_word' id='word_1_123' title='bbox 646 1328 763 1370; x_wconf 89' lang='lat' dir='ltr'>periit.</span> <span class='ocrx_word' id='word_1_124' title='bbox 806 1328 854 1360; x_wconf 90' lang='lat' dir='ltr'>U-</span> 
     </span>
     <span class='ocr_line' id='line_1_25' title="bbox 148 1379 854 1425; baseline -0.007 -10"><span class='ocrx_word' id='word_1_125' title='bbox 148 1387 309 1425; x_wconf 78' lang='lat' dir='ltr'>trumque</span> <span class='ocrx_word' id='word_1_126' title='bbox 324 1381 438 1424; x_wconf 83' lang='lat' dir='ltr'>pinxit</span> <span class='ocrx_word' id='word_1_127' title='bbox 453 1379 596 1422; x_wconf 74' lang='lat' dir='ltr'>Apelles</span> <span class='ocrx_word' id='word_1_128' title='bbox 611 1379 717 1411; x_wconf 86' lang='lat' dir='ltr'>nobili</span> <span class='ocrx_word' id='word_1_129' title='bbox 733 1379 854 1420; x_wconf 82' lang='lat' dir='ltr'>gloria.</span> 
     </span>
     <span class='ocr_line' id='line_1_26' title="bbox 148 1430 856 1478; baseline -0.006 -13"><span class='ocrx_word' id='word_1_130' title='bbox 148 1431 253 1476; x_wconf 77' lang='lat' dir='ltr'>Apud</span> <span class='ocrx_word' id='word_1_131' title='bbox 285 1432 410 1478; x_wconf 75' lang='lat' dir='ltr'>Seston</span> <span class='ocrx_word' id='word_1_132' title='bbox 433 1431 574 1472; x_wconf 80' lang='lat' dir='ltr'>insignis</span> <span class='ocrx_word' id='word_1_133' title='bbox 603 1430 754 1462; x_wconf 87' lang='lat' dir='ltr'>tumulus</span> <span class='ocrx_word' id='word_1_134' title='bbox 779 1434 856 1462; x_wconf 81' lang='lat' dir='ltr'>erat</span> 
     </span>
     <span class='ocr_line' id='line_1_27' title="bbox 147 1482 854 1524; baseline -0.008 -7"><span class='ocrx_word' id='word_1_135' title='bbox 147 1483 244 1517; x_wconf 80' lang='lat' dir='ltr'>Iunis</span> <span class='ocrx_word' id='word_1_136' title='bbox 266 1488 304 1516; x_wconf 89' lang='lat' dir='ltr'>et</span> <span class='ocrx_word' id='word_1_137' title='bbox 326 1482 481 1524; x_wconf 81' lang='lat' dir='ltr'>virginis,</span> <span class='ocrx_word' id='word_1_138' title='bbox 502 1482 562 1514; x_wconf 89' lang='lat' dir='ltr'>ubi</span> <span class='ocrx_word' id='word_1_139' title='bbox 583 1482 711 1523; x_wconf 82' lang='lat' dir='ltr'>aquila,</span> <span class='ocrx_word' id='word_1_140' title='bbox 733 1491 811 1523; x_wconf 84' lang='lat' dir='ltr'>quae</span> <span class='ocrx_word' id='word_1_141' title='bbox 834 1490 854 1512; x_wconf 77' lang='lat' dir='ltr'>u</span> 
     </span>
     <span class='ocr_line' id='line_1_28' title="bbox 147 1532 854 1576; baseline -0.006 -10"><span class='ocrx_word' id='word_1_142' title='bbox 147 1534 282 1576; x_wconf 73' lang='lat' dir='ltr'>virgine</span> <span class='ocrx_word' id='word_1_143' title='bbox 295 1533 457 1573; x_wconf 71' lang='lat' dir='ltr'>educata,</span> <span class='ocrx_word' id='word_1_144' title='bbox 467 1532 579 1564; x_wconf 83' lang='lat' dir='ltr'>vivam</span> <span class='ocrx_word' id='word_1_145' title='bbox 591 1532 625 1568; x_wconf 79' lang='lat' dir='ltr'>in</span> <span class='ocrx_word' id='word_1_146' title='bbox 640 1534 784 1572; x_wconf 84' lang='lat' dir='ltr'>mortuae</span> <span class='ocrx_word' id='word_1_147' title='bbox 801 1540 854 1563; x_wconf 90' lang='lat' dir='ltr'>ro-</span> 
     </span>
     <span class='ocr_line' id='line_1_29' title="bbox 148 1583 654 1628; baseline -0.006 -10"><span class='ocrx_word' id='word_1_148' title='bbox 148 1594 229 1628; x_wconf 67' lang='lat' dir='ltr'>gum</span> <span class='ocrx_word' id='word_1_149' title='bbox 245 1594 283 1617; x_wconf 83' lang='lat' dir='ltr'>se</span> <span class='ocrx_word' id='word_1_150' title='bbox 297 1584 458 1626; x_wconf 83' lang='lat' dir='ltr'>conjecit.</span> <span class='ocrx_word' id='word_1_151' title='bbox 478 1583 654 1615; x_wconf 72' lang='lat' dir='ltr'>Domitius.</span> 
     </span>
    </p>
   </div>
   <div class='ocr_carea' id='block_1_5' title="bbox 191 1633 855 1676">
    <p class='ocr_par' dir='ltr' id='par_1_6' title="bbox 191 1633 855 1676">
     <span class='ocr_line' id='line_1_30' title="bbox 191 1633 855 1676; baseline -0.006 -7"><span class='ocrx_word' id='word_1_152' title='bbox 191 1638 236 1669; x_wconf 80' lang='lat'>88</span> <span class='ocrx_word' id='word_1_153' title='bbox 269 1634 476 1676; x_wconf 63' lang='lat' dir='ltr'>Lunamque</span> <span class='ocrx_word' id='word_1_154' title='bbox 501 1633 627 1674; x_wconf 77' lang='lat' dir='ltr'>manus]</span> <span class='ocrx_word' id='word_1_155' title='bbox 673 1634 855 1675; x_wconf 86' lang='lat' dir='ltr'>Reponen-</span> 
     </span>
    </p>
   </div>
   <div class='ocr_carea' id='block_1_6' title="bbox 77 1684 856 1725">
    <p class='ocr_par' dir='ltr' id='par_1_7' title="bbox 77 1684 856 1725">
     <span class='ocr_line' id='line_1_31' title="bbox 77 1684 856 1725; baseline -0.006 -5"><span class='ocrx_word' id='word_1_156' title='bbox 77 1694 81 1695; x_wconf 52' lang='lat'><em>⁷</em></span> <span class='ocrx_word' id='word_1_157' title='bbox 147 1686 231 1720; x_wconf 79' lang='lat' dir='ltr'>dum</span> <span class='ocrx_word' id='word_1_158' title='bbox 257 1684 545 1719; x_wconf 75' lang='lat' dir='ltr'>existimaverim:</span> <span class='ocrx_word' id='word_1_159' title='bbox 577 1684 764 1725; x_wconf 75' lang='lat' dir='ltr'>las-santique</span> <span class='ocrx_word' id='word_1_160' title='bbox 789 1693 856 1715; x_wconf 85' lang='lat' dir='ltr'>ma-</span> 
     </span>
    </p>
   </div>
   <div class='ocr_carea' id='block_1_7' title="bbox 147 1733 861 2845">
    <p class='ocr_par' dir='ltr' id='par_1_8' title="bbox 147 1733 856 1931">
     <span class='ocr_line' id='line_1_32' title="bbox 147 1733 855 1778; baseline -0.006 -8"><span class='ocrx_word' id='word_1_161' title='bbox 147 1747 230 1776; x_wconf 66' lang='lat' dir='ltr'>nue}</span> <span class='ocrx_word' id='word_1_162' title='bbox 252 1742 349 1770; x_wconf 85' lang='lat' dir='ltr'>certe</span> <span class='ocrx_word' id='word_1_163' title='bbox 364 1735 570 1778; x_wconf 75' lang='lat' dir='ltr'>elegantius,</span> <span class='ocrx_word' id='word_1_164' title='bbox 584 1745 686 1777; x_wconf 76' lang='lat' dir='ltr'>quam</span> <span class='ocrx_word' id='word_1_165' title='bbox 702 1735 749 1776; x_wconf 91' lang='lat' dir='ltr'>id,</span> <span class='ocrx_word' id='word_1_166' title='bbox 764 1733 855 1777; x_wconf 89' lang='lat' dir='ltr'>quod</span> 
     </span>
     <span class='ocr_line' id='line_1_33' title="bbox 149 1786 855 1831; baseline -0.004 -10"><span class='ocrx_word' id='word_1_167' title='bbox 149 1789 255 1831; x_wconf 78' lang='lat' dir='ltr'>vulgo</span> <span class='ocrx_word' id='word_1_168' title='bbox 269 1788 410 1830; x_wconf 81' lang='lat' dir='ltr'>legitur,</span> <span class='ocrx_word' id='word_1_169' title='bbox 420 1787 508 1819; x_wconf 83' lang='lat' dir='ltr'>adeo</span> <span class='ocrx_word' id='word_1_170' title='bbox 521 1790 559 1818; x_wconf 90' lang='lat' dir='ltr'>ut</span> <span class='ocrx_word' id='word_1_171' title='bbox 571 1786 622 1817; x_wconf 86' lang='lat' dir='ltr'>sic</span> <span class='ocrx_word' id='word_1_172' title='bbox 633 1789 693 1817; x_wconf 80' lang='lat' dir='ltr'>aut</span> <span class='ocrx_word' id='word_1_173' title='bbox 708 1786 855 1827; x_wconf 82' lang='lat' dir='ltr'>scripse-</span> 
     </span>
     <span class='ocr_line' id='line_1_34' title="bbox 150 1835 856 1879; baseline -0.007 -7"><span class='ocrx_word' id='word_1_174' title='bbox 150 1839 212 1879; x_wconf 82' lang='lat' dir='ltr'>rit,</span> <span class='ocrx_word' id='word_1_175' title='bbox 241 1844 302 1871; x_wconf 72' lang='lat' dir='ltr'>sut</span> <span class='ocrx_word' id='word_1_176' title='bbox 336 1837 490 1870; x_wconf 83' lang='lat' dir='ltr'>scribere</span> <span class='ocrx_word' id='word_1_177' title='bbox 526 1835 687 1868; x_wconf 84' lang='lat' dir='ltr'>debuerit</span> <span class='ocrx_word' id='word_1_178' title='bbox 715 1835 856 1868; x_wconf 79' lang='lat' dir='ltr'>Statius.</span> 
     </span>
     <span class='ocr_line' id='line_1_35' title="bbox 149 1887 547 1931; baseline -0.01 -8"><span class='ocrx_word' id='word_1_179' title='bbox 149 1889 260 1923; x_wconf 59' lang='lat' dir='ltr'>Both.</span> <span class='ocrx_word' id='word_1_180' title='bbox 274 1890 339 1931; x_wconf 81' lang='lat' dir='ltr'>Ep.</span> <span class='ocrx_word' id='word_1_181' title='bbox 353 1890 398 1921; x_wconf 73' lang='lat' dir='ltr'>ad</span> <span class='ocrx_word' id='word_1_182' title='bbox 415 1888 467 1920; x_wconf 88' lang='lat' dir='ltr'>Cl.</span> <span class='ocrx_word' id='word_1_183' title='bbox 485 1887 547 1920; x_wconf 88' lang='lat' dir='ltr'>Gr.</span> 
     </span>
    </p>

    <p class='ocr_par' dir='ltr' id='par_1_9' title="bbox 147 1937 856 2178">
     <span class='ocr_line' id='line_1_36' title="bbox 154 1937 855 1979; baseline -0.007 -4"><span class='ocrx_word' id='word_1_184' title='bbox 154 1952 159 1954; x_wconf 66' lang='grc'>’</span> <span class='ocrx_word' id='word_1_185' title='bbox 190 1944 237 1975; x_wconf 69' lang='grc'>98</span> <span class='ocrx_word' id='word_1_186' title='bbox 258 1941 398 1974; x_wconf 78' lang='lat' dir='ltr'>Labores</span> <span class='ocrx_word' id='word_1_187' title='bbox 418 1937 599 1979; x_wconf 75' lang='lat' dir='ltr'>arruij&#39;eros]</span> <span class='ocrx_word' id='word_1_188' title='bbox 631 1937 732 1970; x_wconf 84' lang='lat' dir='ltr'>Bella</span> <span class='ocrx_word' id='word_1_189' title='bbox 750 1942 787 1971; x_wconf 89' lang='lat' dir='ltr'>et</span> <span class='ocrx_word' id='word_1_190' title='bbox 802 1947 855 1970; x_wconf 81' lang='lat' dir='ltr'>ar-</span> 
     </span>
     <span class='ocr_line' id='line_1_37' title="bbox 147 1989 856 2034; baseline -0.006 -9"><span class='ocrx_word' id='word_1_191' title='bbox 147 2000 208 2025; x_wconf 68' lang='lat' dir='ltr'>ma</span> <span class='ocrx_word' id='word_1_192' title='bbox 228 1995 378 2034; x_wconf 75' lang='lat' dir='ltr'>poterat,</span> <span class='ocrx_word' id='word_1_193' title='bbox 401 1990 527 2032; x_wconf 83' lang='lat' dir='ltr'>inquit,</span> <span class='ocrx_word' id='word_1_194' title='bbox 539 1989 680 2022; x_wconf 87' lang='lat' dir='ltr'>heroico</span> <span class='ocrx_word' id='word_1_195' title='bbox 704 1990 856 2022; x_wconf 75' lang='lat' dir='ltr'>carmine</span> 
     </span>
     <span class='ocr_line' id='line_1_38' title="bbox 149 2039 855 2083; baseline -0.007 -7"><span class='ocrx_word' id='word_1_196' title='bbox 149 2043 283 2076; x_wconf 77' lang='lat' dir='ltr'>omissis</span> <span class='ocrx_word' id='word_1_197' title='bbox 297 2042 472 2074; x_wconf 71' lang='lat' dir='ltr'>umoribus</span> <span class='ocrx_word' id='word_1_198' title='bbox 488 2046 588 2083; x_wconf 82' lang='lat' dir='ltr'>gesta</span> <span class='ocrx_word' id='word_1_199' title='bbox 603 2039 765 2072; x_wconf 80' lang='lat' dir='ltr'>scribere.</span> <span class='ocrx_word' id='word_1_200' title='bbox 785 2040 855 2072; x_wconf 88' lang='lat' dir='ltr'>Sed</span> 
     </span>
     <span class='ocr_line' id='line_1_39' title="bbox 149 2091 855 2134; baseline -0.006 -8"><span class='ocrx_word' id='word_1_201' title='bbox 149 2097 267 2126; x_wconf 69' lang='lat' dir='ltr'>tomen</span> <span class='ocrx_word' id='word_1_202' title='bbox 291 2092 409 2126; x_wconf 76' lang='lat' dir='ltr'>maluit</span> <span class='ocrx_word' id='word_1_203' title='bbox 431 2092 467 2124; x_wconf 88' lang='lat' dir='ltr'>in</span> <span class='ocrx_word' id='word_1_204' title='bbox 489 2091 599 2133; x_wconf 80' lang='lat' dir='ltr'>elegia</span> <span class='ocrx_word' id='word_1_205' title='bbox 622 2091 753 2123; x_wconf 85' lang='lat' dir='ltr'>versari</span> <span class='ocrx_word' id='word_1_206' title='bbox 777 2101 855 2134; x_wconf 80' lang='lat' dir='ltr'>quae</span> 
     </span>
     <span class='ocr_line' id='line_1_40' title="bbox 151 2143 491 2178; baseline -0.009 0"><span class='ocrx_word' id='word_1_207' title='bbox 151 2150 213 2178; x_wconf 70' lang='lat' dir='ltr'>tun</span> <span class='ocrx_word' id='word_1_208' title='bbox 226 2148 294 2177; x_wconf 79' lang='lat' dir='ltr'>est.</span> <span class='ocrx_word' id='word_1_209' title='bbox 314 2143 491 2177; x_wconf 72' lang='lat' dir='ltr'>Domitius.</span> 
     </span>
    </p>

    <p class='ocr_par' dir='ltr' id='par_1_10' title="bbox 148 2192 861 2845">
     <span class='ocr_line' id='line_1_41' title="bbox 193 2192 856 2242; baseline -0.008 -13"><span class='ocrx_word' id='word_1_210' title='bbox 193 2198 238 2230; x_wconf 66' lang='grc' dir='ltr'>ω</span> <span class='ocrx_word' id='word_1_211' title='bbox 259 2195 435 2229; x_wconf 72' lang='lat' dir='ltr'>subtexere</span> <span class='ocrx_word' id='word_1_212' title='bbox 457 2195 582 2227; x_wconf 74' lang='lat' dir='ltr'>laurum</span> <span class='ocrx_word' id='word_1_213' title='bbox 604 2192 724 2242; x_wconf 62' lang='lat' dir='ltr'>myrto]</span> <span class='ocrx_word' id='word_1_214' title='bbox 747 2192 856 2225; x_wconf 82' lang='lat' dir='ltr'>Ante-</span> 
     </span>
     <span class='ocr_line' id='line_1_42' title="bbox 148 2244 856 2290; baseline -0.007 -10"><span class='ocrx_word' id='word_1_215' title='bbox 148 2247 279 2290; x_wconf 78' lang='lat' dir='ltr'>posuit,</span> <span class='ocrx_word' id='word_1_216' title='bbox 301 2246 426 2289; x_wconf 82' lang='lat' dir='ltr'>inquit,</span> <span class='ocrx_word' id='word_1_217' title='bbox 447 2249 596 2287; x_wconf 87' lang='lat' dir='ltr'>myrtum</span> <span class='ocrx_word' id='word_1_218' title='bbox 611 2249 648 2276; x_wconf 92' lang='lat' dir='ltr'>et</span> <span class='ocrx_word' id='word_1_219' title='bbox 662 2244 856 2285; x_wconf 81' lang='lat' dir='ltr'>elegiacum</span> 
     </span>
     <span class='ocr_line' id='line_1_43' title="bbox 149 2296 859 2339; baseline -0.004 -8"><span class='ocrx_word' id='word_1_220' title='bbox 149 2305 302 2339; x_wconf 70' lang='lat' dir='ltr'>enrmen,</span> <span class='ocrx_word' id='word_1_221' title='bbox 326 2296 418 2339; x_wconf 83' lang='lat' dir='ltr'>quod</span> <span class='ocrx_word' id='word_1_222' title='bbox 441 2297 588 2328; x_wconf 86' lang='lat' dir='ltr'>Veneris</span> <span class='ocrx_word' id='word_1_223' title='bbox 611 2299 676 2335; x_wconf 86' lang='lat' dir='ltr'>est,</span> <span class='ocrx_word' id='word_1_224' title='bbox 701 2296 795 2327; x_wconf 83' lang='lat' dir='ltr'>lauro</span> <span class='ocrx_word' id='word_1_225' title='bbox 821 2298 859 2328; x_wconf 89' lang='lat' dir='ltr'>et</span> 
     </span>
     <span class='ocr_line' id='line_1_44' title="bbox 149 2345 858 2390; baseline -0.003 -9"><span class='ocrx_word' id='word_1_226' title='bbox 149 2348 298 2390; x_wconf 56' lang='lat' dir='ltr'>ffuvios-i</span> <span class='ocrx_word' id='word_1_227' title='bbox 311 2347 393 2380; x_wconf 86' lang='lat' dir='ltr'>stilo</span> <span class='ocrx_word' id='word_1_228' title='bbox 407 2357 417 2387; x_wconf 87' lang='grc'>;</span> <span class='ocrx_word' id='word_1_229' title='bbox 438 2355 516 2379; x_wconf 85' lang='lat' dir='ltr'>nam</span> <span class='ocrx_word' id='word_1_230' title='bbox 530 2349 662 2388; x_wconf 82' lang='lat' dir='ltr'>myrtus</span> <span class='ocrx_word' id='word_1_231' title='bbox 672 2350 725 2378; x_wconf 84' lang='lat' dir='ltr'>est</span> <span class='ocrx_word' id='word_1_232' title='bbox 740 2345 858 2379; x_wconf 80' lang='lat' dir='ltr'>dicata</span> 
     </span>
     <span class='ocr_line' id='line_1_45' title="bbox 149 2397 857 2437; baseline -0.003 -6"><span class='ocrx_word' id='word_1_233' title='bbox 149 2398 299 2432; x_wconf 77' lang='lat' dir='ltr'>Veneri:</span> <span class='ocrx_word' id='word_1_234' title='bbox 333 2397 464 2430; x_wconf 88' lang='lat' dir='ltr'>idcirco</span> <span class='ocrx_word' id='word_1_235' title='bbox 487 2397 602 2429; x_wconf 75' lang='lat' dir='ltr'>electa</span> <span class='ocrx_word' id='word_1_236' title='bbox 624 2400 679 2428; x_wconf 84' lang='lat' dir='ltr'>est</span> <span class='ocrx_word' id='word_1_237' title='bbox 703 2406 767 2437; x_wconf 90' lang='lat' dir='ltr'>pro</span> <span class='ocrx_word' id='word_1_238' title='bbox 781 2406 857 2429; x_wconf 86' lang='lat' dir='ltr'>ver-</span> 
     </span>
     <span class='ocr_line' id='line_1_46' title="bbox 150 2446 858 2490; baseline -0.003 -9"><span class='ocrx_word' id='word_1_239' title='bbox 150 2447 243 2482; x_wconf 66' lang='lat' dir='ltr'>bena</span> <span class='ocrx_word' id='word_1_240' title='bbox 265 2449 300 2481; x_wconf 88' lang='lat' dir='ltr'>in</span> <span class='ocrx_word' id='word_1_241' title='bbox 324 2447 568 2490; x_wconf 81' lang='lat' dir='ltr'>conjunctione</span> <span class='ocrx_word' id='word_1_242' title='bbox 587 2446 794 2479; x_wconf 77' lang='lat' dir='ltr'>Sabinorum</span> <span class='ocrx_word' id='word_1_243' title='bbox 820 2451 858 2479; x_wconf 93' lang='lat' dir='ltr'>et</span> 
     </span>
     <span class='ocr_line' id='line_1_47' title="bbox 150 2497 859 2541; baseline -0.004 -8"><span class='ocrx_word' id='word_1_244' title='bbox 150 2499 398 2540; x_wconf 76' lang='lat' dir='ltr'>Romanorum,</span> <span class='ocrx_word' id='word_1_245' title='bbox 411 2498 590 2541; x_wconf 82' lang='lat' dir='ltr'>quoniam,</span> <span class='ocrx_word' id='word_1_246' title='bbox 602 2502 641 2530; x_wconf 92' lang='lat' dir='ltr'>ut</span> <span class='ocrx_word' id='word_1_247' title='bbox 655 2497 777 2530; x_wconf 83' lang='lat' dir='ltr'>scribit</span> <span class='ocrx_word' id='word_1_248' title='bbox 786 2498 859 2531; x_wconf 87' lang='lat' dir='ltr'>Pli-</span> 
     </span>
     <span class='ocr_line' id='line_1_48' title="bbox 149 2548 858 2591; baseline -0.006 -7"><span class='ocrx_word' id='word_1_249' title='bbox 149 2550 241 2591; x_wconf 81' lang='lat' dir='ltr'>nius,</span> <span class='ocrx_word' id='word_1_250' title='bbox 254 2549 489 2591; x_wconf 83' lang='lat' dir='ltr'>conjunctioni</span> <span class='ocrx_word' id='word_1_251' title='bbox 501 2553 540 2581; x_wconf 92' lang='lat' dir='ltr'>et</span> <span class='ocrx_word' id='word_1_252' title='bbox 550 2548 629 2581; x_wconf 86' lang='lat' dir='ltr'>huic</span> <span class='ocrx_word' id='word_1_253' title='bbox 640 2548 755 2580; x_wconf 81' lang='lat' dir='ltr'>arbori</span> <span class='ocrx_word' id='word_1_254' title='bbox 771 2558 858 2590; x_wconf 84' lang='lat' dir='ltr'>prae-</span> 
     </span>
     <span class='ocr_line' id='line_1_49' title="bbox 150 2598 858 2634; baseline -0.003 0"><span class='ocrx_word' id='word_1_255' title='bbox 150 2605 210 2634; x_wconf 66' lang='grc' dir='ltr'>αι’</span> <span class='ocrx_word' id='word_1_256' title='bbox 230 2601 359 2633; x_wconf 81' lang='lat' dir='ltr'>Venus.</span> <span class='ocrx_word' id='word_1_257' title='bbox 405 2599 498 2634; x_wconf 81' lang='lat' dir='ltr'>Quin</span> <span class='ocrx_word' id='word_1_258' title='bbox 522 2603 560 2632; x_wconf 86' lang='lat' dir='ltr'>et</span> <span class='ocrx_word' id='word_1_259' title='bbox 583 2608 643 2631; x_wconf 81' lang='lat' dir='ltr'>ara</span> <span class='ocrx_word' id='word_1_260' title='bbox 667 2603 767 2631; x_wconf 86' lang='lat' dir='ltr'>vetus</span> <span class='ocrx_word' id='word_1_261' title='bbox 792 2598 858 2632; x_wconf 83' lang='lat' dir='ltr'>fuit</span> 
     </span>
     <span class='ocr_line' id='line_1_50' title="bbox 149 2649 858 2693; baseline -0.004 -9"><span class='ocrx_word' id='word_1_262' title='bbox 149 2651 281 2684; x_wconf 74' lang='lat' dir='ltr'>Veneri</span> <span class='ocrx_word' id='word_1_263' title='bbox 303 2651 479 2693; x_wconf 76' lang='lat' dir='ltr'>Myrteoe3</span> <span class='ocrx_word' id='word_1_264' title='bbox 502 2659 603 2692; x_wconf 79' lang='lat' dir='ltr'>quam</span> <span class='ocrx_word' id='word_1_265' title='bbox 623 2654 746 2691; x_wconf 82' lang='lat' dir='ltr'>postea</span> <span class='ocrx_word' id='word_1_266' title='bbox 761 2649 858 2682; x_wconf 88' lang='lat' dir='ltr'>Mur-</span> 
     </span>
     <span class='ocr_line' id='line_1_51' title="bbox 149 2699 858 2741; baseline -0.003 -6"><span class='ocrx_word' id='word_1_267' title='bbox 149 2701 234 2735; x_wconf 72' lang='lat' dir='ltr'>titm</span> <span class='ocrx_word' id='word_1_268' title='bbox 263 2701 437 2734; x_wconf 85' lang='lat' dir='ltr'>dixerunt.</span> <span class='ocrx_word' id='word_1_269' title='bbox 482 2700 613 2741; x_wconf 86' lang='lat' dir='ltr'>Livius,</span> <span class='ocrx_word' id='word_1_270' title='bbox 645 2699 689 2732; x_wconf 79' lang='lat' dir='ltr'>ad</span> <span class='ocrx_word' id='word_1_271' title='bbox 719 2700 858 2733; x_wconf 84' lang='lat' dir='ltr'>Murtiae</span> 
     </span>
     <span class='ocr_line' id='line_1_52' title="bbox 150 2749 859 2785; baseline -0.003 0"><span class='ocrx_word' id='word_1_272' title='bbox 150 2751 241 2785; x_wconf 70' lang='lat' dir='ltr'>1&gt;oe</span> <span class='ocrx_word' id='word_1_273' title='bbox 257 2751 370 2784; x_wconf 88' lang='lat' dir='ltr'>sedes.</span> <span class='ocrx_word' id='word_1_274' title='bbox 406 2750 616 2784; x_wconf 75' lang='lat' dir='ltr'>Plutarchus</span> <span class='ocrx_word' id='word_1_275' title='bbox 634 2749 670 2782; x_wconf 88' lang='lat' dir='ltr'>in</span> <span class='ocrx_word' id='word_1_276' title='bbox 686 2749 859 2784; x_wconf 74' lang='lat' dir='ltr'>Quaestio-</span> 
     </span>
     <span class='ocr_line' id='line_1_53' title="bbox 151 2799 861 2845; baseline -0.004 -8"><span class='ocrx_word' id='word_1_277' title='bbox 151 2803 252 2837; x_wconf 83' lang='lat' dir='ltr'>nibus</span> <span class='ocrx_word' id='word_1_278' title='bbox 263 2803 362 2837; x_wconf 85' lang='lat' dir='ltr'>Rom.</span> <span class='ocrx_word' id='word_1_279' title='bbox 373 2811 455 2836; x_wconf 71' lang='lat' dir='ltr'>xix.</span> <span class='ocrx_word' id='word_1_280' title='bbox 477 2799 606 2844; x_wconf 71' lang='grc' dir='ltr'>Καὶγὰρ</span> <span class='ocrx_word' id='word_1_281' title='bbox 616 2799 656 2840; x_wconf 68' lang='grc' dir='ltr'>ἣν</span> <span class='ocrx_word' id='word_1_282' title='bbox 666 2802 720 2835; x_wconf 70' lang='grc' dir='ltr'>νῦν</span> <span class='ocrx_word' id='word_1_283' title='bbox 728 2801 861 2845; x_wconf 68' lang='grc' dir='ltr'><strong><em>Μουρή-</em></strong></span> 
     </span>
    </p>
   </div>
   <div class='ocr_carea' id='block_1_8' title="bbox 1110 207 1616 251">
    <p class='ocr_par' dir='ltr' id='par_1_11' title="bbox 1110 207 1616 251">
     <span class='ocr_line' id='line_1_54' title="bbox 1110 207 1616 251; baseline 0 0"><span class='ocrx_word' id='word_1_284' title='bbox 1110 219 1208 251; x_wconf 71' lang='lat' dir='ltr'>us.</span> <span class='ocrx_word' id='word_1_285' title='bbox 1229 217 1262 249; x_wconf 85' lang='grc' dir='ltr'><strong>ι.</strong></span> <span class='ocrx_word' id='word_1_286' title='bbox 1290 207 1332 250; x_wconf 83' lang='lat'>2.</span> <span class='ocrx_word' id='word_1_287' title='bbox 1500 207 1616 251; x_wconf 77' lang='lat'>1639</span> 
     </span>
    </p>
   </div>
   <div class='ocr_carea' id='block_1_9' title="bbox 898 318 1621 2845">
    <p class='ocr_par' dir='ltr' id='par_1_12' title="bbox 904 318 1618 415">
     <span class='ocr_line' id='line_1_55' title="bbox 905 318 1618 367; baseline -0.008 -10"><span class='ocrx_word' id='word_1_288' title='bbox 905 337 945 357; x_wconf 81' lang='grc' dir='ltr'>αν</span> <span class='ocrx_word' id='word_1_289' title='bbox 966 322 1151 367; x_wconf 77' lang='grc' dir='ltr'>Ἀφροδίτην</span> <span class='ocrx_word' id='word_1_290' title='bbox 1172 321 1316 360; x_wconf 78' lang='grc' dir='ltr'><strong>καλοῦσι,</strong></span> <span class='ocrx_word' id='word_1_291' title='bbox 1339 318 1478 364; x_wconf 60' lang='grc' dir='ltr'>Μυρτίαν</span> <span class='ocrx_word' id='word_1_292' title='bbox 1497 319 1542 352; x_wconf 57' lang='grc' dir='ltr'>τὸ</span> <span class='ocrx_word' id='word_1_293' title='bbox 1556 331 1618 351; x_wconf 74' lang='grc' dir='ltr'><strong>ποι·</strong></span> 
     </span>
     <span class='ocr_line' id='line_1_56' title="bbox 904 370 1572 415; baseline -0.009 -7"><span class='ocrx_word' id='word_1_294' title='bbox 904 375 1006 415; x_wconf 73' lang='grc' dir='ltr'><strong>λαιὸν,</strong></span> <span class='ocrx_word' id='word_1_295' title='bbox 1022 375 1063 407; x_wconf 79' lang='grc' dir='ltr'>ὡς</span> <span class='ocrx_word' id='word_1_296' title='bbox 1078 373 1187 411; x_wconf 76' lang='grc' dir='ltr'><strong>ἔοικεν,</strong></span> <span class='ocrx_word' id='word_1_297' title='bbox 1201 370 1373 414; x_wconf 68' lang='grc' dir='ltr'><strong><em>ὀνόμαζον.</em></strong></span> <span class='ocrx_word' id='word_1_298' title='bbox 1397 370 1572 404; x_wconf 75' lang='lat' dir='ltr'>Domitius.</span> 
     </span>
    </p>

    <p class='ocr_par' dir='ltr' id='par_1_13' title="bbox 903 421 1617 568">
     <span class='ocr_line' id='line_1_57' title="bbox 949 421 1617 464; baseline -0.009 -6"><span class='ocrx_word' id='word_1_299' title='bbox 949 429 1012 459; x_wconf 85' lang='lat'>100</span> <span class='ocrx_word' id='word_1_300' title='bbox 1033 427 1190 457; x_wconf 75' lang='lat' dir='ltr'>Juvenum</span> <span class='ocrx_word' id='word_1_301' title='bbox 1210 421 1329 464; x_wconf 76' lang='lat' dir='ltr'>lapsus]</span> <span class='ocrx_word' id='word_1_302' title='bbox 1362 421 1410 454; x_wconf 85' lang='lat' dir='ltr'>Hi</span> <span class='ocrx_word' id='word_1_303' title='bbox 1436 424 1516 453; x_wconf 88' lang='lat' dir='ltr'>sunt</span> <span class='ocrx_word' id='word_1_304' title='bbox 1540 421 1617 462; x_wconf 79' lang='lat' dir='ltr'>vagi</span> 
     </span>
     <span class='ocr_line' id='line_1_58' title="bbox 903 473 1616 520; baseline -0.007 -10"><span class='ocrx_word' id='word_1_305' title='bbox 903 477 1078 520; x_wconf 81' lang='lat' dir='ltr'>primaevae</span> <span class='ocrx_word' id='word_1_306' title='bbox 1103 475 1218 508; x_wconf 76' lang='lat' dir='ltr'>aetstis</span> <span class='ocrx_word' id='word_1_307' title='bbox 1246 483 1393 510; x_wconf 75' lang='lat' dir='ltr'>amores,</span> <span class='ocrx_word' id='word_1_308' title='bbox 1415 473 1616 515; x_wconf 77' lang='lat' dir='ltr'>priusquam</span> 
     </span>
     <span class='ocr_line' id='line_1_59' title="bbox 904 523 1593 568; baseline -0.009 -7"><span class='ocrx_word' id='word_1_309' title='bbox 904 527 1097 567; x_wconf 77' lang='lat' dir='ltr'>connubiali</span> <span class='ocrx_word' id='word_1_310' title='bbox 1107 526 1192 568; x_wconf 78' lang='lat' dir='ltr'>jugo</span> <span class='ocrx_word' id='word_1_311' title='bbox 1207 524 1451 557; x_wconf 84' lang='lat' dir='ltr'>succederent.</span> <span class='ocrx_word' id='word_1_312' title='bbox 1473 523 1593 556; x_wconf 79' lang='lat' dir='ltr'>Barth.</span> 
     </span>
    </p>

    <p class='ocr_par' dir='ltr' id='par_1_14' title="bbox 903 573 1619 920">
     <span class='ocr_line' id='line_1_60' title="bbox 947 573 1616 617; baseline -0.007 -7"><span class='ocrx_word' id='word_1_313' title='bbox 947 581 1012 610; x_wconf 83' lang='lat'>102</span> <span class='ocrx_word' id='word_1_314' title='bbox 1038 576 1212 617; x_wconf 77' lang='lat' dir='ltr'>Columboe]</span> <span class='ocrx_word' id='word_1_315' title='bbox 1231 575 1359 607; x_wconf 87' lang='lat' dir='ltr'>Notum</span> <span class='ocrx_word' id='word_1_316' title='bbox 1377 574 1481 607; x_wconf 82' lang='lat' dir='ltr'>etism</span> <span class='ocrx_word' id='word_1_317' title='bbox 1497 573 1616 616; x_wconf 83' lang='lat' dir='ltr'>pueris</span> 
     </span>
     <span class='ocr_line' id='line_1_61' title="bbox 904 624 1615 662; baseline -0.009 0"><span class='ocrx_word' id='word_1_318' title='bbox 904 629 1095 662; x_wconf 84' lang='lat' dir='ltr'>columbam</span> <span class='ocrx_word' id='word_1_319' title='bbox 1111 637 1244 660; x_wconf 78' lang='lat' dir='ltr'>sacram</span> <span class='ocrx_word' id='word_1_320' title='bbox 1261 626 1392 658; x_wconf 88' lang='lat' dir='ltr'>Veneri</span> <span class='ocrx_word' id='word_1_321' title='bbox 1418 625 1536 658; x_wconf 80' lang='lat' dir='ltr'>alitem</span> <span class='ocrx_word' id='word_1_322' title='bbox 1561 624 1615 657; x_wconf 87' lang='lat' dir='ltr'>fu-</span> 
     </span>
     <span class='ocr_line' id='line_1_62' title="bbox 904 675 1615 720; baseline -0.008 -7"><span class='ocrx_word' id='word_1_323' title='bbox 904 680 983 713; x_wconf 73' lang='lat' dir='ltr'>isse.</span> <span class='ocrx_word' id='word_1_324' title='bbox 1029 679 1126 720; x_wconf 83' lang='lat' dir='ltr'>Vise,</span> <span class='ocrx_word' id='word_1_325' title='bbox 1148 682 1280 720; x_wconf 74' lang='lat' dir='ltr'>praeter</span> <span class='ocrx_word' id='word_1_326' title='bbox 1305 677 1402 718; x_wconf 80' lang='lat' dir='ltr'>ahos,</span> <span class='ocrx_word' id='word_1_327' title='bbox 1415 676 1496 710; x_wconf 86' lang='lat' dir='ltr'>Joh.</span> <span class='ocrx_word' id='word_1_328' title='bbox 1513 675 1615 708; x_wconf 83' lang='lat' dir='ltr'>Levi-</span> 
     </span>
     <span class='ocr_line' id='line_1_63' title="bbox 903 727 1615 769; baseline -0.004 -6"><span class='ocrx_word' id='word_1_329' title='bbox 903 731 972 763; x_wconf 85' lang='lat' dir='ltr'>neii</span> <span class='ocrx_word' id='word_1_330' title='bbox 1002 733 1187 762; x_wconf 86' lang='lat' dir='ltr'>comment.</span> <span class='ocrx_word' id='word_1_331' title='bbox 1211 727 1254 759; x_wconf 83' lang='lat' dir='ltr'>ad</span> <span class='ocrx_word' id='word_1_332' title='bbox 1281 727 1447 769; x_wconf 82' lang='lat' dir='ltr'>Propert.</span> <span class='ocrx_word' id='word_1_333' title='bbox 1469 727 1530 759; x_wconf 89' lang='lat' dir='ltr'>lib.</span> <span class='ocrx_word' id='word_1_334' title='bbox 1556 735 1615 760; x_wconf 88' lang='grc' dir='ltr'><strong>ιιι.</strong></span> 
     </span>
     <span class='ocr_line' id='line_1_64' title="bbox 905 777 1619 823; baseline -0.006 -10"><span class='ocrx_word' id='word_1_335' title='bbox 905 782 1003 823; x_wconf 84' lang='lat' dir='ltr'>Eleg.</span> <span class='ocrx_word' id='word_1_336' title='bbox 1016 783 1047 813; x_wconf 75' lang='lat'>3.</span> <span class='ocrx_word' id='word_1_337' title='bbox 1060 780 1114 812; x_wconf 89' lang='lat' dir='ltr'>De</span> <span class='ocrx_word' id='word_1_338' title='bbox 1130 784 1139 799; x_wconf 79' lang='lat'><em>¹</em></span> <span class='ocrx_word' id='word_1_339' title='bbox 1150 778 1311 812; x_wconf 78' lang='lat' dir='ltr'>columba</span> <span class='ocrx_word' id='word_1_340' title='bbox 1325 777 1443 810; x_wconf 81' lang='lat' dir='ltr'>stellae</span> <span class='ocrx_word' id='word_1_341' title='bbox 1454 777 1465 793; x_wconf 90' lang='lat'><em>&#39;</em></span> <span class='ocrx_word' id='word_1_342' title='bbox 1480 777 1619 810; x_wconf 80' lang='lat' dir='ltr'>Claudi-</span> 
     </span>
     <span class='ocr_line' id='line_1_65' title="bbox 905 828 1615 869; baseline -0.004 -7"><span class='ocrx_word' id='word_1_343' title='bbox 905 840 961 862; x_wconf 91' lang='lat' dir='ltr'>um</span> <span class='ocrx_word' id='word_1_344' title='bbox 981 829 1281 869; x_wconf 66' lang='lat' dir='ltr'>Munmbefflum,</span> <span class='ocrx_word' id='word_1_345' title='bbox 1293 828 1344 860; x_wconf 84' lang='lat' dir='ltr'>nti</span> <span class='ocrx_word' id='word_1_346' title='bbox 1359 828 1529 860; x_wconf 82' lang='lat' dir='ltr'>nominari</span> <span class='ocrx_word' id='word_1_347' title='bbox 1540 828 1615 859; x_wconf 87' lang='lat' dir='ltr'>vuit</span> 
     </span>
     <span class='ocr_line' id='line_1_66' title="bbox 904 878 1590 920; baseline -0.007 -6"><span class='ocrx_word' id='word_1_348' title='bbox 904 881 947 913; x_wconf 82' lang='lat' dir='ltr'>ad</span> <span class='ocrx_word' id='word_1_349' title='bbox 965 881 1138 913; x_wconf 79' lang='lat' dir='ltr'>Martialis</span> <span class='ocrx_word' id='word_1_350' title='bbox 1154 879 1212 911; x_wconf 78' lang='lat' dir='ltr'>lib.</span> <span class='ocrx_word' id='word_1_351' title='bbox 1228 888 1254 911; x_wconf 92' lang='lat'>1.</span> <span class='ocrx_word' id='word_1_352' title='bbox 1269 879 1390 920; x_wconf 84' lang='lat' dir='ltr'>Epigr.</span> <span class='ocrx_word' id='word_1_353' title='bbox 1407 881 1440 910; x_wconf 86' lang='grc'>8.</span> <span class='ocrx_word' id='word_1_354' title='bbox 1471 878 1590 910; x_wconf 75' lang='lat' dir='ltr'>Barth.</span> 
     </span>
    </p>

    <p class='ocr_par' dir='ltr' id='par_1_15' title="bbox 898 929 1615 1114">
     <span class='ocr_line' id='line_1_67' title="bbox 948 929 1614 971; baseline -0.008 -7"><span class='ocrx_word' id='word_1_355' title='bbox 948 935 1010 964; x_wconf 85' lang='lat'>105</span> <span class='ocrx_word' id='word_1_356' title='bbox 1036 932 1112 963; x_wconf 78' lang='lat' dir='ltr'>Non</span> <span class='ocrx_word' id='word_1_357' title='bbox 1127 929 1309 971; x_wconf 80' lang='lat' dir='ltr'>aspernata]</span> <span class='ocrx_word' id='word_1_358' title='bbox 1325 929 1476 961; x_wconf 89' lang='lat' dir='ltr'>Innuens</span> <span class='ocrx_word' id='word_1_359' title='bbox 1492 938 1529 960; x_wconf 90' lang='lat' dir='ltr'>se</span> <span class='ocrx_word' id='word_1_360' title='bbox 1545 937 1614 960; x_wconf 87' lang='lat' dir='ltr'>non</span> 
     </span>
     <span class='ocr_line' id='line_1_68' title="bbox 904 978 1614 1022; baseline -0.007 -7"><span class='ocrx_word' id='word_1_361' title='bbox 904 983 1046 1015; x_wconf 83' lang='lat' dir='ltr'>invitam</span> <span class='ocrx_word' id='word_1_362' title='bbox 1063 981 1234 1012; x_wconf 81' lang='lat' dir='ltr'>audivisse</span> <span class='ocrx_word' id='word_1_363' title='bbox 1251 987 1391 1022; x_wconf 77' lang='lat' dir='ltr'>prece83</span> <span class='ocrx_word' id='word_1_364' title='bbox 1424 988 1491 1021; x_wconf 87' lang='lat' dir='ltr'>qno</span> <span class='ocrx_word' id='word_1_365' title='bbox 1507 978 1614 1011; x_wconf 86' lang='lat' dir='ltr'>verbo</span> 
     </span>
     <span class='ocr_line' id='line_1_69' title="bbox 898 1027 1615 1074; baseline -0.004 -10"><span class='ocrx_word' id='word_1_366' title='bbox 898 1032 973 1074; x_wconf 83' lang='lat' dir='ltr'>jam</span> <span class='ocrx_word' id='word_1_367' title='bbox 1003 1031 1241 1063; x_wconf 82' lang='lat' dir='ltr'>ascensionem</span> <span class='ocrx_word' id='word_1_368' title='bbox 1277 1029 1423 1062; x_wconf 87' lang='lat' dir='ltr'>Veneris</span> <span class='ocrx_word' id='word_1_369' title='bbox 1460 1027 1615 1061; x_wconf 79' lang='lat' dir='ltr'>futuram</span> 
     </span>
     <span class='ocr_line' id='line_1_70' title="bbox 904 1079 1323 1114; baseline -0.007 0"><span class='ocrx_word' id='word_1_370' title='bbox 904 1082 1131 1114; x_wconf 77' lang='lat' dir='ltr'>demonstrat.</span> <span class='ocrx_word' id='word_1_371' title='bbox 1152 1079 1323 1113; x_wconf 74' lang='lat' dir='ltr'>Domitius.</span> 
     </span>
    </p>

    <p class='ocr_par' dir='ltr' id='par_1_16' title="bbox 903 1129 1620 2745">
     <span class='ocr_line' id='line_1_71' title="bbox 948 1129 1615 1172; baseline -0.004 -7"><span class='ocrx_word' id='word_1_372' title='bbox 948 1135 1011 1165; x_wconf 83' lang='lat'>109</span> <span class='ocrx_word' id='word_1_373' title='bbox 1036 1132 1160 1164; x_wconf 79' lang='lat' dir='ltr'>Tellure</span> <span class='ocrx_word' id='word_1_374' title='bbox 1170 1132 1332 1163; x_wconf 81' lang='lat' dir='ltr'>cadentem</span> <span class='ocrx_word' id='word_1_375' title='bbox 1346 1129 1615 1172; x_wconf 74' lang='lat' dir='ltr'>Excepi,sovique</span> 
     </span>
     <span class='ocr_line' id='line_1_72' title="bbox 903 1180 1615 1225; baseline -0.006 -8"><span class='ocrx_word' id='word_1_376' title='bbox 903 1183 990 1225; x_wconf 80' lang='lat' dir='ltr'>sinu]</span> <span class='ocrx_word' id='word_1_377' title='bbox 1016 1185 1070 1216; x_wconf 88' lang='lat' dir='ltr'>De</span> <span class='ocrx_word' id='word_1_378' title='bbox 1085 1183 1154 1215; x_wconf 90' lang='lat' dir='ltr'>ritu</span> <span class='ocrx_word' id='word_1_379' title='bbox 1173 1187 1341 1222; x_wconf 83' lang='lat' dir='ltr'>veterum,</span> <span class='ocrx_word' id='word_1_380' title='bbox 1357 1191 1426 1224; x_wconf 87' lang='lat' dir='ltr'>quo</span> <span class='ocrx_word' id='word_1_381' title='bbox 1451 1180 1615 1222; x_wconf 82' lang='lat' dir='ltr'>infantes,</span> 
     </span>
     <span class='ocr_line' id='line_1_73' title="bbox 906 1231 1615 1273; baseline -0.003 -7"><span class='ocrx_word' id='word_1_382' title='bbox 906 1235 1006 1267; x_wconf 88' lang='lat' dir='ltr'>simul</span> <span class='ocrx_word' id='word_1_383' title='bbox 1025 1243 1065 1266; x_wconf 84' lang='lat' dir='ltr'>ac</span> <span class='ocrx_word' id='word_1_384' title='bbox 1081 1233 1154 1265; x_wconf 79' lang='lat' dir='ltr'>nati</span> <span class='ocrx_word' id='word_1_385' title='bbox 1169 1231 1298 1273; x_wconf 81' lang='lat' dir='ltr'>forent,</span> <span class='ocrx_word' id='word_1_386' title='bbox 1314 1233 1348 1264; x_wconf 89' lang='lat' dir='ltr'>in</span> <span class='ocrx_word' id='word_1_387' title='bbox 1364 1236 1490 1264; x_wconf 79' lang='lat' dir='ltr'>terram</span> <span class='ocrx_word' id='word_1_388' title='bbox 1507 1233 1615 1273; x_wconf 85' lang='lat' dir='ltr'>depo-</span> 
     </span>
     <span class='ocr_line' id='line_1_74' title="bbox 904 1282 1615 1324; baseline -0.004 -8"><span class='ocrx_word' id='word_1_389' title='bbox 904 1285 1088 1324; x_wconf 82' lang='lat' dir='ltr'>nebantur,</span> <span class='ocrx_word' id='word_1_390' title='bbox 1105 1283 1177 1315; x_wconf 88' lang='lat' dir='ltr'>dixi</span> <span class='ocrx_word' id='word_1_391' title='bbox 1203 1282 1278 1314; x_wconf 84' lang='lat' dir='ltr'>fuse</span> <span class='ocrx_word' id='word_1_392' title='bbox 1301 1283 1344 1314; x_wconf 81' lang='lat' dir='ltr'>ad</span> <span class='ocrx_word' id='word_1_393' title='bbox 1367 1282 1478 1316; x_wconf 83' lang='lat' dir='ltr'>Theb.</span> <span class='ocrx_word' id='word_1_394' title='bbox 1500 1293 1527 1316; x_wconf 91' lang='lat'>1.</span> <span class='ocrx_word' id='word_1_395' title='bbox 1545 1282 1615 1314; x_wconf 86' lang='lat' dir='ltr'>for·</span> 
     </span>
     <span class='ocr_line' id='line_1_75' title="bbox 906 1333 1614 1373; baseline -0.003 -6"><span class='ocrx_word' id='word_1_396' title='bbox 906 1340 987 1367; x_wconf 83' lang='lat' dir='ltr'>tean</span> <span class='ocrx_word' id='word_1_397' title='bbox 1004 1344 1070 1367; x_wconf 89' lang='lat' dir='ltr'>non</span> <span class='ocrx_word' id='word_1_398' title='bbox 1084 1334 1219 1366; x_wconf 89' lang='lat' dir='ltr'>nemine</span> <span class='ocrx_word' id='word_1_399' title='bbox 1234 1333 1380 1373; x_wconf 82' lang='lat' dir='ltr'>ridente,</span> <span class='ocrx_word' id='word_1_400' title='bbox 1394 1337 1464 1366; x_wconf 84' lang='lat' dir='ltr'>tam</span> <span class='ocrx_word' id='word_1_401' title='bbox 1477 1333 1614 1366; x_wconf 89' lang='lat' dir='ltr'>curiose</span> 
     </span>
     <span class='ocr_line' id='line_1_76' title="bbox 904 1382 1615 1418; baseline -0.004 0"><span class='ocrx_word' id='word_1_402' title='bbox 904 1386 1038 1418; x_wconf 78' lang='lat' dir='ltr'>minuta</span> <span class='ocrx_word' id='word_1_403' title='bbox 1066 1386 1143 1417; x_wconf 83' lang='lat' dir='ltr'>haec</span> <span class='ocrx_word' id='word_1_404' title='bbox 1175 1383 1260 1416; x_wconf 81' lang='lat' dir='ltr'>talia</span> <span class='ocrx_word' id='word_1_405' title='bbox 1287 1388 1509 1418; x_wconf 75' lang='lat' dir='ltr'>nosnotare.</span> <span class='ocrx_word' id='word_1_406' title='bbox 1564 1382 1615 1416; x_wconf 87' lang='lat' dir='ltr'>At</span> 
     </span>
     <span class='ocr_line' id='line_1_77' title="bbox 905 1433 1614 1477; baseline 0 -10"><span class='ocrx_word' id='word_1_407' title='bbox 905 1445 970 1477; x_wconf 86' lang='lat' dir='ltr'>ego</span> <span class='ocrx_word' id='word_1_408' title='bbox 987 1435 1088 1466; x_wconf 87' lang='lat' dir='ltr'>velim</span> <span class='ocrx_word' id='word_1_409' title='bbox 1105 1435 1230 1476; x_wconf 89' lang='lat' dir='ltr'>sophos</span> <span class='ocrx_word' id='word_1_410' title='bbox 1251 1434 1336 1466; x_wconf 84' lang='lat' dir='ltr'>istos</span> <span class='ocrx_word' id='word_1_411' title='bbox 1352 1433 1502 1475; x_wconf 82' lang='lat' dir='ltr'>discere,</span> <span class='ocrx_word' id='word_1_412' title='bbox 1517 1433 1614 1476; x_wconf 83' lang='lat' dir='ltr'>igno-</span> 
     </span>
     <span class='ocr_line' id='line_1_78' title="bbox 905 1485 1614 1519; baseline 0 -1"><span class='ocrx_word' id='word_1_413' title='bbox 905 1487 1053 1519; x_wconf 76' lang='lat' dir='ltr'>tantiam</span> <span class='ocrx_word' id='word_1_414' title='bbox 1069 1486 1188 1518; x_wconf 87' lang='lat' dir='ltr'>horum</span> <span class='ocrx_word' id='word_1_415' title='bbox 1213 1485 1332 1518; x_wconf 86' lang='lat' dir='ltr'>talium</span> <span class='ocrx_word' id='word_1_416' title='bbox 1348 1485 1473 1517; x_wconf 76' lang='lat' dir='ltr'>rituum</span> <span class='ocrx_word' id='word_1_417' title='bbox 1490 1486 1525 1518; x_wconf 88' lang='lat' dir='ltr'>in</span> <span class='ocrx_word' id='word_1_418' title='bbox 1543 1490 1614 1518; x_wconf 89' lang='lat' dir='ltr'>tur-</span> 
     </span>
     <span class='ocr_line' id='line_1_79' title="bbox 905 1535 1614 1580; baseline -0.001 -11"><span class='ocrx_word' id='word_1_419' title='bbox 905 1538 1062 1580; x_wconf 82' lang='lat' dir='ltr'>pissimos</span> <span class='ocrx_word' id='word_1_420' title='bbox 1079 1545 1211 1569; x_wconf 85' lang='lat' dir='ltr'>errores</span> <span class='ocrx_word' id='word_1_421' title='bbox 1224 1535 1401 1568; x_wconf 86' lang='lat' dir='ltr'>induxisse</span> <span class='ocrx_word' id='word_1_422' title='bbox 1422 1535 1514 1568; x_wconf 84' lang='lat' dir='ltr'>viros</span> <span class='ocrx_word' id='word_1_423' title='bbox 1530 1537 1614 1568; x_wconf 81' lang='lat' dir='ltr'>alias</span> 
     </span>
     <span class='ocr_line' id='line_1_80' title="bbox 904 1586 1614 1629; baseline -0.003 -8"><span class='ocrx_word' id='word_1_424' title='bbox 904 1598 1046 1629; x_wconf 86' lang='lat' dir='ltr'>magnos</span> <span class='ocrx_word' id='word_1_425' title='bbox 1074 1591 1111 1619; x_wconf 90' lang='lat' dir='ltr'>et</span> <span class='ocrx_word' id='word_1_426' title='bbox 1141 1590 1362 1627; x_wconf 71' lang='lat' dir='ltr'>praestantes.</span> <span class='ocrx_word' id='word_1_427' title='bbox 1409 1586 1451 1618; x_wconf 91' lang='lat' dir='ltr'>In</span> <span class='ocrx_word' id='word_1_428' title='bbox 1482 1587 1614 1619; x_wconf 85' lang='lat' dir='ltr'>Codice</span> 
     </span>
     <span class='ocr_line' id='line_1_81' title="bbox 905 1636 1613 1671; baseline -0.001 0"><span class='ocrx_word' id='word_1_429' title='bbox 905 1644 1024 1671; x_wconf 89' lang='lat' dir='ltr'>nostro</span> <span class='ocrx_word' id='word_1_430' title='bbox 1049 1642 1148 1670; x_wconf 84' lang='lat' dir='ltr'>extat</span> <span class='ocrx_word' id='word_1_431' title='bbox 1171 1636 1360 1670; x_wconf 84' lang='lat' dir='ltr'>Justiniani</span> <span class='ocrx_word' id='word_1_432' title='bbox 1383 1637 1455 1669; x_wconf 86' lang='lat' dir='ltr'>Lex</span> <span class='ocrx_word' id='word_1_433' title='bbox 1478 1637 1541 1669; x_wconf 88' lang='lat' dir='ltr'>sub</span> <span class='ocrx_word' id='word_1_434' title='bbox 1558 1637 1613 1670; x_wconf 88' lang='lat' dir='ltr'>tit.</span> 
     </span>
     <span class='ocr_line' id='line_1_82' title="bbox 905 1688 1616 1724; baseline -0.003 -1"><span class='ocrx_word' id='word_1_435' title='bbox 905 1691 948 1723; x_wconf 86' lang='lat' dir='ltr'>de</span> <span class='ocrx_word' id='word_1_436' title='bbox 978 1690 1097 1724; x_wconf 89' lang='lat' dir='ltr'>Liber.</span> <span class='ocrx_word' id='word_1_437' title='bbox 1128 1693 1165 1721; x_wconf 92' lang='lat' dir='ltr'>et</span> <span class='ocrx_word' id='word_1_438' title='bbox 1196 1689 1316 1722; x_wconf 85' lang='lat' dir='ltr'>Posth.</span> <span class='ocrx_word' id='word_1_439' title='bbox 1348 1688 1482 1721; x_wconf 90' lang='lat' dir='ltr'>Hered.</span> <span class='ocrx_word' id='word_1_440' title='bbox 1524 1689 1616 1721; x_wconf 84' lang='lat' dir='ltr'>Inst·</span> 
     </span>
     <span class='ocr_line' id='line_1_83' title="bbox 905 1739 1613 1783; baseline -0.003 -9"><span class='ocrx_word' id='word_1_441' title='bbox 905 1739 1132 1780; x_wconf 85' lang='lat' dir='ltr'>‘Sancimus‚&#39;</span> <span class='ocrx_word' id='word_1_442' title='bbox 1148 1740 1273 1780; x_wconf 88' lang='lat' dir='ltr'>inquit,</span> <span class='ocrx_word' id='word_1_443' title='bbox 1296 1741 1307 1758; x_wconf 84' lang='lat'>‘</span> <span class='ocrx_word' id='word_1_444' title='bbox 1320 1739 1349 1771; x_wconf 89' lang='lat' dir='ltr'>si</span> <span class='ocrx_word' id='word_1_445' title='bbox 1368 1740 1467 1772; x_wconf 87' lang='lat' dir='ltr'>vivus</span> <span class='ocrx_word' id='word_1_446' title='bbox 1481 1739 1613 1783; x_wconf 81' lang='lat' dir='ltr'>(infans</span> 
     </span>
     <span class='ocr_line' id='line_1_84' title="bbox 903 1790 1614 1834; baseline 0 -10"><span class='ocrx_word' id='word_1_447' title='bbox 903 1791 1056 1834; x_wconf 87' lang='lat' dir='ltr'>scilicet)</span> <span class='ocrx_word' id='word_1_448' title='bbox 1072 1790 1230 1833; x_wconf 86' lang='lat' dir='ltr'>perfecte</span> <span class='ocrx_word' id='word_1_449' title='bbox 1242 1794 1342 1824; x_wconf 81' lang='lat' dir='ltr'>natus</span> <span class='ocrx_word' id='word_1_450' title='bbox 1355 1795 1422 1833; x_wconf 84' lang='lat' dir='ltr'>est,</span> <span class='ocrx_word' id='word_1_451' title='bbox 1436 1791 1519 1824; x_wconf 85' lang='lat' dir='ltr'>licet</span> <span class='ocrx_word' id='word_1_452' title='bbox 1534 1792 1614 1824; x_wconf 90' lang='lat' dir='ltr'>ilico</span> 
     </span>
     <span class='ocr_line' id='line_1_85' title="bbox 906 1842 1614 1885; baseline -0.001 -10"><span class='ocrx_word' id='word_1_453' title='bbox 906 1848 1085 1885; x_wconf 86' lang='lat' dir='ltr'>postquam</span> <span class='ocrx_word' id='word_1_454' title='bbox 1117 1842 1152 1874; x_wconf 88' lang='lat' dir='ltr'>in</span> <span class='ocrx_word' id='word_1_455' title='bbox 1177 1846 1304 1874; x_wconf 84' lang='lat' dir='ltr'>terram</span> <span class='ocrx_word' id='word_1_456' title='bbox 1332 1842 1476 1884; x_wconf 85' lang='lat' dir='ltr'>cecidit,</span> <span class='ocrx_word' id='word_1_457' title='bbox 1497 1843 1552 1875; x_wconf 88' lang='lat' dir='ltr'>vel</span> <span class='ocrx_word' id='word_1_458' title='bbox 1579 1843 1614 1875; x_wconf 90' lang='lat' dir='ltr'>in</span> 
     </span>
     <span class='ocr_line' id='line_1_86' title="bbox 904 1891 1615 1927; baseline -0.001 -1"><span class='ocrx_word' id='word_1_459' title='bbox 904 1893 1063 1927; x_wconf 80' lang='lat' dir='ltr'>manibus</span> <span class='ocrx_word' id='word_1_460' title='bbox 1093 1891 1294 1925; x_wconf 85' lang='lat' dir='ltr'>obstetricis</span> <span class='ocrx_word' id='word_1_461' title='bbox 1327 1891 1479 1924; x_wconf 86' lang='lat' dir='ltr'>decessit</span> <span class='ocrx_word' id='word_1_462' title='bbox 1507 1897 1615 1925; x_wconf 77' lang='lat' dir='ltr'>testa-</span> 
     </span>
     <span class='ocr_line' id='line_1_87' title="bbox 903 1942 1616 1984; baseline -0.001 -7"><span class='ocrx_word' id='word_1_463' title='bbox 903 1949 1057 1977; x_wconf 89' lang='lat' dir='ltr'>mentum</span> <span class='ocrx_word' id='word_1_464' title='bbox 1079 1942 1217 1984; x_wconf 87' lang='lat' dir='ltr'>rumpi.’</span> <span class='ocrx_word' id='word_1_465' title='bbox 1259 1943 1366 1975; x_wconf 82' lang='lat' dir='ltr'>Varia</span> <span class='ocrx_word' id='word_1_466' title='bbox 1380 1943 1458 1976; x_wconf 88' lang='lat' dir='ltr'>huic</span> <span class='ocrx_word' id='word_1_467' title='bbox 1473 1944 1549 1976; x_wconf 90' lang='lat' dir='ltr'>loco</span> <span class='ocrx_word' id='word_1_468' title='bbox 1565 1944 1616 1977; x_wconf 88' lang='lat' dir='ltr'>in·</span> 
     </span>
     <span class='ocr_line' id='line_1_88' title="bbox 904 1993 1613 2037; baseline -0.001 -9"><span class='ocrx_word' id='word_1_469' title='bbox 904 1994 1112 2037; x_wconf 82' lang='lat' dir='ltr'>terpretatio</span> <span class='ocrx_word' id='word_1_470' title='bbox 1127 1993 1293 2030; x_wconf 78' lang='lat' dir='ltr'>adhibita,</span> <span class='ocrx_word' id='word_1_471' title='bbox 1308 2003 1370 2026; x_wconf 88' lang='lat' dir='ltr'>seu</span> <span class='ocrx_word' id='word_1_472' title='bbox 1386 1993 1499 2026; x_wconf 80' lang='lat' dir='ltr'>verius</span> <span class='ocrx_word' id='word_1_473' title='bbox 1515 2004 1613 2028; x_wconf 84' lang='lat' dir='ltr'>crux.</span> 
     </span>
     <span class='ocr_line' id='line_1_89' title="bbox 905 2044 1611 2088; baseline -0.001 -9"><span class='ocrx_word' id='word_1_474' title='bbox 905 2047 970 2079; x_wconf 86' lang='lat' dir='ltr'>Est</span> <span class='ocrx_word' id='word_1_475' title='bbox 985 2046 1042 2088; x_wconf 87' lang='lat' dir='ltr'>qui</span> <span class='ocrx_word' id='word_1_476' title='bbox 1059 2055 1095 2078; x_wconf 88' lang='lat' dir='ltr'>se</span> <span class='ocrx_word' id='word_1_477' title='bbox 1120 2049 1236 2077; x_wconf 80' lang='lat' dir='ltr'>vertat</span> <span class='ocrx_word' id='word_1_478' title='bbox 1254 2045 1288 2076; x_wconf 91' lang='lat' dir='ltr'>in</span> <span class='ocrx_word' id='word_1_479' title='bbox 1317 2054 1436 2078; x_wconf 89' lang='lat' dir='ltr'>omnes</span> <span class='ocrx_word' id='word_1_480' title='bbox 1462 2044 1611 2085; x_wconf 76' lang='lat' dir='ltr'>formas3</span> 
     </span>
     <span class='ocr_line' id='line_1_90' title="bbox 905 2095 1613 2138; baseline 0 -10"><span class='ocrx_word' id='word_1_481' title='bbox 905 2101 961 2128; x_wconf 90' lang='lat' dir='ltr'>est</span> <span class='ocrx_word' id='word_1_482' title='bbox 977 2096 1034 2138; x_wconf 88' lang='lat' dir='ltr'>qui</span> <span class='ocrx_word' id='word_1_483' title='bbox 1052 2095 1172 2127; x_wconf 87' lang='lat' dir='ltr'>vitium</span> <span class='ocrx_word' id='word_1_484' title='bbox 1200 2095 1236 2126; x_wconf 84' lang='lat' dir='ltr'>in</span> <span class='ocrx_word' id='word_1_485' title='bbox 1263 2095 1340 2128; x_wconf 87' lang='lat' dir='ltr'>loco</span> <span class='ocrx_word' id='word_1_486' title='bbox 1363 2099 1518 2136; x_wconf 78' lang='lat' dir='ltr'>ssserat3</span> <span class='ocrx_word' id='word_1_487' title='bbox 1552 2096 1613 2128; x_wconf 89' lang='lat' dir='ltr'>sed</span> 
     </span>
     <span class='ocr_line' id='line_1_91' title="bbox 905 2144 1616 2188; baseline 0.001 -10"><span class='ocrx_word' id='word_1_488' title='bbox 905 2145 1063 2188; x_wconf 85' lang='lat' dir='ltr'>profecto</span> <span class='ocrx_word' id='word_1_489' title='bbox 1079 2144 1284 2177; x_wconf 83' lang='lat' dir='ltr'>Bernartius</span> <span class='ocrx_word' id='word_1_490' title='bbox 1306 2154 1374 2177; x_wconf 92' lang='lat' dir='ltr'>non</span> <span class='ocrx_word' id='word_1_491' title='bbox 1391 2150 1444 2178; x_wconf 87' lang='lat' dir='ltr'>est</span> <span class='ocrx_word' id='word_1_492' title='bbox 1465 2146 1616 2179; x_wconf 81' lang='lat' dir='ltr'>Bernar-</span> 
     </span>
     <span class='ocr_line' id='line_1_92' title="bbox 907 2196 1614 2239; baseline 0.001 -10"><span class='ocrx_word' id='word_1_493' title='bbox 907 2198 988 2238; x_wconf 85' lang='lat' dir='ltr'>tius,</span> <span class='ocrx_word' id='word_1_494' title='bbox 1002 2203 1062 2229; x_wconf 84' lang='lat' dir='ltr'>aut</span> <span class='ocrx_word' id='word_1_495' title='bbox 1079 2196 1199 2228; x_wconf 85' lang='lat' dir='ltr'>vitium</span> <span class='ocrx_word' id='word_1_496' title='bbox 1228 2196 1331 2228; x_wconf 83' lang='lat' dir='ltr'>animi</span> <span class='ocrx_word' id='word_1_497' title='bbox 1348 2196 1381 2228; x_wconf 90' lang='lat' dir='ltr'>in</span> <span class='ocrx_word' id='word_1_498' title='bbox 1405 2196 1447 2229; x_wconf 87' lang='lat' dir='ltr'>iis</span> <span class='ocrx_word' id='word_1_499' title='bbox 1464 2198 1522 2239; x_wconf 89' lang='lat' dir='ltr'>qui</span> <span class='ocrx_word' id='word_1_500' title='bbox 1538 2197 1614 2230; x_wconf 86' lang='lat' dir='ltr'>haec</span> 
     </span>
     <span class='ocr_line' id='line_1_93' title="bbox 906 2247 1614 2288; baseline 0 -8"><span class='ocrx_word' id='word_1_501' title='bbox 906 2249 991 2280; x_wconf 84' lang='lat' dir='ltr'>talia</span> <span class='ocrx_word' id='word_1_502' title='bbox 1006 2247 1200 2288; x_wconf 84' lang='lat' dir='ltr'>divulgant.</span> <span class='ocrx_word' id='word_1_503' title='bbox 1245 2247 1372 2288; x_wconf 75' lang='lat' dir='ltr'>Tangit</span> <span class='ocrx_word' id='word_1_504' title='bbox 1386 2252 1508 2279; x_wconf 86' lang='lat' dir='ltr'>exerte</span> <span class='ocrx_word' id='word_1_505' title='bbox 1523 2247 1614 2280; x_wconf 86' lang='lat' dir='ltr'>hunc</span> 
     </span>
     <span class='ocr_line' id='line_1_94' title="bbox 906 2296 1617 2339; baseline 0 -9"><span class='ocrx_word' id='word_1_506' title='bbox 906 2308 1036 2331; x_wconf 88' lang='lat' dir='ltr'>morem</span> <span class='ocrx_word' id='word_1_507' title='bbox 1052 2297 1260 2338; x_wconf 80' lang='lat' dir='ltr'>Imperator,</span> <span class='ocrx_word' id='word_1_508' title='bbox 1269 2300 1305 2328; x_wconf 82' lang='lat' dir='ltr'>et</span> <span class='ocrx_word' id='word_1_509' title='bbox 1316 2306 1426 2338; x_wconf 74' lang='lat' dir='ltr'>mens,</span> <span class='ocrx_word' id='word_1_510' title='bbox 1436 2296 1617 2339; x_wconf 83' lang='lat' dir='ltr'>infantem,</span> 
     </span>
     <span class='ocr_line' id='line_1_95' title="bbox 906 2347 1617 2389; baseline -0.001 -7"><span class='ocrx_word' id='word_1_511' title='bbox 906 2348 1042 2382; x_wconf 76' lang='lat' dir='ltr'>etiamsi</span> <span class='ocrx_word' id='word_1_512' title='bbox 1056 2348 1137 2380; x_wconf 87' lang='lat' dir='ltr'>ilico</span> <span class='ocrx_word' id='word_1_513' title='bbox 1152 2357 1191 2379; x_wconf 79' lang='lat' dir='ltr'>ac</span> <span class='ocrx_word' id='word_1_514' title='bbox 1203 2348 1237 2379; x_wconf 87' lang='lat' dir='ltr'>in</span> <span class='ocrx_word' id='word_1_515' title='bbox 1253 2352 1381 2379; x_wconf 82' lang='lat' dir='ltr'>terram</span> <span class='ocrx_word' id='word_1_516' title='bbox 1398 2347 1531 2389; x_wconf 84' lang='lat' dir='ltr'>positus</span> <span class='ocrx_word' id='word_1_517' title='bbox 1543 2347 1617 2381; x_wconf 87' lang='lat' dir='ltr'>fue·</span> 
     </span>
     <span class='ocr_line' id='line_1_96' title="bbox 906 2398 1616 2440; baseline 0 -8"><span class='ocrx_word' id='word_1_518' title='bbox 906 2400 953 2432; x_wconf 91' lang='lat' dir='ltr'>rit</span> <span class='ocrx_word' id='word_1_519' title='bbox 980 2398 1182 2438; x_wconf 80' lang='lat' dir='ltr'>decesserit,</span> <span class='ocrx_word' id='word_1_520' title='bbox 1205 2399 1295 2440; x_wconf 78' lang='lat' dir='ltr'>patri</span> <span class='ocrx_word' id='word_1_521' title='bbox 1318 2403 1431 2430; x_wconf 80' lang='lat' dir='ltr'>tamen</span> <span class='ocrx_word' id='word_1_522' title='bbox 1452 2399 1616 2432; x_wconf 87' lang='lat' dir='ltr'>heredem</span> 
     </span>
     <span class='ocr_line' id='line_1_97' title="bbox 907 2448 1618 2492; baseline 0 -9"><span class='ocrx_word' id='word_1_523' title='bbox 907 2460 999 2492; x_wconf 85' lang='lat' dir='ltr'>esse,</span> <span class='ocrx_word' id='word_1_524' title='bbox 1024 2455 1060 2482; x_wconf 89' lang='lat' dir='ltr'>et</span> <span class='ocrx_word' id='word_1_525' title='bbox 1083 2451 1113 2482; x_wconf 85' lang='lat' dir='ltr'>si</span> <span class='ocrx_word' id='word_1_526' title='bbox 1140 2450 1340 2492; x_wconf 78' lang='lat' dir='ltr'>praeteritus</span> <span class='ocrx_word' id='word_1_527' title='bbox 1365 2448 1486 2490; x_wconf 81' lang='lat' dir='ltr'>fuerit,</span> <span class='ocrx_word' id='word_1_528' title='bbox 1511 2454 1618 2483; x_wconf 80' lang='lat' dir='ltr'>testa·</span> 
     </span>
     <span class='ocr_line' id='line_1_98' title="bbox 908 2499 1616 2542; baseline 0 -9"><span class='ocrx_word' id='word_1_529' title='bbox 908 2505 1061 2535; x_wconf 88' lang='lat' dir='ltr'>mentum</span> <span class='ocrx_word' id='word_1_530' title='bbox 1091 2509 1266 2542; x_wconf 87' lang='lat' dir='ltr'>rumpere,</span> <span class='ocrx_word' id='word_1_531' title='bbox 1297 2500 1400 2532; x_wconf 85' lang='lat' dir='ltr'>velim</span> <span class='ocrx_word' id='word_1_532' title='bbox 1430 2504 1466 2532; x_wconf 92' lang='lat' dir='ltr'>te</span> <span class='ocrx_word' id='word_1_533' title='bbox 1495 2499 1616 2534; x_wconf 83' lang='lat' dir='ltr'>videre</span> 
     </span>
     <span class='ocr_line' id='line_1_99' title="bbox 908 2549 1618 2591; baseline -0.001 -6"><span class='ocrx_word' id='word_1_534' title='bbox 908 2551 1117 2585; x_wconf 85' lang='lat' dir='ltr'>Antistitum</span> <span class='ocrx_word' id='word_1_535' title='bbox 1147 2550 1329 2583; x_wconf 87' lang='lat' dir='ltr'>Antistitis</span> <span class='ocrx_word' id='word_1_536' title='bbox 1357 2549 1544 2591; x_wconf 85' lang='lat' dir='ltr'>Augustini</span> <span class='ocrx_word' id='word_1_537' title='bbox 1575 2552 1618 2584; x_wconf 88' lang='lat' dir='ltr'>de</span> 
     </span>
     <span class='ocr_line' id='line_1_100' title="bbox 909 2600 1618 2642; baseline -0.001 -8"><span class='ocrx_word' id='word_1_538' title='bbox 909 2602 1015 2635; x_wconf 81' lang='lat' dir='ltr'>eivit.</span> <span class='ocrx_word' id='word_1_539' title='bbox 1038 2602 1108 2634; x_wconf 85' lang='lat' dir='ltr'>Dei</span> <span class='ocrx_word' id='word_1_540' title='bbox 1124 2600 1184 2633; x_wconf 86' lang='lat' dir='ltr'>lib.</span> <span class='ocrx_word' id='word_1_541' title='bbox 1207 2609 1260 2634; x_wconf 76' lang='lat' dir='ltr'>lv.</span> <span class='ocrx_word' id='word_1_542' title='bbox 1273 2609 1349 2642; x_wconf 83' lang='lat' dir='ltr'>cap.</span> <span class='ocrx_word' id='word_1_543' title='bbox 1372 2603 1404 2634; x_wconf 82' lang='lat'>8.</span> <span class='ocrx_word' id='word_1_544' title='bbox 1419 2605 1458 2634; x_wconf 88' lang='lat' dir='ltr'>et</span> <span class='ocrx_word' id='word_1_545' title='bbox 1479 2601 1618 2634; x_wconf 85' lang='lat' dir='ltr'>Macro·</span> 
     </span>
     <span class='ocr_line' id='line_1_101' title="bbox 908 2651 1620 2695; baseline 0 -10"><span class='ocrx_word' id='word_1_546' title='bbox 908 2651 1003 2685; x_wconf 88' lang='lat' dir='ltr'>bium</span> <span class='ocrx_word' id='word_1_547' title='bbox 1018 2653 1176 2695; x_wconf 86' lang='lat' dir='ltr'>Sympos.</span> <span class='ocrx_word' id='word_1_548' title='bbox 1191 2660 1218 2684; x_wconf 89' lang='lat'>1.</span> <span class='ocrx_word' id='word_1_549' title='bbox 1230 2651 1289 2684; x_wconf 88' lang='lat' dir='ltr'>ubi</span> <span class='ocrx_word' id='word_1_550' title='bbox 1304 2651 1349 2683; x_wconf 88' lang='lat' dir='ltr'>de</span> <span class='ocrx_word' id='word_1_551' title='bbox 1360 2651 1458 2685; x_wconf 77' lang='lat' dir='ltr'>Maia</span> <span class='ocrx_word' id='word_1_552' title='bbox 1471 2652 1620 2685; x_wconf 88' lang='lat' dir='ltr'>institui-</span> 
     </span>
     <span class='ocr_line' id='line_1_102' title="bbox 911 2701 1365 2745; baseline -0.002 -10"><span class='ocrx_word' id='word_1_553' title='bbox 911 2707 969 2736; x_wconf 88' lang='lat' dir='ltr'>tur</span> <span class='ocrx_word' id='word_1_554' title='bbox 984 2702 1186 2745; x_wconf 79' lang='lat' dir='ltr'>disputatio.</span> <span class='ocrx_word' id='word_1_555' title='bbox 1208 2701 1365 2734; x_wconf 76' lang='lat' dir='ltr'>Bernart-</span> 
     </span>
    </p>

    <p class='ocr_par' dir='ltr' id='par_1_17' title="bbox 912 2751 1621 2845">
     <span class='ocr_line' id='line_1_103' title="bbox 955 2751 1621 2794; baseline -0.002 -8"><span class='ocrx_word' id='word_1_556' title='bbox 955 2755 1017 2786; x_wconf 79' lang='lat'>111</span> <span class='ocrx_word' id='word_1_557' title='bbox 1042 2753 1222 2794; x_wconf 77' lang='lat' dir='ltr'>Anwmum]</span> <span class='ocrx_word' id='word_1_558' title='bbox 1244 2751 1425 2794; x_wconf 87' lang='lat' dir='ltr'>Assyrium</span> <span class='ocrx_word' id='word_1_559' title='bbox 1441 2757 1519 2786; x_wconf 87' lang='lat' dir='ltr'>est:</span> <span class='ocrx_word' id='word_1_560' title='bbox 1544 2763 1621 2785; x_wconf 81' lang='lat' dir='ltr'>nas-</span> 
     </span>
     <span class='ocr_line' id='line_1_104' title="bbox 912 2799 1621 2845; baseline 0 -8"><span class='ocrx_word' id='word_1_561' title='bbox 912 2803 1006 2837; x_wconf 88' lang='lat' dir='ltr'>citur</span> <span class='ocrx_word' id='word_1_562' title='bbox 1021 2804 1126 2837; x_wconf 80' lang='lat' dir='ltr'>etism</span> <span class='ocrx_word' id='word_1_563' title='bbox 1142 2802 1177 2836; x_wconf 86' lang='lat' dir='ltr'>iu</span> <span class='ocrx_word' id='word_1_564' title='bbox 1194 2802 1367 2836; x_wconf 80' lang='lat' dir='ltr'>Armeniae</span> <span class='ocrx_word' id='word_1_565' title='bbox 1384 2808 1484 2845; x_wconf 72' lang='lat' dir='ltr'>parte</span> <span class='ocrx_word' id='word_1_566' title='bbox 1501 2799 1621 2837; x_wconf 86' lang='lat' dir='ltr'>Oceue</span> 
     </span>
    </p>
   </div>
  </div>
 </body>
</html>
