1846 3120
302 240 416 282 1342
800 247 841 279 Ρ.
874 247 1064 279 PAPlNu
1096 224 1270 280 STA'rn·

302 344 543 387 Gressibus
562 343 768 397 illapsum
788 342 960 397 clypeo,
983 346 1028 385 et
1048 344 1164 386 male
1183 345 1271 387 tela
1287 348 1505 388 tenentem
1522 360 1545 389 ε·

303 411 507 453 Coetibus
527 411 611 451 hos
630 408 789 450 mediis
808 410 915 451 vina
933 411 1060 461 inter,
1078 415 1122 452 et
1142 424 1266 453 arma
1279 411 1508 466 jacentes:
1702 451 1705 453 .

301 478 510 519 Acclines
530 477 703 531 clypeis
723 476 850 526 alios,
866 482 920 519 ut
939 491 1158 532 quemque
1174 479 1364 532 ligatum
1665 479 1756 526 280

300 544 461 585 Infelix
483 544 640 585 tellure
662 556 799 598 sopor
819 556 1116 598 supremaque
1136 547 1281 588 nubes
1651 564 1656 568 ¹

301 611 542 653 Obruerat:
572 623 656 653 nec
676 623 841 652 numenv
856 612 996 663 abest,
1019 618 1275 668 armataque
1295 614 1325 656 J
1327 627 1420 656 uno

298 677 512 719 Lunarem
530 678 738 732 quatiens
755 682 911 720 exerta·
927 678 1135 733 lampada
1154 679 1310 722 dextra

300 745 464 786 Pandit
483 745 580 796 iter,
599 744 828 799 firmatque
849 747 1038 802 animos,
1058 754 1103 788 et
1123 760 1307 802 corpora
1328 752 1559 792 monstrat.

299 811 444 853 Sentit
463 812 620 853 adesse
643 813 786 854 Deam
806 813 986 865 tacitUS,
1009 814 1087 856 sed
1110 815 1271 868 gaudia
1294 815 1410 857 celat
1660 817 1750 861 985

297 877 573 920 Thiodamas
590 892 600 920 ι
625 878 722 933 jam
742 879 864 921 tarda
882 893 1052 931 manus,
1065 880 1159 935 jam
1179 872 1327 924 debile
1347 882 1523 936 ferrum,

297 945 356 986 Et
376 945 618 999 caligantes
637 946 785 988 nimiis
805 948 1092 990 successibus
1111 950 1204 990 irae.
1526 967 1530 968 ⁷

298 1011 464 1066 Caspia
483 1025 571 1054 non
589 1013 714 1055 aliter
733 1026 990 1067 magnorum
1009 1016 1054 1056 in
1074 1019 1218 1069 strage
1234 1015 1475 1070 juvencum

295 1079 455 1132 Tigris,
476 1080 552 1120 ubi
571 1079 787 1122 immenso
806 1081 955 1122 rabies
975 1082 1156 1136 placata
1175 1096 1339 1135 cruore,

295 1145 591 1199 Lassavitque
611 1159 762 1199 genas,
782 1146 826 1188 et
846 1161 999 1191 crasso
1020 1149 1199 1192 sordida
1218 1152 1324 1193 tabo
1640 1154 1748 1197 990

294 1212 510 1255 Confudit
528 1214 742 1265 maculas,
763 1220 944 1269 spectat
963 1228 1045 1258 sua
1063 1216 1200 1268 facta,
1216 1218 1422 1274 doletque
1452 1209 1465 1220 ’

292 1358 465 1395 extensum,
487 1357 567 1388 hunc
582 1357 699 1397 lapsum
713 1367 806 1398 supra
829 1361 950 1390 scutum
968 1359 1098 1399 pedibus
1113 1361 1203 1392 tarde
1214 1361 1363 1402 remissis,
1383 1365 1413 1394 et
1435 1362 1580 1395 debiliter
1593 1366 1746 1396 tenentem

291 1398 372 1430 tela.-
395 1399 448 1429 hos
474 1399 559 1430 humi
573 1400 668 1438 susos
687 1400 722 1432 iu
743 1401 853 1432 mediis
867 1401 995 1432 coetibus
1008 1403 1090 1434 inter
1112 1412 1200 1435 arma
1225 1407 1256 1435 et
1278 1406 1407 1445 pocula:
1428 1406 1615 1438 aliosmais
1627 1405 1747 1438 inemu-

292 1439 408 1477 bentes,
430 1444 466 1472 ut
490 1451 636 1482 quemque
657 1443 870 1481 infortunatus
890 1453 990 1484 sopor,
1012 1449 1042 1476 et
1067 1455 1195 1485 vapores
1209 1447 1346 1487 supremi
1359 1447 1498 1479 vinctum
1519 1450 1745 1490 oppresserant.

293 1482 363 1513 Nec
375 1493 487 1514 numen
498 1484 596 1524 abest,
616 1488 645 1516 et
662 1486 747 1516 June
760 1488 882 1516 armata
895 1495 1019 1517 mouens
1034 1489 1117 1519 nuda
1132 1498 1224 1519 manu
1231 1488 1348 1529 facem,
1370 1490 1454 1522 lunoe
1465 1491 1581 1531 instar,
1602 1491 1746 1529 lucium.

289 1524 374 1556 viam
388 1526 500 1566 aperit,
523 1530 554 1558 et
577 1527 752 1559 corroborat
767 1528 886 1559 animos
900 1531 930 1560 et
942 1529 1076 1560 ostendit
1091 1540 1229 1571 corpora.
1275 1532 1460 1563 Thiodamas
1474 1534 1591 1564 tacitus
1605 1532 1745 1565 animad-

289 1568 387 1598 vertit
412 1579 523 1600 numen
546 1579 704 1609 praesens:
725 1571 779 1600 sed
805 1570 979 1602 dissimulat
1002 1571 1157 1603 laetitiam.
1199 1574 1274 1604 Jam
1295 1575 1380 1606 lenta
1402 1584 1524 1617 manus,
1541 1575 1612 1614 jam
1637 1574 1746 1606 obtusa

290 1614 362 1641 sunt
373 1620 474 1650 arma,
496 1616 527 1642 et
539 1611 598 1643 iroe
611 1612 777 1644 concidunt
791 1613 886 1644 nimio
900 1622 1049 1658 successu.
1096 1615 1169 1646 Non
1183 1625 1271 1647 secus
1295 1617 1391 1656 tigris
1412 1617 1529 1658 Caspia
1552 1618 1587 1649 in
1601 1614 1687 1648 σαι-ἀὲ
1696 1616 1745 1648 iu*

287 1653 430 1691 gentium
447 1653 662 1695 juvencorum,
681 1664 751 1686 oum
764 1654 860 1693 furor
871 1657 995 1687 sedatus
1009 1660 1056 1688 est
1069 1658 1165 1688 multo
1179 1658 1345 1698 sanguine,
1366 1662 1399 1691 et
1411 1659 1572 1699 fatigavit
1584 1660 1692 1700 mla-§j
1707 1668 1745 1689 ae

288 1696 430 1736 squalida
453 1697 547 1728 denso
569 1697 639 1729 tabo
661 1697 858 1729 conturbavit
880 1699 1027 1741 maculas,
1047 1703 1167 1742 spectat
1189 1710 1245 1732 sua
1261 1700 1422 1742 facinora,
1445 1706 1475 1734 et
1489 1703 1574 1734 dotet
1594 1701 1745 1734 satians·

897 1800 1137 1816 om‘oeum

290 1878 397 1911 codex
413 1888 490 1910 cum
506 1888 574 1910 uno
592 1879 713 1911 Behot.
728 1879 846 1911 inclusa
869 1880 1114 1920 reliquit.—278
1139 1880 1303 1912 Gressibus
1325 1881 1360 1913 in
1384 1882 1503 1922 lapsum
1516 1890 1602 1913 nnus
1619 1881 1740 1914 Behot.

287 1922 351 1952 tela
365 1925 521 1961 regentem
537 1921 676 1954 Behott.
693 1925 723 1953 1.
740 1925 772 1954 2.
784 1922 843 1953 sed
861 1922 893 1953 in
912 1924 1020 1954 altero
1034 1926 1344 1955 correctum—279
1366 1924 1448 1956 Put.
1463 1933 1525 1956 una
1535 1924 1741 1956 intem—280

287 1964 438 1995 Adclines
453 1963 605 1995 nonnulli
621 1963 720 1996 codd.
746 1964 890 1996 Ace-lives
905 1966 1009 2004 Lang.
1027 1966 1128 1998 Laur.
1145 1966 1276 1997 Buslid.
1293 1965 1442 2007 Lipsian.
1464 1970 1501 1998 et
1516 1965 1596 1998 edd.
1611 1969 1741 1998 vett.—

288 2008 350 2038 285
376 2007 484 2038 Sensit
511 2006 650 2038 Behott.
678 2010 708 2039 1.
734 2010 766 2038 2.
785 2008 867 2039 Put.
883 2008 1007 2047 Petav.
1032 2008 1138 2048 Lang.
1166 2009 1266 2040 Lanr.
1284 2008 1412 2041 Buslid.
1437 2008 1585 2049 Lipsian.
1606 2013 1644 2040 et
1658 2008 1738 2041 edd.

289 2052 484 2080 vem—289
506 2049 643 2081 Behott.
659 2052 688 2082 1.
703 2051 735 2080 2.
748 2050 838 2082 Dan.
849 2050 930 2082 Put.
945 2050 1069 2083 Petav.
1087 2051 1314 2091 Lindenbrog.
1332 2055 1367 2082 et
1381 2051 1481 2083 Cruc.
1494 2054 1608 2092 pacata
1621 2059 1739 2084 cruore.

287 2094 395 2123 —290
417 2091 611 2133 Laxavitque
622 2101 721 2131 genas
735 2092 873 2134 Behott.
890 2095 920 2125 1.
936 2095 968 2125 2.
985 2096 1014 2125 et
1028 2103 1138 2133 grasso
1153 2093 1342 2126 Put.—29l
1368 2092 1539 2134 Confuudit
1552 2093 1689 2125 maculas
1704 2093 1739 2125 in

939 2198 1083 2231 NOTAE

329 2278 394 2308 280
436 2277 481 2308 Ut
523 2287 668 2318 quemque
701 2278 835 2318 ligatum
875 2279 986 2311 tellure
1039 2280 1083 2311 mi
1105 2290 1286 2322 percussus
1307 2281 1398 2314 nube
1424 2282 1557 2323 soporis
1579 2281 1736 2324 Horruit,

286 2337 376 2368 sopor
390 2328 565 2370 Obruerat]
591 2330 648 2362 Sic
662 2331 822 2363 Valerius
840 2332 984 2364 Flaccus
1039 2334 1074 2362 et
1091 2330 1208 2362 dulces
1223 2326 1375 2363 excussit
1390 2330 1431 2362 ab
1444 2331 1565 2363 arbore
1581 2333 1738 2365 somnos!

285 2377 344 2409 lib.
361 2387 387 2410 1.
413 2379 423 2396 ‘
436 2378 539 2410 Serus
562 2379 671 2411 fessos
685 2391 787 2422 sopor
803 2382 920 2423 alligat
932 2392 984 2414 ar·
1081 2386 1144 2415 288
1171 2383 1301 2424 Caspia]
1323 2383 1454 2416 Gentes
1477 2383 1614 2426 Caspiae
1638 2394 1736 2419 acco-

285 2426 364 2459 tus.'
409 2429 454 2459 Et
476 2428 607 2461 Seneca
630 2430 783 2462 Hercule
807 2433 981 2465 Furente:
1036 2433 1112 2464 lunt
1128 2443 1221 2464 mare
1238 2433 1413 2474 Caspium.

284 2476 294 2493 ⁶
309 2475 420 2516 Sopor
435 2478 616 2511 indomitos
634 2481 753 2521 alliget
766 2481 883 2513 artus?
934 2480 936 2482 ’
1078 2486 1141 2515 290
1166 2483 1288 2524 Genas]
1316 2484 1438 2517 Malas.

326 2529 390 2558 281
416 2527 624 2570 Supremaque
633 2530 741 2572 nubes]
757 2531 914 2572 Vapores
929 2539 983 2562 sn·
1078 2537 1135 2567 291
1166 2534 1316 2573 confudit
1342 2534 1492 2576 maculas]
1523 2535 1736 2580 Maeulaele-

283 2577 415 2618 premi:
451 2578 591 2611 ultimus
621 2582 708 2611 enim
737 2581 791 2613 hic
836 2591 983 2614 somnus,
1037 2583 1108 2616 nim
1138 2593 1259 2616 cruore
1286 2594 1452 2626 respersae
1491 2585 1638 2618 discerni
1665 2594 1735 2619 non

284 2627 396 2668 Supra
426 2628 546 2669 ‘picea
575 2630 719 2663 umbra!
770 2632 827 2663 Ita
853 2632 982 2664 ‘nubes
1039 2637 1208 2675 poterant.
1252 2633 1380 2675 Spectat
1407 2644 1464 2667 sua
1483 2634 1596 2676 sacta]
1627 2635 1735 2668 Victa

283 2677 441 2714 veterni:
466 2678 501 2710 id
529 2683 594 2718 est,
622 2680 794 2712 immodici
816 2682 925 2713 somni
947 2686 983 2714 et
1037 2684 1128 2716 fame
1152 2684 1293 2727 respicit
1317 2684 1468 2727 praedam
1490 2684 1601 2725 adhuc
1616 2690 1735 2727 super·

283 2728 445 2768 torporis,
457 2728 549 2769 apud
562 2728 756 2762 Ausonium.
781 2730 793 2748 ‘
805 2730 923 2762 Nubes
936 2741 986 2762 so·
1038 2734 1166 2767 stitem.
1550 2750 1561 2753 ἡ
1720 2736 1726 2743 ’

286 2777 402 2820 poris‚’
423 2779 563 2811 Valerio
577 2779 701 2812 Flacco
713 2780 774 2812 lib.
789 2789 875 2813 vm.
889 2781 899 2799 ‘
911 2782 988 2814 Pri·
