1846 3120
443 207 485 239 r.
518 196 710 240 P‘Armu
743 208 908 241 s'rA'ru
938 209 1088 242 εγω.
1120 211 1218 242 ma.
1239 213 1270 243 1.
1301 202 1343 243 4.

162 302 331 338 Senectus·
340 310 429 336 nona
436 302 648 336 hebdomade
659 303 778 346 incipit
790 310 868 347 post

149 357 310 387 *RS-ann.
334 354 383 397 Τῇ
399 352 426 386 δ’
448 353 542 396 ἐνάτῃ
575 352 622 386 ἔτι
647 354 705 394 μὲν
729 354 866 394 δύναται,

162 404 368 448 μαλακωτέρα
388 405 415 437 δ’
429 405 524 437 αὐτοῦ
535 404 617 447 Πρὸς
631 405 776 446 μεγάλην
797 406 864 448 ἀρε-

155 454 361 496 *immed
366 467 404 489 τε
413 455 465 488 καὶ
475 455 582 498 σοφίη.
593 457 717 489 Catoni
728 457 865 489 Cicero-

161 506 270 539 nianff
288 507 489 540 senectutis
518 506 632 539 nullus
658 511 778 540 certus
810 513 865 541 est

160 556 340 599 terminus,
374 563 540 600 recteque
577 558 612 589 in
645 567 687 590 ea
722 559 873 598 vivitur,⁴

147 609 272 651 quoad
293 617 416 641 munus
440 608 544 641 officii
567 609 691 651 exequi
713 615 750 642 et
773 611 863 643 tueri

157 659 278 700 possis.
321 659 430 701 Leges
453 663 566 691 tamen
589 659 750 701 majorem
766 661 862 693 annis

153 707 315 742 amotio
343 709 506 743 reddunt.
549 710 640 742 Plin.
663 711 775 752 Epist.
801 712 860 745 lib.

154 766 206 792 ιν.
230 760 356 793 Mareu.

196 808 239 842 ⁶1
266 810 514 853 Progressusque
525 812 644 853 moras]
663 812 777 845 Locus
797 813 858 845 im-

154 860 276 902 plexas
291 867 330 894 et
353 861 523 894 turbatus.
565 862 713 896 Quidam
737 864 858 905 legunt

140 911 407 955 -Progmmqne
421 922 566 951 moroan
589 912 625 944 id
647 917 701 946 est
717 913 856 946 tardans

140 966 356 1003 ‚progressus
377 971 457 995 snos
482 962 525 994 ad
555 962 776 1004 medendum,
801 965 855 996 vel

142 1011 328 1054 -panlnlnm
335 1012 537 1045 subsistens.
581 1013 671 1045 Nam
686 1018 767 1046 ante
782 1014 854 1046 dix-

139 1062 183 1095 ·it
209 1060 406 1104 Apollinem
433 1062 538 1096 fuisse
567 1067 578 1083 ⁸
593 1065 773 1096 securum’
794 1075 854 1099 seu

151 1113 382 1156 negligentem
393 1124 498 1156 super
514 1115 631 1147 morbo
646 1115 780 1149 Rutilii.
805 1116 853 1149 A·

136 1164 186 1196 >lit
211 1172 231 1197 e
261 1170 383 1198 contra
409 1166 560 1198 malunt:
593 1166 855 1209 Proegressusque

138 1221 272 1248 suram:
287 1235 293 1243 ι
306 1215 396 1258 qnod
429 1216 530 1258 vulgo
561 1216 718 1259 dicimus,
757 1219 853 1252 ‘sine

136 1266 267 1299 ‘mora-¹
286 1266 379 1310 quod
401 1276 468 1300 non
487 1258 616 1310 placet.
659 1268 742 1307 Pro,
763 1269 853 1304 Hinc

135 1315 209 1348 aui
226 1317 479 1359 gossenulege
493 1317 580 1352 ,Huc
601 1318 679 1351 altis
699 1321 853 1363 gaudens,

147 1366 433 1408 quemadmodum
450 1366 549 1401 video
568 1369 673 1402 etiam
688 1370 768 1402 olim
795 1381 852 1404 vo-

146 1415 250 1450 luisse
274 1417 378 1452 Joan.
402 1418 652 1452 Britannicum.
676 1421 754 1454 altis
769 1432 849 1463 guu-

139 1465 231 1509 dere,
245 1474 302 1502 est
327 1466 577 1512 ὑψηλὰφρονεῖν.
624 1471 732 1506 Quasi
754 1473 850 1507 dicat

145 1517 294 1560 Apolloss
315 1519 466 1556 ,Accede
489 1530 625 1554 mecum
648 1523 695 1554 mi
718 1521 852 1557 filiAEs-

141 1569 272 1612 cul-pi,
285 1570 345 1613 qni
360 1571 464 1603 rebus
480 1575 615 1604 tautum
631 1573 762 1615 magnis
782 1583 846 1608 nec

142 1619 210 1653 nisi
237 1621 318 1654 viris
344 1621 514 1664 primariis
542 1622 687 1665 gaudes,
720 1625 847 1668 quique

134 1672 305 1712 «gravibus
334 1677 468 1706 tantum
505 1674 629 1708 morbis
654 1676 846 1718 opitularis.

142 1720 210 1754 Illa
218 1723 344 1757 verba:
366 1725 462 1756 datur
474 1725 845 1771 aggrediendosacultas‚

142 1772 347 1807 Parenthesi
372 1774 579 1807 includenda
593 1780 691 1810 sunt:
715 1784 753 1811 et
769 1788 844 1812 sen-

141 1831 199 1856 sus
215 1827 291 1857 est:
317 1823 476 1858 Offertnr
489 1835 542 1858 res
555 1827 789 1869 aggredienda
805 1836 842 1864 et

137 1871 244 1917 digna
265 1875 446 1908 conatibus
464 1877 545 1917 tuis,
560 1886 662 1920 quum
679 1878 725 1911 sit
742 1881 841 1914 Ruti·

131 1924 205 1958 llus
221 1925 274 1958 vir
288 1933 428 1959 summoe
445 1927 673 1962 auctoritatis.
716 1931 839 1965 Totum

138 1975 250 2008 locn'm
269 1977 319 2010 sic
333 1977 496 2020 concipe:
526 1976 612 2011 Tunc
624 1979 714 2013 Deus
728 1982 839 2023 Alpini

136 2026 192 2067 qui
201 2027 296 2069 juxta
309 2028 444 2060 eulmina
457 2028 544 2061 dorsi
553 2030 671 2070 Signat
680 2031 839 2073 Apolline-

132 2085 171 2108 ω
183 2080 292 2109 nuceo
304 2079 484 2118 cognomine
498 2079 594 2121 lucos,
611 2082 752 2124 Respicit
764 2084 840 2127 (heu

136 2127 220 2159 tanen·
227 2127 350 2169 pridem
360 2138 486 2161 seem-us
499 2131 619 2163 alumni
626 2131 660 2174 Ι)
682 2134 837 2175 Progres-

127 2185 243 2220 susque
257 2188 399 2211 morans:
423 2180 501 2213 Huc
519 2190 638 2214 meeum
660 2184 837 2225 Epidauria

129 2229 244 2270 proles,
256 2229 298 2261 Η
296 2240 333 2262 ue
347 2230 422 2262 altis
431 2232 584 2273 gaudens,
594 2231 707 2275 (datur
720 2246 835 2277 aggre-

126 2279 406 2323 amalasuentam)
415 2281 577 2322 Ingentem
587 2293 726 2319 recreare
733 2289 834 2322 virum

126 2331 403 2363 ‘numnam-ti.
421 2332 618 2366 Gevartius.

173 2377 216 2412 ⁶4
240 2381 309 2413 Nec
320 2381 470 2421 fulminis
484 2385 550 2416 atri
565 2385 620 2417 Sit
635 2388 751 2430 metm]
775 2389 832 2424 Ad

126 2429 280 2463 fabulam
311 2440 379 2474 qna
398 2433 628 2477 AEscnlapius,
658 2447 734 2470 cum
755 2446 831 2473 arte

127 2481 262 2514 medies
298 2482 541 2525 Hippolytum,
577 2486 662 2524 sive,
692 2494 731 2521 ut
760 2492 830 2530 alii,

122 2530 296 2564 Glaucum
327 2532 454 2564 Minois
486 2533 606 2576 filium,
633 2547 830 2574 revocasset

125 2581 171 2614 nd
187 2581 307 2623 vitam,
329 2580 472 2615 fulmine
496 2593 517 2616 a
541 2584 630 2619 Jove
646 2597 828 2629 percussus

121 2631 278 2674 fingitur.
321 2633 632 2680 Tertull.Apolog.
676 2641 686 2657 ‘
703 2641 766 2674 Est
793 2648 828 2675 et

121 2682 183 2715 ille
198 2681 242 2714 de
266 2683 399 2724 Lyricis
422 2683 628 2726 (Pindarum
657 2689 751 2735 dico)
772 2695 829 2737 qui

123 2732 352 2776 AEsculapinm
382 2735 476 2768 canit
510 2738 665 2773 avaritiae
692 2745 829 2788 merito,

122 2790 189 2826 qna
212 2783 416 2818 medicinam
441 2793 607 2822 nocenter
623 2795 828 2840 exercebat,

916 305 1058 340 fulmine
1084 307 1315 349 vindicatnm3
1347 309 1455 342 malus
1476 309 1620 352 Jupiter

914 357 943 388 si
960 357 1088 390 fulmen
1115 359 1205 390 illius
1230 363 1296 399 est,
1324 359 1447 401 impius
1462 359 1495 392 in
1512 353 1618 402 nepo-

916 408 1139 447 tem,iuvidus
1152 409 1185 439 in
1195 408 1385 442 artificem.'
1407 410 1496 442 Vide
1505 410 1618 447 Arno-

914 455 1006 488 bium
1015 456 1161 490 Advers.
1174 458 1305 490 Gentes
1322 459 1344 491 Ι.
1361 468 1427 492 vu.
1444 461 1598 495 Ber-nare.

954 509 997 538 67
1020 506 1118 538 Seruo
1143 507 1293 549 animam]
1330 509 1460 542 Medici
1492 512 1617 552 praedi—

912 556 1005 588 catio
1021 562 1086 594 est,
1099 556 1287 598 ἐπάγγελμα
1307 558 1361 590 καὶ
1378 561 1516 602 αὔχημα,
1538 571 1615 596 nam

911 605 945 638 in
962 605 1020 638 illa
1032 606 1189 639 Abderit.
1202 609 1265 650 Ep.
1282 609 1324 640 ad
1339 609 1506 652 Hippocr.
1522 612 1616 645 abrae

907 657 1026 699 σωτὴρ,
1052 663 1089 689 ut
1115 658 1233 690 salutis
1260 665 1393 698 auctor,
1419 662 1615 696 nominatur

910 708 1156 751 Hippocrate8‚
1166 711 1367 742 παντοδαπᾶν
1385 711 1522 755 ἆλεατὴρ
1545 714 1614 746 νού-

908 768 984 800 σων,
1005 759 1094 802 quod
1117 760 1315 803 AEsculapio
1342 761 1404 794 dat
1431 763 1613 798 Pindarus.

907 811 1035 843 Mor-cll.

948 864 992 894 68
1017 862 1125 894 Genus
1135 862 1202 904 ipse
1222 862 1306 904 suis]
1327 863 1410 906 Ipse
1426 865 1487 907 ait,
1504 876 1612 909 genus

906 921 1003 944 snum
1031 917 1068 944 et
1088 911 1249 946 familiam
1276 915 1471 949 illustravit.
1500 918 1611 951 Domi-

904 964 981 997 tius.
1025 965 1090 997 Sed
1105 966 1171 997 luce
1188 975 1252 1007 seq.
1269 967 1342 1008 Sym]
1365 968 1475 1011 Origo
1491 974 1526 1002 et
1538 979 1611 1003 ma-

899 1015 996 1057 jores
1010 1016 1085 1058 ejus
1110 1025 1178 1048 non
1193 1017 1330 1049 obscuri
1346 1023 1442 1059 sunt,
1457 1021 1544 1052 tales
1560 1026 1610 1054 ta—
1626 1029 1633 1034 ·

903 1075 981 1099 meu
1012 1070 1051 1099 ut
1076 1065 1119 1098 ab
1141 1076 1208 1098 uuo
1231 1067 1294 1099 hoc
1311 1073 1437 1110 nepote
1461 1069 1609 1112 ipsorum

903 1126 1022 1150 omnes
1034 1122 1252 1158 superentur.
1276 1118 1394 1151 Barth.

946 1171 987 1201 '73
1014 1167 1168 1200 Oct-ianas
1180 1168 1358 1210 primasque
1368 1169 1491 1211 domus]
1508 1171 1608 1204 Com-

904 1228 966 1261 par
995 1219 1098 1260 plane
1124 1218 1295 1250 sententia
1325 1219 1435 1252 Theb.
1452 1229 1479 1252 s.
1502 1222 1513 1239 ⁴
1532 1221 1610 1254 Pri-

901 1279 1036 1311 maeque
1063 1268 1282 1310 occiduaeque
1309 1269 1453 1302 domus!
1502 1271 1608 1305 Cete-

903 1329 977 1352 rum
991 1324 1030 1352 ut
1042 1320 1145 1361 plene
1166 1320 1285 1361 capias
1306 1320 1430 1354 Poetae
1444 1328 1607 1362 mentem,

901 1379 1017 1411 operoe
1034 1374 1087 1401 est
1103 1373 1138 1401 te
1153 1369 1253 1410 scire,
1264 1374 1401 1402 veteres
1418 1371 1512 1403 orbis
1528 1382 1605 1414 par·

901 1424 955 1453 tes
970 1419 1200 1452 diversimode
1214 1421 1447 1454 constituisse.
1492 1423 1604 1455 Varro

896 1471 943 1503 de
959 1471 1092 1512 Lingua
1108 1470 1232 1502 Latina
1252 1470 1316 1503 lib.
1333 1481 1384 1504 v1.
1408 1473 1418 1490 ⁴
1432 1473 1604 1507 Quocirca

898 1523 1021 1554 caelum
1037 1531 1106 1564 quo
1122 1521 1252 1553 tuimur
1271 1521 1403 1554 dictum
1426 1525 1601 1566 templum.

898 1574 983 1614 Ejus
999 1573 1119 1614 templi
1133 1579 1251 1614 partes
1262 1577 1445 1614 quattuor:
1463 1574 1603 1607 sinistra

897 1624 940 1656 ab
955 1625 1101 1665 oriente,
1113 1623 1237 1655 dextra
1253 1623 1296 1656 ab
1311 1633 1460 1657 occasu:
1484 1627 1603 1659 antica

894 1674 938 1707 ad
954 1675 1144 1716 meridiem,
1168 1674 1303 1716 postica
1326 1675 1369 1707 ad
1386 1676 1602 1718 Septentrio-

891 1725 994 1758 nem?
1036 1726 1079 1758 In
1102 1726 1190 1757 hanc
1214 1726 1423 1758 sententiam
1440 1726 1602 1761 discessit

892 1780 929 1808 et
943 1776 1087 1809 Plinius.
1117 1777 1171 1808 Ex
1186 1775 1373 1817 disciplina
1382 1777 1600 1812 Thuscorum

890 1827 981 1860 haud
997 1827 1115 1868 dubie,
1130 1837 1232 1869 quam
1256 1832 1292 1859 et
1317 1827 1485 1861 Alcinous
1511 1830 1598 1864 libro

889 1878 934 1910 de
950 1878 1109 1910 Platonis
1126 1877 1280 1909 doctrina
1299 1878 1436 1919 prohat.
1468 1880 1517 1912 At
1528 1881 1599 1914 Ga-

888 1931 1006 1963 lenus:
1028 1933 1037 1947 ‘
1050 1929 1322 1971 Pythagoras‚et
1332 1930 1449 1971 Plato,
1465 1937 1502 1964 et
1518 1932 1597 1965 Ari-

886 1981 1030 2014 stoteles
1072 1979 1190 2011 mundi
1231 1979 1372 2012 dextras
1401 1983 1444 2014 ad
1481 1989 1595 2017 ortum

887 2037 1006 2074 partes
1037 2041 1113 2063 esse
1144 2031 1319 2073 dixerunt,
1348 2043 1368 2065 a
1396 2034 1518 2076 quibus
1550 2037 1595 2069 sit

886 2083 1093 2125 principium
1108 2087 1220 2114 motus
1235 2093 1244 2114 ι
1269 2083 1425 2116 sinistras
1442 2094 1521 2118 vero
1537 2096 1594 2119 oc-

887 2134 1020 2166 ciduas.
1077 2133 1307 2174 Empedocles
1339 2144 1422 2167 vero
1451 2136 1593 2169 dextras

886 2183 1024 2226 quidem
1051 2183 1086 2214 in
1104 2183 1263 2215 aestivnm
1282 2185 1464 2226 tropicum,
1493 2187 1594 2219 sinis-

886 2240 957 2267 tras
968 2234 1002 2266 in
1018 2234 1200 2266 hibernum
1218 2234 1365 2276 rejecit?
1393 2237 1509 2269 Livius
1526 2239 1549 2270 1.
1564 2249 1590 2271 1.

885 2296 928 2318 ex
945 2283 1122 2327 Augurum
1140 2284 1337 2327 disciplina,
1357 2285 1496 2319 dextras
1513 2298 1590 2330 pai·—

885 2345 938 2372 tes
953 2338 995 2371 ad
1013 2338 1202 2375 meridiem,
1215 2338 1370 2371 sinistras
1386 2340 1428 2372 ad
1446 2342 1590 2383 Septen-

884 2392 1030 2423 trionem
1038 2389 1169 2422 statuit·
1179 2389 1383 2422 cleomedes
1395 2394 1588 2434 vero,apud

882 2441 1109 2473 Plutarchum
1137 2439 1226 2471 libro
1247 2440 1290 2472 de
1311 2441 1416 2479 Iside,
1443 2442 1586 2476 dextras

882 2494 923 2526 ad
932 2492 1228 2534 Septentrionem,
1239 2492 1280 2523 ad
1294 2493 1471 2525 meridiem
1488 2494 1588 2526 sinis-

880 2550 952 2578 tras
976 2544 1140 2576 collocat.
1186 2542 1307 2574 Sciunt
1337 2543 1586 2586 Cosmographi

879 2595 1061 2628 maximam
1080 2596 1212 2634 partem
1229 2591 1368 2624 Arabiae
1379 2593 1503 2627 Felicis
1516 2597 1585 2627 col-

879 2646 987 2680 locari
1001 2646 1090 2677 inter
1105 2644 1382 2686 aequinoctialem
1405 2645 1583 2684 circulum,

880 2705 916 2733 et
940 2697 1110 2739 tropicum
1138 2695 1275 2728 Cancri.
1319 2695 1360 2728 Iu
1377 2696 1500 2738 quibus
1516 2699 1582 2730 uti-

878 2750 946 2793 que
961 2746 1170 2788 regionibus,
1196 2746 1276 2778 solis
1300 2746 1335 2779 in
1362 2747 1496 2780 Cancro
1511 2758 1580 2779 um-

878 2803 955 2841 bra,
972 2797 1075 2840 plane
1102 2796 1136 2828 in
1161 2796 1340 2829 meridiem
1355 2798 1519 2838 nascitur,
1542 2798 1578 2829 id
