1846 3120
407 269 449 300 P.
479 268 670 299 ΡΑΡιΝιι
703 268 867 299 εΤΑτιι
903 269 1046 300 srbv.
1083 262 1174 300 mu.
1200 270 1228 300 1.
1258 259 1299 301 3.

125 354 232 396 ἰείη
261 365 355 395 motu
383 361 528 394 dirutus.
587 363 671 394 Cum
701 363 828 404 Sparta

126 413 232 446 etiam
244 413 388 454 corruit,
400 423 477 446 eum
488 417 587 445 terrm
599 418 724 445 motum
739 423 827 454 prse-

128 455 494 497 disit'Anaximander.
518 463 596 495 Illic
611 468 708 495 erant
720 464 826 505 sylvae

128 513 336 554 densissimae
373 513 547 546 Laconum
577 512 827 546 venationibus.

127 564 230 606 Saepe
246 564 368 597 lustra.
413 563 590 605 Dryades,
613 563 735 606 inquit,
758 574 828 596 om-

128 607 288 656 nes'quae
314 615 349 646 in
376 613 480 657 sylvis
493 617 571 645 sunt
584 613 730 655 Taygeti
747 614 829 645 mal·

127 665 203 696 lent
213 663 368 697 babitare
382 664 493 696 villam
509 663 630 696 Manlii
646 669 683 696 et
697 674 827 697 nemus.

127 710 253 747 Donum

170 767 215 798 ⁷9
238 764 330 802 Quod
342 765 377 798 ni
398 767 513 808 templa
523 767 649 809 darent]
673 767 828 799 Nonnul-

126 814 151 850 li
161 815 224 848 bas
237 819 337 848 sones
351 815 394 848 ad
415 817 593 860 Sibyllam,
609 828 686 860 quae
697 818 828 850 Tibure

127 865 320 908 eota-batur,
337 866 505 901 referunt.
551 869 624 910 Ego
640 869 752 901 verius
768 879 828 901 ex-

125 912 274 949 istimem
292 917 353 958 ipsi
373 917 528 959 Herculi,
545 919 600 960 qui
613 919 731 951 Tiburi
741 929 828 961 prae-

127 970 216 1008 erat,
230 971 341 1000 sortes
356 967 459 1000 fuisse
473 968 659 1002 institutas.
680 970 828 1002 Veteres

129 1017 219 1050 enim
245 1017 380 1051 rusticis
410 1018 485 1051 Diis
513 1018 639 1062 (qualis
669 1024 745 1052 erat
772 1019 828 1052 hic

129 1068 303 1102 nei-entes
347 1069 560 1111 Tiburtinus,
587 1071 654 1103 alio
691 1066 829 1103 nomine

124 1118 326 1152 ‘Samus’·
341 1119 472 1163 dictus)
493 1126 604 1153 sortes
629 1126 665 1154 et
691 1122 829 1154 oracula

126 1169 398 1212 constituebant,
434 1175 474 1204 ut
501 1172 651 1214 undique
680 1174 722 1204 ad
752 1173 828 1205 illos

127 1218 312 1254 concursus
333 1221 444 1255 fieret.
465 1223 522 1255 Sic
536 1223 579 1255 ab
595 1223 710 1266 Aponi
725 1223 829 1256 fontis

126 1271 332 1304 simulachro
353 1273 491 1305 oracula
515 1274 690 1315 petebant.
727 1273 830 1306 Unde

127 1321 219 1363 apud
254 1321 465 1356 Trebellium
501 1324 711 1365 Pollionem,
758 1325 830 1356 vita

128 1371 278 1412 Claudii,
291 1373 302 1390 ‘
311 1372 430 1405 Sortes
441 1371 635 1416 Aponinae.'
668 1375 725 1406 Sic
737 1373 829 1414 apud

127 1420 278 1454 Plinium
311 1422 488 1456 Juniorem
525 1423 718 1456 Clitumnus
756 1423 830 1455 fons

128 1475 240 1504 sortes
262 1471 376 1505 habet.
419 1473 502 1515 Ejus
528 1474 633 1506 verba
662 1479 742 1506 sunt
773 1474 831 1507 lib.

128 1531 212 1555 vm.
225 1522 290 1565 Ep.
307 1525 340 1555 8.
375 1523 488 1556 Multa
499 1523 543 1556 de
559 1525 622 1557 boc
635 1525 740 1556 Statii
756 1525 831 1556 loco

124 1571 248 1614 Steph.
261 1572 404 1614 Pighius
427 1573 460 1608 in
482 1575 636 1608 Hercule
659 1574 833 1617 Prodieio,

127 1623 188 1657 ubi
199 1624 307 1656 Tibur
321 1625 498 1658 describit.
526 1626 661 1659 Gevart.

173 1677 214 1707 81
245 1676 333 1712 Quia
348 1675 451 1715 bifera
474 1675 615 1719 Alcinoi,
638 1675 711 1718 &ej
739 1676 832 1709 Alci-

129 1732 216 1759 nous
242 1726 425 1759 Nunsithoi
440 1726 544 1769 filius,
558 1737 620 1760 rex
635 1727 833 1767 Phaeacum,

129 1775 228 1820 cujus
253 1777 346 1811 horti
375 1779 608 1821 amoenissimi,
633 1784 672 1812 et
697 1780 832 1821 signate

129 1828 284 1871 pomaria
299 1829 522 1870 feracissima,
543 1830 632 1862 adeo
657 1834 694 1862 ut
715 1829 834 1862 fructi-

127 1878 194 1912 bus
224 1879 368 1912 maturis
390 1879 448 1912 alii
469 1880 707 1913 succederent.
743 1880 833 1913 Nos·

126 1933 184 1962 ter
192 1930 254 1963 vliic
266 1941 276 1962 τ
301 1930 312 1949 ⁴
322 1930 390 1964 Qui
405 1939 576 1974 nunquam
588 1931 686 1963 vacui
699 1931 832 1973 prodis-

128 1981 175 2014 tis
184 1981 221 2016 in
233 1981 361 2014 aethera
377 1981 485 2014 ramL’
529 1981 699 2014 Homerus
720 1981 831 2023 odys·

130 2041 189 2064 sea
217 2031 305 2064 libro
329 2040 395 2064 vn.
430 2032 595 2074 Virgilius
625 2032 755 2073 Georg.
792 2041 830 2063 n.

131 2081 278 2114 Ovidius
292 2082 435 2114 Meum.
446 2089 515 2115 ιιι.
531 2082 701 2114 videntor.
738 2082 832 2114 Ocu-

129 2133 180 2165 los
194 2133 260 2166 buc
272 2132 395 2165 habuit
409 2133 639 2165 Tertullianus
655 2133 698 2164 de
721 2133 834 2165 Pallio

130 2182 211 2216 dnm
235 2183 303 2215 ait:
327 2183 338 2201 ⁸
350 2183 526 2215 Consitum
548 2188 584 2216 et
597 2192 764 2215 amoenum
781 2193 835 2215 su-

129 2242 195 2275 per
221 2232 356 2266 Alcinoi
381 2238 554 2275 pometum
569 2238 606 2266 et
621 2233 726 2267 Midae
743 2243 835 2267 rose-

130 2281 228 2316 tum.¹
258 2283 408 2316 Rem-rt.

173 2336 216 2366 83
244 2334 369 2375 «Iugera
397 2333 557 2376 Telegoni]
576 2335 760 2367 Tusculum
785 2334 835 2366 in-

131 2383 270 2425 telligit,
284 2393 361 2416 uam
372 2385 565 2426 Telegonus
581 2384 750 2426 Ulyxiset
762 2385 836 2416 Cir-

131 2442 190 2468 ces
215 2433 304 2466 filius
319 2444 359 2466 ea
374 2435 502 2467 moenia
516 2435 685 2477 condidit,
698 2439 737 2468 ut
753 2436 837 2468 scri·

132 2485 219 2518 bunt
234 2484 421 2527 Pompeius
436 2489 473 2518 et
498 2486 705 2528 Porphyrio.
749 2486 837 2518 Pro·

131 2535 282 2577 pertius:
306 2537 316 2553 ⁸
332 2535 417 2567 AEaei
431 2536 558 2568 moenia
570 2536 761 2578 Telegoni!
789 2536 836 2569 A·

133 2594 232 2627 grum
255 2594 338 2618 vero
361 2586 590 2618 Tusculanum
613 2586 719 2619 fuisse
735 2597 836 2619 amoe·

133 2636 325 2676 nissimum,
341 2646 418 2668 cum
433 2636 500 2668 alia
514 2637 633 2678 multa,
650 2633 722 2670 tum
740 2638 836 2670 Stra-

132 2686 231 2719 bonis
245 2685 424 2720 coufirmat
440 2687 640 2720 auctoritas.
668 2689 795 2722 Domit.

176 2739 219 2770 84
230 2737 396 2780 Liuusque
404 2738 527 2770 cruenti
537 2738 737 2780 Antiphutae]
754 2739 838 2772 For-

134 2781 285 2820 mianum
295 2797 411 2829 ugrum
424 2788 601 2831 intelligit,
615 2789 731 2822 sedem
758 2789 838 2821 olim

134 2836 408 2879 Laestrygonum.
444 2838 538 2872 Plin.
564 2838 625 2872 lib.
641 2847 702 2872 tu.
718 2849 792 2882 cap.
805 2843 837 2872 5.

1468 258 1576 300 1651

877 364 886 381 ¹
902 363 1050 404 Opidum
1076 364 1220 396 Formiae
1238 364 1377 406 antiqua
1392 364 1582 405 Laestrygo·

878 422 958 444 num
984 413 1106 446 sedes?
1149 414 1281 446 Horum
1304 424 1366 446 rex
1392 413 1458 446 fuit
1479 412 1581 445 Anti-

878 464 997 504 pirates
1012 464 1156 496 humana
1170 474 1272 497 carue
1289 465 1462 497 victitans.
1497 464 1582 497 ovi-

878 513 954 545 dius
965 514 1052 546 Met.
1066 523 1114 547 iv.
1126 519 1160 547 et
1172 515 1283 548 Strab.
1298 516 1357 548 lib.
1370 525 1404 548 v·
1429 516 1582 549 Ber-nure.

881 565 1003 596 Cedant
1012 565 1203 605 ritreoeJ'uga
1213 566 1332 608 perfida
1347 565 1470 607 Circes]
1486 567 1495 585 ‘
1509 566 1582 598 Cir·v

880 624 942 647 cen
961 614 1126 647 vitream'
1155 620 1268 655 vocat,
1294 621 1332 648 ut
1356 623 1392 648 et
1416 616 1539 648 Horat.
1555 626 1582 649 1.-

881 664 950 697 Od.
979 667 1032 697 1⁷.
1069 665 1195 697 ‘Dices
1223 667 1418 699 laborantes
1448 667 1483 699 in
1515 677 1582 699 uno

880 715 1092 756 Penelopen,
1108 716 1320 759 vitreamque
1333 717 1480 750 Circen!
1503 720 1513 736 ⁴
1524 718 1582 749 Vi-

880 764 1007 795 tream'
1029 765 1181 806 inquam,
1206 767 1355 807 vocavit,
1381 767 1462 809 quia
1478 767 1584 809 juxta

879 823 974 846 mare
986 814 1129 855 habitat,
1145 816 1243 857 cujus
1259 816 1364 857 color,
1379 821 1418 848 ut
1434 817 1583 849 omnium

880 874 1055 906 aquarum,
1087 865 1214 897 vitreus
1245 870 1310 898 est.
1355 866 1448 898 Hinc
1482 867 1584 908 paulo

880 919 959 946 ante
982 914 1070 946 dixit
1097 916 1249 948 Noster:
1271 917 1501 959 ‘vitreasque
1527 926 1586 949 na-

880 969 954 997 tatu
974 965 1112 997 Plaudit
1127 965 1257 1008 aquas.'
1282 967 1419 1000 Auctor
1435 977 1515 1000 vero
1529 971 1584 1000 est

880 1016 1080 1048 Lactantius
1096 1016 1219 1049 Circen
1235 1022 1316 1059 post
1329 1018 1461 1051 obitum
1477 1028 1588 1059 suum,

879 1067 1047 1099 Maricam
1062 1066 1189 1099 littoris
1202 1068 1494 1101 Minturnensium
1513 1069 1586 1100 De-

881 1127 933 1149 am
951 1115 1113 1149 effectam
1129 1127 1215 1151 esse.
1255 1119 1341 1160 Ejus
1357 1119 1464 1152 verba
1479 1124 1559 1151 sunt
1576 1130 1584 1151 ε

878 1172 888 1188 ‘
907 1169 995 1201 Nam
1012 1173 1049 1202 et
1065 1170 1229 1202 Romulus
1245 1175 1324 1212 post
1340 1175 1485 1203 mortem
1502 1171 1586 1205 Qni-

881 1220 974 1251 rinus
996 1219 1108 1251 dictus
1136 1225 1203 1260 est,
1229 1220 1323 1253 Leda
1354 1222 1526 1263 Nemesis,
1550 1227 1586 1254 et

881 1269 982 1302 Circe
998 1269 1155 1302 Marica!
1181 1271 1314 1304 Get-nrt.

922 1322 965 1352 89
987 1319 1072 1352 Avia
1086 1321 1182 1354 nimb.
1206 1331 1307 1355 revoc.
1327 1322 1421 1355 litora
1444 1322 1590 1364 Bruma]

881 1371 1039 1402 Straboni
1066 1372 1281 1414 astipulatur,
1305 1373 1395 1414 apud
1410 1383 1510 1415 quem
1527 1373 1589 1406 lib.

884 1431 919 1453 v.
939 1419 1063 1454 'Au-rm
1077 1422 1219 1462 ἀλίμενος
1228 1422 1278 1455 καὶ
1294 1423 1373 1462 αὐτὴ
1387 1423 1489 1458 πόλις.
1520 1425 1586 1456 Lu-

882 1468 1010 1504 cretius
1033 1473 1092 1505 lib.
1108 1482 1158 1506 tv.
1182 1474 1193 1493 ‘
1206 1475 1296 1506 Avia
1317 1475 1393 1508 loca
1405 1498 1413 1507 .
1425 1498 1449 1508 ..
1463 1475 1588 1507 nullius

884 1526 964 1553 ante
980 1522 1078 1555 Trita
1087 1523 1184 1555 solo.'
1203 1523 1293 1557 Avia
1305 1525 1356 1558 lit.
1370 1525 1512 1565 ἀλίμενα.
1538 1525 1588 1557 At

883 1574 1000 1606 Livius
1013 1575 1109 1607 initio
1121 1576 1181 1608 lib.
1194 1585 1251 1610 tn.
1297 1576 1440 1609 Antium
1452 1578 1590 1619 propin·

884 1635 998 1666 quam,
1023 1630 1264 1668 opportunam,
1289 1627 1446 1668 εὐλίμενον
1466 1632 1502 1659 et
1517 1637 1590 1659 ma·

883 1675 1030 1707 ritimam
1046 1676 1166 1708 urbem
1190 1677 1352 1710 nominat.
1398 1678 1590 1711 Conciliate

883 1725 959 1757 haec
975 1725 1187 1767 Geographi.
1209 1728 1339 1761 Illorell.

926 1779 969 1808 94
985 1777 1098 1809 Senior
1109 1778 1299 1821 Gargetius]
1326 1779 1514 1821 Epicurum
1538 1779 1586 1811 in-

884 1827 1022 1868 telligit,
1050 1829 1110 1870 qui
1139 1829 1222 1862 licet
1260 1830 1335 1872 ipse
1365 1830 1589 1862 Atheniensis

883 1882 988 1919 esset,
1004 1885 1138 1920 patrem
1161 1883 1275 1912 tamen
1294 1881 1452 1912 Nioclem
1470 1879 1590 1911 babuit

884 1937 926 1959 ex
945 1938 1032 1970 pago
1045 1929 1226 1971 Gargetio,
1241 1934 1282 1963 ut
1296 1935 1415 1963 auctor
1424 1934 1479 1963 est
1489 1930 1590 1962 Lae'r·

884 1979 964 2012 tius.
989 1981 1088 2013 Bern.
1120 2019 1122 2021 ,

926 2034 969 2063 96
995 2031 1119 2064 Oleniis
1129 2032 1260 2072 dignum
1271 2031 1400 2074 petiisse
1411 2030 1593 2071 mbastris]

885 2082 1030 2122 Capram
1056 2082 1152 2115 Jovis
1183 2082 1366 2123 nutrit-em,
1396 2086 1432 2114 et
1458 2081 1590 2113 Hoedos

884 2131 1046 2172 indigitat
1057 2145 1065 2172 ;
1080 2132 1124 2164 de
1135 2133 1258 2174 quibus
1270 2137 1370 2164 autor
1381 2138 1452 2164 vet.
1471 2133 1592 2173 Sphae-

888 2192 935 2214 rae
950 2183 1065 2216 Jamb.
1084 2183 1291 2225 jampridem
1309 2193 1329 2215 a
1341 2183 1440 2215 nobis
1462 2182 1593 2222 διγλώτ-

885 2244 948 2265 ‘rm
969 2233 1088 2274 editae,
1112 2235 1194 2275 Λαιῷ
1214 2236 1248 2265 ἓν
1259 2234 1328 2274 ὤμῳ
1343 2232 1438 2272 Ζηνὸς
1453 2233 1501 2273 αἲξ
1526 2234 1593 2265 ἐστι

886 2283 1012 2325 τροφὸς,
1023 2283 1147 2326 Ἐριφὸς
1160 2283 1194 2316 δὲ
1208 2283 1328 2323 ταύτης
1341 2287 1445 2326 νερθεν
1462 2284 1595 2324 εἴληχεν

885 2333 995 2366 τόπον.
1017 2334 1182 2376 Propert.
1196 2334 1334 2366 hoedum
1355 2335 1473 2376 ἑνικῶς,
1499 2335 1509 2354 ‘
1522 2335 1596 2366 Pu-

888 2394 945 2416 rus
956 2389 992 2417 et
1009 2384 1131 2423 Orion,
1154 2394 1259 2426 purus
1284 2389 1322 2416 et
1347 2385 1482 2417 Hoedus
1507 2384 1595 2418 erit.’

887 2434 926 2467 τὸ
949 2436 1093 2477 dig-num,
1115 2435 1244 2477 δίκαιον,
1260 2435 1368 2469 δεινόν.
1394 2437 1559 2470 Morellns.

930 2489 972 2518 97
1000 2486 1131 2528 Maleoe]
1159 2486 1202 2519 Id
1224 2492 1291 2528 est,
1320 2487 1484 2528 periculis
1513 2497 1596 2519 nau·

889 2535 1077 2578 fragiorum
1103 2547 1180 2579 quae
1200 2536 1288 2569 fiunt
1304 2537 1347 2568 ad
1365 2538 1514 2570 Maleam
1529 2537 1595 2570 La·

888 2587 1000 2619 coniae
1030 2587 1323 2628 promontorium:
1347 2588 1437 2630 quod
1457 2588 1531 2621 exit
1560 2589 1595 2620 in

888 2645 980 2668 mare
995 2636 1148 2679 quinque
1169 2636 1306 2669 milibus
1329 2648 1504 2680 passuum,
1527 2643 1595 2671 tam

890 2690 986 2720 certo
1007 2687 1216 2729 discrimine,
1229 2692 1269 2720 ut
1274 2689 1504 2730 proverbium
1521 2688 1597 2721 fue-

889 2737 958 2770 rit:
980 2739 990 2756 ‘
1006 2738 1091 2770 Cum
1112 2737 1262 2770 Maleam
1279 2739 1468 2779 transieris,
1482 2749 1526 2771 ne
1542 2748 1594 2771 re—

891 2787 1041 2831 spicit0,'
1057 2787 1223 2820 utseribit
1235 2789 1369 2821 Strabo.
1387 2789 1510 2821 Domie.

934 2841 977 2871 98
999 2838 1052 2871 Sit
1065 2838 1134 2879 cio]
1151 2838 1252 2871 Mens
1266 2847 1275 2869 ι
1300 2839 1415 2880 Digna
1429 2844 1484 2871 est
1496 2838 1595 2870 Man-
