1846 3120
259 235 373 278 1212

756 246 797 278 P.
832 245 938 277 PAPl
951 246 1020 276 ΝΙῙ
1054 245 1219 279 S'l'A'rn

259 341 314 383 Id
335 342 477 383 visum
501 340 694 382 Danais:
725 341 919 394 geminas
937 353 1041 393 ergo
1057 341 1176 383 ilicet
1193 354 1293 383 aras

258 408 504 449 Arboribus
527 407 657 456 vivis,
672 411 716 449 et
731 407 883 449 adulto
903 409 1075 462 cespite
1096 409 1192 450 texi

258 474 468 528 Imperat,
490 474 826 527 innumerosque
845 474 959 515 >Deae
980 488 1059 516 sua
1078 487 1255 516 munera
1275 474 1425 527 flores,

259 540 319 581 Et
338 540 543 581 cumulos
563 540 750 593 frugum,
772 542 816 582 et
835 541 1046 594 quicquid
1067 547 1205 583 novat
1222 542 1388 597 integer
1408 544 1548 586 annus

1625 443 1711 520 306

258 606 413 657 Addit,
437 612 482 648 et
501 607 670 649 intacto
689 607 1084 661 spargensraltaria
1102 608 1219 650 lacte
1473 658 1476 659 ⁷

258 674 447 728 Incipit:
481 674 519 716 O
542 675 769 716 hominum
787 675 1037 728 Divumque
1058 680 1220 717 aeterna
1239 677 1445 728 creatrix,

259 740 374 792 Quae
392 741 567 792 fluvios,
587 742 840 797 sylvasque,
867 743 1113 784 animarum
1134 747 1181 784 et
1200 744 1371 786 semina
1388 744 1541 787 mundi

258 807 443 860 Cuncta,
464 808 842 863 Prometheasque
861 821 1034 859 manus,
1055 809 1354 864 Pyrrhaeaque
1376 823 1490 853 saxa

1610 809 1713 879 '305

258 874 429 928 Gignis‚
450 882 495 917 et
513 877 717 931 impastis
737 889 838 930 quae
858 876 1001 931 prima
1018 875 1224 918 alimenta
1243 877 1416 929 dedisti,

258 941 535 998 Mutastique
551 943 687 994 vices,
709 956 810 997 quae
828 946 1010 998 pontum
1031 943 1275 998 ambisque,
1293 944 1520 1005 vehisque‚

254 1075 373 1108 Statim
395 1076 501 1117 itaque
511 1075 604 1116 jubet
626 1078 685 1109 duo
697 1076 813 1109 altaria
828 1076 895 1108 texi
908 1085 949 1108 ex
962 1075 1134 1119 virentibus
1155 1075 1328 1117 arboribus,
1343 1081 1375 1109 et
1389 1077 1494 1109 adulto
1506 1076 1663 1118 gramine,
1675 1080 1708 1109 et

252 1117 362 1157 adiicit
388 1119 506 1150 numini
526 1119 626 1161 flores
653 1121 753 1151 omnis
777 1118 914 1159 generis,
938 1128 994 1150 sua
1019 1119 1110 1158 dona,
1139 1122 1169 1150 et
1183 1129 1310 1151 acervos
1332 1124 1483 1159 segetum,
1507 1124 1538 1152 ee
1564 1119 1709 1162 quioquid

252 1162 375 1193 rediens
401 1172 501 1193 annus
529 1165 670 1200 renovat,
694 1166 726 1194 et
752 1161 943 1203 perfundens
974 1170 1045 1192 aras
1073 1171 1150 1192 novo
1177 1162 1258 1193 lacte
1287 1162 1432 1194 orditur.-
1463 1163 1494 1194 0
1519 1163 1709 1204 sempiterna

250 1204 395 1242 genitrix
414 1204 570 1236 hominum
586 1208 619 1236 et
642 1205 793 1243 Deorum,
815 1214 883 1245 quoe
897 1213 1043 1245 procrea-5
1057 1203 1205 1244 flumina,
1220 1215 1416 1246 nemoraque,
1429 1207 1459 1236 et
1475 1205 1578 1237 omnia
1592 1205 1711 1237 nemina

251 1246 458 1278 animantium
473 1247 591 1287 mundi,
602 1250 633 1279 et
643 1257 742 1287 genus
755 1247 921 1278 humanum
935 1257 955 1278 a
970 1246 1154 1277 Prometheo
1161 1246 1287 1288 fictum,
1300 1251 1333 1278 et
1345 1250 1524 1288 reparatum
1543 1258 1564 1279 ιι
1581 1247 1709 1289 Pyrrha

251 1289 390 1329 lapidum
403 1289 509 1327 jactu,
523 1293 553 1321 et
569 1300 637 1330 quae
654 1291 757 1331 prima
770 1289 932 1330 praebuisti
944 1288 1056 1330 pabula
1070 1289 1225 1329 impastis,
1238 1293 1268 1321 et
1283 1290 1422 1322 mitiores
1433 1290 1601 1322 reddidisti
1611 1289 1710 1321 lwmi-
1769 1320 1781 1323 i

253 1340 307 1362 nes
332 1331 456 1364 mitiore
470 1332 549 1374 cibo,
564 1343 633 1373 quae
649 1332 843 1374 amplecteris
863 1341 947 1363 mare
959 1335 1134 1373 portasque,
1158 1332 1312 1364 mansueti
1331 1332 1482 1374 pecudum
1494 1331 1710 1373 greges,seri-

863 1427 1107 1440 omunstat·

243 1492 382 1533 frugum
397 1492 475 1524 edd.
492 1497 575 1526 vett.
599 1494 749 1526 correxit
765 1494 980 1537 Bernartius.
996 1494 1130 1536 impiger
1143 1505 1245 1526 annus
1259 1494 1448 1535 Pau—304
1471 1495 1561 1526 Dan.
1577 1499 1613 1527 et
1627 1494 1712 1529 Put.

253 1536 427 1567 animarum
440 1536 558 1568 semina
571 1538 705 1573 munitm·
727 1538 851 1569 Behot.
867 1540 898 1569 1.
913 1537 1088 1568 animarum
1113 1540 1144 1569 et
1165 1537 1282 1569 semina
1303 1539 1409 1569 mundi
1418 1548 1430 1575 ;
1452 1537 1579 1569 Bebot.
1593 1539 1626 1570 2.
1640 1538 1710 1570 uni-

252 1589 319 1610 mus
334 1582 364 1610 et
377 1579 494 1610 semina
514 1581 645 1616 mundi‚·
667 1581 792 1612 Petav.
819 1581 922 1620 Lang.
942 1580 1043 1611 Laur-
1066 1579 1200 1611 Buslid.
1223 1580 1375 1621 Lipsian.
1391 1585 1427 1611 et
1444 1579 1525 1612 edd.
1541 1584 1629 1612 vett·
1641 1581 1711 1612 αἱ·

252 1631 378 1661 masque
393 1624 423 1653 et
437 1621 555 1653 semina
565 1622 788 1654 mundi.—305
812 1622 1064 1663 Prometheoeque
1079 1632 1188 1653 manus
1203 1622 1356 1654 Gronov.
1375 1622 1478 1655 Obss.
1494 1631 1552 1655 111.
1567 1625 1710 1657 ⁷.—aoz

255 1664 452 1705 Mutastique
466 1664 549 1695 viros
564 1665 669 1706 Lang.
687 1665 791 1697 Laur.
807 1665 939 1696 Buslid.
958 1665 1107 1705 Lipsian.
1126 1665 1214 1696 Dan.
1230 1665 1310 1696 Pur.
1327 1665 1451 1697 Petav.
1464 1665 1605 1698 Behott.
1621 1667 1652 1697 1.
1676 1667 1711 1697 2.

255 1711 293 1739 et
307 1706 386 1759 edd.
403 1711 482 1739 ante
498 1706 652 1740 Gronov.
677 1707 767 1739 Vide
785 1708 868 1740 Not.
891 1708 976 1739 Var.
993 1707 1186 1749 Mutaseique
1200 1707 1283 1740 cibos
1297 1708 1436 1749 optimae
1459 1707 1592 1740 Bartbii
1607 1717 1712 1740 niem-

919 1819 951 1852 N
956 1819 1061 1852 01*AE

300 1899 365 1928 299
386 1895 561 1928 Arboribus
587 1895 685 1937 vivis]
728 1894 783 1927 An
823 1905 960 1937 semper

259 1946 462 1986 virentibus,
490 1951 528 1978 ut
551 1955 724 1987 cupresso,
750 1950 809 1978 aut
834 1946 958 1978 lauro:

259 2000 318 2027 aut
335 2001 428 2028 certe
445 1995 621 2034 viridibus,
645 1995 680 2027 id
694 2000 760 2037 est,
775 2005 885 2038 nuper
900 1995 959 2028 ab·

261 2046 385 2078 scissis.

301 2099 365 2128 300
388 2097 482 2138 Deae]
502 2097 631 2129 Terrae.
675 2096 786 2127 Terra
799 2096 888 2127 enim
901 2105 959 2128 seu

258 2147 373 2179 Tellus
385 2147 558 2179 veteribus
575 2147 650 2179 Dea
665 2146 795 2179 credita
811 2157 819 2179 ε
844 2152 962 2179 cetera

263 2197 366 2229 etiam
383 2197 553 2228 elementa
568 2197 673 2229 culta.

303 2250 366 2279 303
390 2247 563 2279 Hominum
574 2247 754 2289 Divumque
763 2251 881 2280 oeterna
895 2257 960 2279 cre-

261 2297 366 2338 atrix]
395 2297 578 2337 Homerus,
594 2297 730 2339 Hymno
753 2298 786 2329 in
811 2298 962 2337 Terram,

261 2357 336 2378 eam
367 2350 466 2378 vocat
505 2351 649 2378 matrem
676 2347 838 2380 Deorum.
896 2347 961 2379 Or·

264 2397 370 2438 pheus
387 2397 490 2428 etiam
516 2396 550 2427 ln
569 2397 637 2428 suis
653 2397 799 2438 Hymnis
814 2406 888 2429 eam
904 2407 962 2429 vo-

262 2453 320 2479 cat
348 2448 497 2479 Deorum
531 2447 784 2489 Hominumque
806 2454 961 2488 matrem,

262 2502 301 2528 ut
316 2497 418 2528 etiam
435 2496 519 2529 facit
540 2496 742 2538 Apollonius
758 2497 887 2538 Argon.
902 2497 961 2529 lib.

262 2557 319 2580 111.
363 2546 746 2579 Confundebaturenim
761 2557 836 2579 cum
853 2547 959 2588 Rhea,

263 2608 338 2640 quae
355 2602 465 2628 mater
478 2599 632 2629 Deorum
648 2598 896 2638 appellabatur.

306 2649 369 2678 304
395 2648 439 2678 Et
466 2647 585 2678 semina
611 2647 720 2678 muudi
750 2647 886 2687 Cuncta]
918 2647 960 2679 Id

265 2702 330 2734 est,
346 2705 388 2728 ex
404 2696 524 2738 quibus
550 2706 604 2727 res
630 2705 745 2727 omnes
764 2697 962 2738 gignuntur.

307 2750 370 2779 805
395 2746 657 2787 Prometheasque
682 2746 807 2787 monus]
830 2746 872 2778 Id
893 2752 961 2787 est,

263 2797 414 2830 homines
430 2806 450 2830 a
465 2797 672 2830 Prometheo
682 2795 803 2829 fictos:
820 2797 960 2830 Prome-

1014 1896 1112 1928 theus
1142 1894 1232 1927 enim
1255 1904 1299 1927 ex
1324 1895 1405 1927 limo
1425 1899 1527 1927 terrm
1542 1894 1712 1928 homiuem

1014 1945 1178 1977 formasse
1203 1945 1340 1978 dieitur.
1386 1945 1599 1987 Pyrr-heroque
1616 1945 1712 1987 saxa]

1015 1995 1231 2027 Fabulantur
1267 1994 1387 2027 Posstae
1419 1995 1586 2037 Pyrrham
1614 1996 1713 2038 jactu

1013 2045 1163 2087 lapidum
1189 2046 1368 2077 humanum
1384 2054 1490 2086 genus
1506 2045 1633 2078 diluvio
1653 2056 1714 2078 ex-

1015 2096 1162 2127 tinctum
1201 2103 1386 2136 reparasse.
1430 2094 1521 2127 Vide
1550 2095 1712 2128 Ovidium

1015 2146 1103 2177 Met.
1123 2154 1149 2176 1.
1570 2157 1574 2160 ,

1056 2198 1118 2228 807
1143 2195 1341 2236 Mutaetique
1365 2195 1447 2227 vices
1469 2195 1584 2237 [viros]
1606 2195 1659 2228 An
1673 2200 1714 2228 ut

1015 2256 1057 2278 ex
1073 2246 1155 2278 feris
1170 2246 1321 2278 mitiores
1334 2244 1471 2286 fierent,
1493 2245 1620 2278 mitiori
1634 2245 1714 2279 cibo

1014 2296 1130 2338 pasti?
1155 2296 1364 2327 Membranae
1385 2294 1531 2327 omnium
1545 2296 1685 2337 optima
1701 2308 1712 2330 ε

1016 2346 1165 2386 Impastis
1189 2355 1258 2386 quoe
1281 2345 1386 2385 prima
1410 2345 1558 2378 alimenta
1585 2347 1712 2389 dedisti,

1015 2395 1211 2436 Mutastique
1222 2395 1313 2427 vices.
1360 2395 1461 2429 Quod
1483 2396 1651 2428 sincerum
1660 2397 1716 2439 3η-

1013 2445 1104 2477 dico.
1159 2445 1265 2476 Vices
1278 2449 1358 2477 sunt
1374 2445 1622 2484 alimentorum,
1635 2455 1714 2479 cum

1015 2495 1193 2537 glandibus
1224 2500 1262 2527 et
1289 2495 1415 2527 ceteris
1442 2495 1536 2527 nullo
1565 2501 1713 2538 cogente

1014 2546 1152 2585 creatis,
1179 2546 1331 2577 mitiores
1359 2546 1453 2578 cibos
1488 2555 1589 2578 manu
1618 2548 1713 2579 culta

1015 2597 1200 2636 substituit,
1219 2602 1255 2628 et
1270 2596 1457 2628 succedere
1473 2596 1591 2638 jussit.
1633 2598 1712 2629 Vir-

1015 2647 1114 2688 gilius
1129 2647 1259 2687 Georg.
1281 2648 1291 2663 ‘
1311 2646 1438 2677 Vestro
1451 2647 1478 2678 si
1493 2655 1634 2678 munere
1649 2647 1712 2679 tel-

1014 2700 1066 2730 lus
1082 2698 1265 2730 Chaoniam
1282 2697 1400 2738 pingui
1423 2697 1581 2737 glandem
1602 2702 1711 2731 mutn-

1013 2748 1064 2780 vit
1079 2746 1205 2780 arista?
1248 2746 1394 2779 Ovidius
1419 2747 1513 2780 Fast.
1535 2756 1588 2779 n·-
1611 2749 1621 2766 ⁸
1636 2749 1711 2781 Ho-

1014 2798 1103 2830 mine
1133 2797 1176 2829 ad
1214 2797 1353 2829 meliora
1388 2796 1550 2830 alimenta
1586 2804 1708 2833 vocato
