1858 3112
430 240 470 270 P.
501 238 694 272 PAPtNll
729 238 895 270 s'rA'rlt
929 237 1078 269 SYLv.
1114 237 1208 268 Ltss.
1240 237 1308 268 tv·
1339 226 1399 268 l.·'

169 337 237 374 est,
252 332 357 366 vitem
373 331 539 366 dederat:
565 338 602 365 et
624 339 709 375 puto
731 338 876 376 propter

169 383 236 418 boe·
247 383 432 426 leguntur?
455 383 580 416 Mor-etl.

169 461 174 463 .
209 433 278 468 &a
303 433 633 475 depluat-omekinus]
663 433 784 475 Atqui,
820 433 871 464 in·

164 484 246 527 ,quit
274 483 456 526 Papinius,
485 484 625 526 publice
649 484 801 516 eduntur
823 484 872 515 le·

166 533 297 567 viui-i
323 534 410 582 ludi,
437 538 473 566 et
495 539 698 576 spectantur
720 534 872 575 sphaero-

166 585 324 626 machin,
339 595 359 617 a
372 585 502 627 σφαῖρα,
519 586 599 627 pila,
609 589 648 617 et
668 582 769 625 μάχη,
790 594 872 626 pug-

166 645 231 669 u:
250 635 353 668 ludus
375 641 452 668 eret
478 636 619 677 pilarius
635 635 668 668 in
684 636 891 678 gymnasio„

166 687 240 730 qui,
270 691 308 720 ut
337 687 386 720 ait
417 687 532 722 Julius
561 688 701 728 Pollux,
731 687 791 720 lib.
816 696 871 720 tx.

163 737 331 781 sphetim
350 738 613 780 appellabatur,
639 738 692 770 vel
716 748 735 769 a
760 737 870 779 primo

164 793 324 832 auctore,
336 789 392 821 vel
406 798 426 820 a
439 787 577 830 σφάλλω
589 788 680 831 quod
697 795 751 820 est
765 789 848 828 sallo
860 799 872 821 .-

165 847 245 871 nam
260 848 346 872 cum·
356 840 456 882 pilam
474 850 558 872 unus
573 840 674 872 alteri
695 840 872 872 videretur

165 889 336 931 polliceri,
348 891 449 923 alteri
460 891 635 924 mittebat.>
655 891 781 930 Pilam,
793 889 870 932 ‹⁶111ae

165 950 208 973 eo
235 941 268 973 in
293 941 375 974 ludo
393 948 482 984 erat,
499 947 600 984 putat
615 943 690 984 ipse
706 952 781 974 esse
794 943 871 974 har-

164 988 330 1035 putum:
368 995 510 1035 ambigit
538 999 652 1028 tamen
683 1005 726 1027 au
756 995 871 1037 potius

163 1043 236 1085 pil·
257 1044 330 1078 illic
352 1043 459 1078 fuerit
480 1056 557 1088 quae
579 1047 691 1078 mollis
714 1046 842 1078 dicitur
859 1057 869 1086 3

162 1103 242 1126 mm
258 1095 417 1137 hai-pasti
435 1096 523 1128 lusio
538 1097 582 1129 ab
600 1097 721 1129 eodem
738 1097 869 1129 descri-

162 1145 270 1187 bitur,
292 1147 447 1189 quamvis
474 1148 579 1189 pilam
604 1158 672 1180 non
701 1150 868 1182 nominet.

165 1195 436 1236 Dividebnutur,
449 1199 573 1241 inquit,
583 1200 731 1241 juvenes
742 1200 776 1232 in
791 1201 869 1242 par-

164 1251 244 1280 tes:
274 1247 536 1293 docebaturque
567 1252 659 1284 linea
687 1252 723 1284 in
754 1252 868 1284 medio

163 1308 286 1342 cumpo
308 1300 367 1333 ubi
391 1301 462 1343 pila
485 1302 680 1343 ponebatur
702 1303 775 1345 pari
791 1313 868 1345 spa·

162 1350 217 1382 cio
242 1351 334 1383 ultro
362 1352 533 1395 citroque.
577 1353 670 1385 Duas
695 1353 868 1386 ducebant

162 1399 270 1433 lineas
284 1401 342 1439 ubi
352 1401 499 1435 diversae
515 1408 632 1445 partes
646 1408 810 1446 tanquam
824 1403 869 1437 ad

162 1455 289 1484 metam
309 1453 569 1487 consistebant:
591 1455 682 1487 unde
699 1454 793 1487 facto
810 1457 870 1487 im-

162 1506 245 1544 petn
271 1503 402 1545 pariter
414 1504 642 1537 accurrebant
657 1506 698 1538 ad
715 1507 819 1547 pilam
836 1507 871 1539 in

161 1551 276 1585 medio
301 1554 461 1595 positam.
504 1555 592 1593 Pars
615 1566 691 1598 quae
706 1558 799 1598 prius
817 1567 870 1589 ra-

162 1602 296 1644 piebat,
309 1603 467 1646 jaciebat
495 1604 540 1637 ad
569 1613 696 1639 metam
727 1608 870 1641 alterins

162 1653 285 1696 partis,
307 1663 410 1696 quam
431 1656 460 1687 si
477 1655 546 1697 pila
560 1657 869 1699 praetergredieba-

162 1707 235 1745 tur,
249 1704 324 1738 baec
339 1705 464 1738 victrix
477 1711 564 1739 erat.
598 1708 870 1743 Contendebant

160 1755 268 1802 igitur
295 1762 333 1789 et
354 1757 458 1799 pilam
473 1758 567 1800 prius
583 1768 720 1801 rapere,
741 1766 778 1794 et
792 1771 868 1794 eam

155 1805 291 1848 juetam
307 1808 492 1850 repellere,
501 1818 544 1842 ne
558 1814 684 1842 metam
696 1811 869 1844 transiret.

161 1857 215 1890 Ea
229 1858 326 1890 'lusio
346 1859 544 1900 appellatur
565 1859 710 1903 aarum,
730 1863 810 1903 quia
826 1872 868 1894 ex

161 1909 303 1950 pulvere
336 1915 539 1952 raperetur:
576 1910 659 1945 κόνις
695 1913 870 1955 significat

158 1960 333 2000 puh-emu:
356 1961 391 1993 in
417 1961 520 1995 editis
551 1967 664 1996 tamen
691 1965 868 1998 codicibus

160 2011 288 2052 legitur
307 2011 469 2054 ἐπίκοινος,
493 2015 621 2055 quasia
636 2015 742 2048 dubio
753 2017 870 2058 jactu,

160 2067 198 2096 et
211 2062 357 2104 δφηβικὴ,
371 2065 450 2107 quia
465 2065 591 2107 ephebi
605 2076 646 2099 ca
662 2067 869 2101 exerceban-

161 2122 237 2148 tur:
259 2116 350 2158 quod
374 2121 556 2160 utrumque
570 2123 694 2160 aperte
708 2119 870 2162 designat

159 2167 196 2198 in
232 2166 397 2208 harpasto
434 2168 542 2202 Mart.
572 2169 674 2202 ‘Sive
703 2171 869 2213 harpasta

158 2217 262 2249 mann
288 2217 530 2258 pulverulenta
559 2220 676 2262 rapis.’
722 2217 788 2254 Hi's
817 2232 869 2254 ra-

159 2267 308 2300 tionibus
334 2277 401 2310 ego
427 2270 529 2311 plane
553 2272 713 2304 existimo
739 2283 804 2305 non
835 2274 868 2306 in

158 2318 315 2360 sphenna
343 2318 451 2351 fuisse
482 2321 695 2363 harpastum,
717 2324 775 2356 nbi
803 2334 869 2357 nec

159 2369 314 2410 pulveris
338 2379 405 2402 nec
428 2372 638 2412 epheborum
655 2374 786 2406 mentio
801 2379 867 2415 est,

158 2420 269 2453 sedin
285 2421 347 2454 bac
360 2422 502 2455 lusione.
529 2423 638 2456 Sileat
651 2424 768 2466 itaque
780 2425 867 2457 Bro-

159 2472 270 2512 tbens,
298 2475 336 2504 et
363 2472 440 2505 haec
467 2482 488 2505 a
511 2474 612 2507 nobis
638 2474 764 2516 discat,
789 2485 866 2518 quae

157 2523 273 2555 multis
301 2523 487 2565 conjuratis
521 2525 758 2560 adnitentibus
789 2535 866 2568 per-

158 2573 277 2614 cipere
304 2582 372 2605 non
398 2575 532 2615 potuit:
557 2575 740 2608 novissime
770 2576 867 2609 deni·

157 2623 246 2667 que.'
269 2624 394 2657 Domit.

163 2697 166 2702 .
200 2674 324 2707 Cum.
338 2683 364 2707 t.
389 2677 405 2706 1
423 2675 514 2708 Loeta
527 2676 683 2719 purpura]
701 2677 864 2710 Libanius

157 2724 196 2756 iuv
208 2724 441 2767 Panegyrico,
456 2725 597 2759 Juliano
614 2726 657 2760 A.
668 2728 775 2761 eous.
791 2728 863 2760 dic-

157 2780 207 2814 to,
225 2776 439 2809 Praetextam
454 2777 677 2811 Consularem
688 2781 862 2820 vaugustis-

158 2826 278 2859 simam
289 2831 420 2860 vestem
433 2828 600 2863 nominat.
636 2821 792 2863 Martial.
805 2829 864 2862 lib.

1517 228 1631 271 1721

928 343 1010 367 vm.
1024 334 1149 375 Ep.8.‘
1162 334 1323 375 Purpura
1335 338 1370 367 te
1382 332 1481 375 felix,
1495 338 1528 366 te
1542 335 1632 368 colat

924 384 1034 416 omnis
1050 384 1178 416 ltonos.’
1201 385 1327 417 Morell.

966 439 987 468 4
1012 435 1123 467 Primo
1146 435 1245 473 mqior
1260 435 1344 476 Eoo]
1375 435 1631 477 Admimbilior,

923 495 966 518 ex
998 485 1203 525 Aristotele,
1234 486 1292 527 qui
1317 485 1491 526 justitiam
1522 486 1630 528 magis

923 536 1156 568 admirandam
1173 546 1248 567 esse
1265 537 1350 575 vult,
1365 546 1467 578 quam
1485 537 1631 569 Veneris
1658 536 1661 539 ’

922 587 1069 623 stellam,
1085 596 1161 628 qua·
1179 595 1277 618 mane
1294 586 1632 627 huenen-,sarova-

922 646 983 678 per
1013 638 1067 669 vel
1102 636 1262 669 Noctifer
1275 636 1277 638 ’
1292 637 1442 669 dicitnr:
1478 637 1530 669 καὶ
1557 638 1630 670 οὔτε

911 686 1068 730 Ἕσπερος
1103 687 1175 720 οὔτε
1210 686 1305 727 Ἐᾧος
1333 685 1414 718 οὕτω
1444 687 1630 728 θαυμαστός.

920 739 1021 771 Idem.

963 795 985 823 9
1009 793 1055 824 Et
1069 792 1206 834 requiem
1220 792 1268 825 bis
1281 796 1391 825 sextus
1410 791 1521 833 honos]
1557 792 1628 823 Pu-

921 844 981 876 det
1013 844 1047 876 in
1075 855 1112 876 re
1139 844 1232 877 facili
1259 849 1446 886 tantopere
1474 843 1629 876 sudasse.

925 895 983 927 Bis
995 899 1107 928 sextus
1120 896 1214 927 honos
1223 899 1275 928 est
1287 896 1468 928 duodecim
1482 894 1627 927 fascium

921 950 958 977 et
973 946 1132 978 lictorum
1146 946 1267 987 honos,
1282 946 1456 988 proprium
1473 946 1629 979 consula-

922 1001 978 1029 tus
993 997 1138 1038 insigne.
1162 997 1212 1029 Ut
1227 1007 1302 1029 cum
1314 995 1511 1030 Juvenalis':
1528 998 1538 1016 ‘
1550 1007 1627 1029 cum

914 1047 988 1089 jam
1006 1052 1105 1079 sexta
1121 1047 1257 1079 cervice
1273 1046 1388 1088 forat:
1410 1047 1444 1079 id
1473 1051 1539 1089 est,
1566 1047 1628 1079 sex

920 1097 1172 1130 lecticariorum
1200 1098 1408 1130 cervicibus.
1453 1098 1488 1130 Is
1520 1098 1627 1130 honos

920 1148 1093 1190 requievit
1114 1149 1332 1189 Imperatori,
1355 1149 1517 1191 quamdiu
1546 1159 1626 1181 eum

918 1207 984 1230 non
1025 1198 1203 1240 usurpavit
1239 1198 1386 1230 admisso
1423 1199 1626 1230 consulatu:

918 1250 1052 1290 requiem
1081 1248 1171 1290 apud
1200 1248 1294 1280 illum
1326 1249 1416 1286 eicit,
1444 1254 1626 1291 postquam

918 1298 1092 1332 adhibitus
1129 1304 1182 1332 est
1225 1305 1387 1341 suscepto
1433 1300 1626 1334 consulatu.

921 1352 1060 1383 Gronov.

964 1405 1002 1434 11
1044 1402 1116 1443 Ipse
1151 1401 1248 1434 etiam
1281 1401 1426 1434 immensi
1461 1405 1628 1444 reparator

917 1451 1165 1493 ’naa-imusoevi]
1197 1451 1295 1484 Idem
1322 1458 1375 1484 est
1399 1454 1491 1494 apud
1519 1453 1627 1485 Mart.

919 1503 979 1536 lib.
997 1513 1077 1537 vur.
1094 1504 1134 1536 E.
1153 1506 1183 1535 l.
1209 1508 1246 1535 et
1261 1506 1294 1535 8.
1309 1504 1319 1522 ⁶
1331 1504 1514 1535 Fastorum
1529 1504 1626 1545 geni-

919 1559 974 1587 tor
1003 1555 1201 1597 Patensque
1230 1553 1365 1588 Janus.'
1423 1555 1626 1597 Siquidem:

916 1606 927 1624 ‘
944 1606 1158 1647 Principium
1174 1605 1234 1637 dat
1249 1605 1425 1637 velocibus
1447 1605 1556 1646 aunis,
1580 1606 1628 1638 Et

918 1661 1064 1690 renovat
1088 1657 1184 1689 vultu
1211 1657 1328 1689 secula
1351 1656 1452 1697 longa
1478 1655 1563 1689 suo.'
1589 1655 1627 1688 τὸ

917 1711 1083 1750 reparator
1092 1707 1235 1739 eandem
1248 1708 1316 1739 vim
1328 1711 1365 1739 et
1377 1705 1496 1739 ἔννοιαν
1511 1707 1627 1749 babet,

919 1763 1023 1802 atque
1038 1758 1235 1796 σννοικιστὴς
1247 1759 1400 1790 Pindaro
1416 1758 1558 1800 Olymp.
1573 1767 1626 1791 vr.

918 1809 962 1843 A.
979 1810 1078 1853 quasi
1102 1810 1112 1827 ‘
1127 1810 1347 1851 reconditor:
1370 1814 1430 1842 aut
1445 1811 1455 1828 ‘
1467 1809 1627 1842 conditor

919 1862 1031 1894 alter!
1053 1863 1181 1894 Moren.

962 1917 1003 1947 13
1025 1914 1130 1947 Junus
1144 1914 1226 1955 agit,
1240 1924 1341 1956 quem,
1355 1914 1426 1956 ssa]
1458 1914 1628 1946 Pulcher·

919 1965 1023 1998 rimus
1040 1966 1148 2007 locus,
1164 1965 1224 1997 sed
1241 1975 1341 2007 quem
1359 1974 1427 1997 rar.
1443 1965 1555 1998 adbuc
1576 1965 1626 1997 in-

918 2017 1139 2049 tellexerunt.
1188 2015 1247 2048 Ait
1273 2016 1400 2049 Janum
1429 2026 1514 2058 pace
1544 2016 1630 2057 liga-

919 2074 990 2099 tum
1014 2067 1245 2109 composuisse
1270 2067 1359 2099 bella
1383 2071 1420 2098 et
1438 2066 1575 2108 jurasse
1591 2066 1627 2098 in

917 2118 1014 2160 leges
1030 2118 1110 2150 novi
1127 2116 1204 2156 fori,
1222 2116 1257 2148 id
1273 2122 1340 2157 est,
1357 2117 1558 2149 obstrictum
1575 2126 1629 2148 es-

919 2178 956 2201 se
979 2169 1104 2202 Janum
1133 2168 1176 2200 ad
1201 2169 1431 2210 praestandam
1460 2173 1626 2200 aeternam

919 2228 1039 2262 pacem
1070 2219 1290 2261 vigoremque
1320 2219 1446 2260 logum.
1491 2218 1628 2251 Alludit

919 2280 974 2310 eo,
989 2270 1080 2312 quod
1096 2270 1155 2312 qui
1173 2270 1410 2311 magistratum
1427 2270 1574 2310 inibant,
1590 2271 1624 2303 in

918 2321 1012 2362 leges
1033 2321 1222 2363 jurabant:
1258 2325 1294 2353 et
1308 2325 1475 2363 quantum
1492 2322 1526 2352 in
1544 2321 1627 2362 ipsis

918 2364 1167 2413 erat,⁴operam
1193 2371 1333 2404 daturos
1356 2381 1393 2403 se
1418 2372 1628 2413 polliceban-

918 2427 988 2463 tur,
1005 2433 1048 2455 ne
1064 2423 1284 2455 solverentur
1308 2423 1416 2464 leges,
1431 2423 1547 2464 itaque
1565 2433 1626 2464 po·

918 2479 1079 2507 testatem
1107 2478 1371 2516 temperaturos,
1392 2478 1431 2506 ut
1455 2474 1549 2515 leges
1571 2484 1627 2506 su·

917 2535 979 2567 pra
995 2534 1032 2556 se
1044 2533 1118 2557 esse
1131 2524 1376 2556 meminissent.
1411 2523 1519 2557 Janus
1537 2533 1625 2566 prae-

917 2584 971 2608 ses
987 2574 1053 2607 fori
1069 2580 1158 2608 erat.
1201 2574 1332 2607 Seneca
1347 2573 1626 2617 Apocolocynth.

916 2627 1178 2668 ‘Interrogatur
1202 2625 1412 2657 sententiam
1434 2625 1545 2658 Janus
1566 2635 1626 2667 pa·

916 2682 981 2710 ter.
1027 2677 1063 2709 Is
1079 2677 1186 2709 multa
1213 2676 1353 2717 diserte,
1376 2676 1466 2719 quod
1489 2677 1522 2708 in
1549 2676 1625 2708 foro

915 2728 1024 2768 vivat,
1041 2726 1152 2759 dixit!
1176 2726 1314 2758 Gronov.
1329 2726 1441 2759 Diatr.
1453 2737 1522 2768 cap.
1539 2729 1593 2757 37.

921 2796 924 2799 Δ
957 2781 1000 2810 20
1024 2778 1078 2815 Du
1091 2775 1333 2817 gaudiusastis]
1361 2776 1449 2808 Haec
1466 2776 1569 2807 etiam
1585 2774 1624 2806 fi-

916 2834 1036 2871 gurata
1052 2827 1185 2871 phrasis
1197 2827 1330 2860 stabilit
1348 2825 1624 2866 emendatIouem
