1846 3120
241 203 352 245 1654

230 308 379 341 Aristot.
412 308 576 340 θεόσδοτον
607 306 838 349 praedicatur:
875 307 925 340 ita

229 368 325 392 mens
342 358 443 391 Hom.
480 358 589 398 Ἄλλῳ
603 358 628 389 δ’
644 358 677 390 ἐν
686 357 837 395 στήθεσσι
849 357 926 390 τίθει

229 408 298 442 νόον
311 408 442 450 εὐρύοπα
452 407 524 441 Ζεὺς
537 406 678 440 Ἐσθλόν.
700 409 825 440 Morell.

270 463 312 492 25
338 459 461 490 Enthea
486 459 652 500 Pimplea]
676 459 777 491 Musa
797 458 925 491 divina.

234 510 340 551 Vatis]
362 509 493 541 Rutilii.
539 508 706 550 Pimploeu]
729 508 926 543 AliisMusa

231 570 250 591 a
264 559 358 591 fonte
373 559 426 590 vel
441 563 570 591 monte.
614 559 703 591 Vide
715 563 834 590 notata
846 558 926 590 doc-

230 609 359 641 tissimo
373 609 522 641 Brodaeo
537 609 580 641 ad
601 608 753 650 Oppiani
772 609 927 650 Cynege·

231 659 291 691 tic.
308 659 366 691 lib.
383 668 424 691 ιι.
443 669 476 700 p.
490 662 544 692 63.

249 738 253 743 .
273 714 315 743 27
338 711 470 752 Pirene]
486 713 529 743 Et
545 712 646 751 plane
665 710 825 743 auxilium
841 718 926 741 meae

229 762 408 803 scriptioni
424 762 572 802 abnegat
584 761 722 792 Pirene.
765 760 851 791 Haec
874 763 928 791 est

229 812 399 844 sententia
411 812 510 852 hujus
525 811 605 851 loci,
621 820 721 853 quam
738 810 928 843 rectissime

235 865 357 895 contra
380 862 537 893 inscitum
559 865 786 893 correctorem
810 859 927 892 defeu-

231 911 283 944 dit
297 915 333 943 et
347 911 501 952 explicat
524 910 712 943 Gevartius
735 915 850 942 noster
868 910 927 943 lib.

232 970 290 994 ιιι.
308 961 506 993 Electorum
519 970 553 1002 p.
565 963 637 992 122.
682 959 810 1000 Pirene]
826 960 927 1000 Fons,

233 1011 333 1044 sedes
349 1011 538 1043 Musarum.
585 1011 640 1042 De
656 1020 698 1042 ea
711 1010 930 1042 memoranda

230 1065 324 1102 sunt,
339 1071 415 1103 quae
432 1060 651 1093 casaubonus
675 1064 772 1092 notat
787 1059 830 1092 ad
843 1060 928 1092 Pro-

231 1112 344 1153 logum
355 1112 564 1144 Persi-anum.
588 1111 705 1143 Barth.

205 1153 209 1158 ’
273 1163 317 1193 28
337 1161 402 1194 Seu
429 1163 522 1202 plana
543 1156 663 1200 solutis,
689 1161 758 1202 lym]
786 1161 841 1193 De
864 1161 928 1192 hoc

233 1212 398 1244 exercitio
407 1205 524 1244 'soluto
539 1211 748 1253 pedibusque
764 1211 929 1243 adstricto

232 1271 386 1294 sermone
399 1262 584 1302 scribendi,
599 1266 634 1293 et
650 1263 781 1294 ratione
802 1261 929 1306 studio-

232 1322 320 1352 rum,
349 1311 479 1344 Plinius
507 1311 589 1352 agit,
612 1311 672 1343 lib.
697 1320 765 1343 vu.
794 1311 860 1352 Ep.
886 1310 927 1342 ad

232 1362 373 1394 Tuscul.
396 1362 524 1393 Morell.
905 1376 907 1378 >

275 1414 315 1445 31
343 1412 448 1448 Quare
469 1411 544 1452 age]
567 1411 655 1451 Etsi,
676 1410 799 1452 inquit,
823 1410 929 1443 abun·

234 1461 294 1493 das
309 1461 514 1493 carminibus
538 1470 614 1492 cum
636 1461 681 1492 sis
706 1460 930 1492 Poetaz‘non

234 1516 350 1544 tamen
376 1512 483 1544 debes
506 1515 642 1543 nostros
672 1519 789 1542 versus
817 1520 930 1551 asper-

234 1564 321 1603 nari,
342 1572 418 1594 curn
435 1562 572 1593 numina
587 1561 690 1593 etiam
712 1560 801 1592 dona
816 1570 875 1592 sua
896 1561 931 1591 in

234 1613 339 1645 sacris
365 1612 547 1653 accipiant.
604 1612 694 1643 Nam
718 1615 755 1642 et
779 1609 930 1651 frugibus

236 1663 355 1695 Cereri
371 1667 407 1694 et
431 1662 509 1694 vino
531 1661 670 1694 Baccho
693 1659 932 1700 sacrificamus,

235 1716 418 1756 damusque
439 1713 548 1755 spolia
575 1712 722 1744 hostium
748 1711 866 1752 Marti,
894 1716 930 1742 et

236 1765 327 1798 feras
343 1764 472 1796 occisas
486 1764 630 1794 Dianas.
676 1761 785 1801 Tkoto]
805 1761 930 1792 'Pholus

237 1822 274 1848 ut
305 1817 418 1848 Varro
441 1815 501 1855 ait,
528 1812 699 1855 significat
722 1812 841 1853 templi
863 1817 932 1844 tes-

236 1867 401 1898 tudinem.
444 1865 569 1897 'rholus
592 1864 674 1896 item
691 1867 766 1895 erat
786 1862 931 1894 aedicula

234 1917 379 1948 rotunda
394 1915 561 1953 Athenis3
584 1914 618 1945 in
634 1923 701 1955 qua
726 1919 799 1945 erat
820 1923 932 1945 coena-

235 1969 285 1999 tio
301 1966 570 2006 magistratuum,
587 1968 625 1995 ut
641 1963 755 1995 Graeci
765 1963 931 1995 scribunt.

236 2017 305 2049 Hic
321 2017 364 2048 de
378 2016 470 2048 tholo
483 2014 602 2055 templi
616 2017 652 2045 et
665 2013 763 2054 Virg.
797 2014 807 2030 ‘
817 2013 933 2054 Siqua

235 2067 311 2108 ipsa
326 2067 409 2098 meis
425 2064 602 2096 venatibus
614 2063 709 2095 hausi
722 2063 932 2104 Suspendive

237 2116 355 2149 tholo!
376 2115 548 2148 Domitius.

280 2169 322 2198 4⁰
345 2166 473 2205 Ignarae
496 2163 609 2205 plebis]
629 2163 739 2203 Dicit,
766 2171 832 2195 non
862 2166 936 2194 tan-

238 2221 309 2248 tum
331 2216 446 2248 oculos
473 2219 606 2256 patrum
632 2218 669 2245 et
690 2213 839 2255 equitum
868 2213 937 2244 vidi

238 2266 396 2308 lacrymis
410 2265 602 2303 madentes,
617 2264 676 2295 sed
691 2268 727 2295 et
739 2264 847 2304 ipsam
865 2263 935 2304 ple-

237 2316 328 2356 bem,
351 2325 424 2357 quae
441 2323 507 2345 non
537 2314 625 2345 solet
653 2313 746 2344 obitu
773 2313 936 2353 majorum

239 2371 298 2398 aut
314 2369 492 2407 potentum
508 2363 652 2404 moveri,
667 2363 736 2394 vidi
752 2363 936 2403 lugentem.

238 2417 357 2457 Ignara
373 2415 462 2447 forte
488 2425 531 2446 ex
559 2413 687 2445 invidia
712 2413 805 2455 plebi
821 2413 936 2452 insita,

240 2472 278 2498 ut
307 2470 404 2497 notat
430 2465 594 2504 Cruceus,
616 2465 650 2495 in
678 2464 877 2504 optimates,
892 2463 936 2494 de

241 2526 308 2558 qua
319 2517 455 2547 Sallust.
473 2515 515 2546 de
532 2515 616 2555 Rep.
633 2514 756 2547 Ordin.

244 2584 247 2590 ι
281 2567 322 2598 41
347 2565 402 2597 Sic
426 2565 514 2596 curia
536 2565 634 2604 felix,
657 2565 725 2605 dyc-J
760 2564 937 2598 Quomodo

236 2620 246 2637 ⁴
260 2617 395 2649 felicem
437 2616 574 2648 Curiam
590 2615 599 2629 ²
634 2620 736 2647 vocat
771 2616 937 2650 moriente

242 2668 379 2701 Numa?
417 2667 496 2699 Non
528 2670 644 2706 potest
673 2666 738 2698 hoe
767 2665 850 2697 ferri
874 2667 938 2698 nisi

243 2719 292 2750 sic
315 2716 537 2757 explicemus,
558 2714 692 2747 felicem
719 2714 823 2746 fuisse
849 2716 938 2747 curi·

243 2778 296 2801 am
317 2768 424 2799 donec
448 2765 561 2800 Numa
583 2764 769 2806 laberetur,
784 2765 845 2798 hoe
871 2771 937 2806 est,

652 211 795 244 No'rAE
827 211 1092 245 VARIORUM
1128 214 1178 246 {N

977 316 1083 349 usque
1097 307 1139 340 ad
1152 307 1226 349 ejus
1242 307 1384 342 obitum.
1412 308 1481 342 Sed
1496 308 1678 352 perplacet*

975 359 1055 390 mihi
1087 363 1184 391 acuta
1210 359 1348 392 Clarius.
1386 359 1520 392 Heinsii
1562 360 1675 396 nostri

975 409 1173 450 conjectura
1189 419 1197 441 ε
1223 410 1297 442 Non
1312 409 1433 442 labente
1449 411 1554 443 Numa
1566 410 1673 444 timuit

973 458 1019 489 sic
1040 459 1141 499 curia,
1163 460 1214 491 vel
1227 459 1274 492 sic
1300 460 1447 501 Pompeio
1460 472 1471 492 .·
1492 470 1550 494 nec
1575 461 1676 494 calm

975 518 1075 549 eques,
1084 519 1138 541 nec
1143 509 1276 548 foenzina
1292 511 1406 543 Bruto.
1449 509 1674 548 Neruo-cre

976 564 1089 591 autem
1113 563 1123 578 ¹
1136 560 1264 592 celsum
1281 561 1430 602 equitem
1442 559 1452 575 ’
1476 554 1579 602 dixit,
1591 561 1674 604 quia

975 609 1104 641 solenni
1140 610 1220 641 olim
1257 610 1355 642 titulo
1392 610 1559 652 equestris
1587 610 1674 645 ordo

976 660 986 676 ‘
1004 659 1137 691 celsus'
1163 659 1353 692 dicebatur.
1385 660 1543 700 ·Festns;
1577 659 1674 694 ‘cel-

977 717 1032 740 sus
1056 718 1099 740 ex
1122 709 1246 741 Graeco
1273 708 1377 747 κέλης,
1408 719 1509 751 eques,
1534 709 1674 747 dictus:

976 759 1101 792 Horat.
1117 759 1161 792 de
1175 760 1346 801 equitibus
1356 761 1562 796 Rhamnous..
1578 760 1678 795 ‘cel-

977 811 1004 842 si
1016 815 1227 851 praetereunt
1237 815 1374 848 austera
1386 810 1675 853 po'e‘mataRlum·

977 860 1059 891 nes.’
1076 860 1207 893 Gevart.
1487 859 1489 862 ’

1019 912 1061 942 42
1084 910 1153 941 Nec
1169 910 1318 951 faemina]
1341 911 1430 943 Nam
1445 910 1596 946 Brutum.
1612 910 1674 953 fm-

977 959 1077 991 minae
1093 969 1180 992 anno
1195 959 1377 1002 fleverunt,
1391 965 1429 993 ut
1443 951 1500 993 est
1512 961 1608 1002 apud*
1618 961 1674 994 Li-

977 1010 1080 1051 vium,
1094 1010 1184 1052 quod
1213 1011 1378 1043 maximus
1401 1011 1576 1053 pudicitia
1602 1005 1675 1051 ilin-

978 1060 1044 1092 dex
1056 1061 1238 1094 extitisset.
1252 1061 1423 1094 Domitius.
1629 1089 1632 1092 Δ

1019 1113 1062 1142 43
1090 1111 1219 1148 Tristes,
1248 1111 1317 1152 astu]
1352 1112 1408 1143 De
1437 1110 1674 1153 placabilitate

979 1164 1015 1193 et
1041 1161 1326 1198 ClementiaCic.
1356 1169 1415 1193 ιιι.
1444 1160 1582 1200 Οῆὶιδ.
1606 1158 1674 1204 Ep.

980 1212 1074 1243 Fam.
1101 1221 1163 1252 pro
1179 1211 1265 1244 Rab.
1282 1212 1357 1244 Liv.
1372 1211 1432 1244 lib.
1446 1216 1488 1244 1.'
1516 1213 1527 1230 ‘
1542 1213 1584 1245 In
1598 1211 1673 1245 aliis

979 1261 1118 1302 gloriari
1144 1261 1236 1299 licet,
1260 1261 1358 1293 nullis
1390 1262 1544 1304 gentium
1572 1270 1674 1307 quam

979 1311 1078 1343 Rom.
1089 1311 1242 1343 mitiores
1255 1312 1423 1353 placuisse
1435 1311 1573 1354 poenul
1595 1313 1676 1346 Seu.

980 1369 1006 1392 1.
1020 1363 1055 1392 et
1070 1369 1113 1394 11.
1128 1361 1171 1393 de
1188 1362 1294 1396 Clem.
1311 1362 1402 1394 Plin.
1417 1370 1459 1394 ιι.
1479 1363 1548 1404 Ep.
1570 1363 1581 1381 ⁸
1594 1362 1674 1395 Nou

981 1414 1143 1451 quantum
1158 1411 1294 1444 admisit
1317 1421 1407 1454 reus,
1423 1415 1553 1444 tantum
1566 1410 1675 1444 vindi-

980 1460 1147 1492 candum.'
1204 1461 1383 1494 Claudiani
1417 1461 1507 1494 istud
1543 1461 1675 1503 insigne

981 1514 1052 1542 est:
1091 1510 1182 1544 ‘Qui
1212 1510 1338 1544 fruitur
1367 1522 1466 1554 poena
1489 1510 1580 1546 ferus
1609 1516 1676 1552 est,

980 1560 1159 1602 legumque
1185 1561 1320 1594 videtur
1340 1561 1535 1595 Vindictam
1560 1570 1679 1604 sump-

980 1610 1063 1642 sisse
1076 1611 1165 1644 sibi?
1184 1612 1310 1644 Morell.

1021 1663 1064 1692 47
1094 1661 1237 1693 Reddere
1254 1661 1333 1701 jura
1355 1663 1444 1702 soro,
1472 1673 1528 1695 aec
1548 1665 1674 1704 protur-

979 1709 1051 1741 bare
1071 1710 1206 1751 curules]
1231 1711 1405 1744 Observet
1426 1712 1596 1749 Juventus
1623 1721 1676 1744 so·

978 1760 1091 1791 lenuia
1130 1759 1195 1792 fori
1233 1760 1353 1793 verba:
1390 1761 1474 1795 ‘Jus
1503 1760 1676 1795 reddere!

981 1811 1100 1842 Manil.
1115 1810 1174 1842 lib.
1189 1820 1231 1843 11.
1275 1810 1285 1828 ‘
1300 1811 1460 1844 Reddere
1476 1811 1562 1853 jura
1585 1809 1676 1852 foro,

979 1870 1184 1901 componere
1206 1861 1336 1901 legibus
1361 1862 1501 1894 orbem.'
1545 1860 1674 1900 Paulus

978 1910 1012 1941 in
1034 1911 1058 1941 l.
1085 1910 1154 1951 ‘jus
1179 1909 1356 1951 pluribus!
1375 1911 1421 1943 D.
1448 1910 1491 1942 de
1506 1910 1622 1950 Instit.
1639 1913 1676 1943 et

978 1958 1087 1991 Jure:
1111 1958 1288 1990 ‘Reddere
1306 1960 1364 2000 jus
1390 1960 1526 1991 Praetor
1540 1968 1675 2001 quoque

980 2009 1118 2049 dicitur,
1139 2009 1241 2041 etiam
1258 2019 1360 2051 quum
1383 2009 1497 2051 inique
1511 2008 1678 2049 decernit,

982 2059 1147 2091 relatione
1177 2059 1310 2091 scilicet
1333 2058 1438 2101 facta,
1465 2068 1534 2090 non
1569 2057 1611 2091 ad
1640 2056 1676 2089 id

983 2109 1074 2151 quod
1101 2110 1149 2141 ita
1171 2110 1307 2141 Praetor
1333 2108 1431 2149 fecit,
1443 2109 1502 2140 sed
1525 2108 1569 2140 ad
1592 2106 1676 2140 illud

984 2159 1073 2201 quod
1092 2160 1279 2192 Praetorem
1293 2158 1406 2196 facere
1417 2157 1598 2191 convenit!
1626 2158 1675 2192 0-

984 2210 1052 2242 vid.
1071 2210 1160 2241 Fast.
1176 2219 1201 2242 1.
1235 2210 1245 2227 ‘
1259 2210 1381 2242 Nullus
1398 2210 1584 2251 eratjustis
1599 2209 1678 2242 red-

984 2259 1066 2291 dere
1073 2259 1156 2300 jura
1170 2259 1287 2292 labor!
1329 2259 1457 2292 Eadem
1478 2258 1622 2292 formula
1632 2268 1676 2295 ru·

985 2310 1067 2343 titur
1079 2309 1194 2341 Livius
1220 2309 1280 2341 lib.
1297 2318 1356 2341 111.
1379 2312 1415 2342 et
1430 2310 1551 2341 Cicero
1565 2309 1608 2342 11.
1632 2308 1677 2341 de

984 2360 1104 2401 Legib.
1147 2359 1239 2391 Illud
1254 2359 1431 2401 pulchrum
1448 2358 1539 2400 quod
1559 2357 1678 2392 addit:

985 2410 1162 2449 Etserrum
1183 2410 1314 2441 mulcere
1334 2412 1420 2449 toga.
1454 2409 1512 2441 Sic
1527 2418 1562 2441 v·
1584 2409 1679 2451 Sylv.

984 2460 1167 2492 Abascant.
1183 2460 1312 2491 Pietat.
1335 2461 1345 2477 ‘
1357 2457 1507 2500 ferrique
1520 2461 1678 2501 togaeque

987 2509 1158 2542 Consilia!
1173 2509 1511 2541 Claudian.v1.Cons.
1523 2508 1680 2550 Honorii,

986 2566 1075 2601 togae
1095 2559 1372 2602 paludamentum
1387 2559 1567 2600 opposuit:
1582 2559 1593 2577 ‘
1603 2559 1678 2591 Du-

987 2612 1083 2643 cibus
1098 2610 1476 2651 circunstipatatogatis
1486 2609 1570 2641 Jure
1583 2608 1679 2650 palu·

986 2661 1158 2702 dataejam
1174 2661 1265 2692 curia
1276 2661 1400 2696 militat
1415 2659 1524 2693 aulae.’
1548 2659 1680 2692 Gevart.

1028 2712 1070 2743 53
1094 2710 1213 2751 Quippe
1229 2721 1264 2743 ea
1281 2710 1419 2750 bissenis,
1440 2709 1508 2751 qm]
1534 2709 1572 2741 lu
1585 2709 1679 2742 Solo·

984 2763 1170 2809 uis-Epigr.
1187 2763 1229 2796 de
1250 2766 1389 2795 aetatum
1400 2760 1683 2801 hebdomadibus,

1837 2428 1846 2440 A
1839 2405 1846 2417 ..ι
1843 2379 1846 2389 -
1835 2328 1846 2366 ’μα’
1834 2206 1846 2318 -.ba-am
1834 1815 1846 2192 *⁴4⁴12Aht—mA.--a.m-.—-i-.
1844 1788 1846 1798 ..
