1846 3120
203 264 205 266 v
264 231 377 275 1330
760 242 799 273 P.
833 241 1024 272 ΡΑΡιΝιῐ
1059 235 1243 273 arm-'11'

263 337 383 380 Vera
401 338 533 379 simul
553 338 694 388 falsiS,
716 337 1025 391 permixtaque
1045 338 1188 380 tristia
1207 338 1399 382 blandis.

263 404 422 447 Noctis
444 418 590 459 opaca
605 404 779 456 cohors,
800 404 1104 460 trabibusque,
1126 409 1200 447 aut
1220 406 1426 460 postibus
1442 407 1627 460 haerent,

262 471 357 514 Aut
378 473 533 513 tellure
548 472 722 526 jacentt
752 472 912 524 tenuis,
933 474 1008 527 qui
1029 473 1189 516 circuit
1208 474 1373 524 aulam,
1631 476 1718 519 115

262 539 581 593 Invalidasque
600 540 734 590 nitor,
755 538 1013 593 primosque
1035 540 1258 582 hortantia
1279 544 1478 583 somnos

261 604 491 658 Languida
511 605 739 647 succiduis
760 606 967 660 expirant
985 606 1153 649 lumina
1171 607 1374 650 fiammis.

261 670 368 713 Huc
391 685 440 713 se
461 673 654 714 coeruleo
674 673 851 715 libravit
871 675 928 715 ab
950 674 1115 716 aethere
1137 675 1260 729 virgo

261 738 497 781 Discolor:
528 739 736 793 effulgent
757 740 909 795 sylvae,
932 743 1250 795 tenebrosaque
1271 742 1440 796 Tempe

259 805 461 848 Arrisere
484 806 614 856 Deae,
635 811 680 848 et
698 807 821 849 zonis
842 808 1093 849 lucentibus
1114 809 1208 850 icta
1629 808 1713 853 120

261 873 458 925 Evigilat
478 874 634 915 domus
651 888 662 917 z
694 875 794 928 ipse
815 879 960 916 autem
980 888 1062 917 nec
1084 876 1292 930 lampade
1312 875 1449 926 clara,

261 939 308 980 N
310 952 362 980 ec
382 940 546 990 souitu,
566 953 647 983 nec
668 953 777 983 voce
797 941 909 983 Deae
929 943 1175 995 perculsus,
1193 942 1351 984 eodem

260 1005 391 1048 More
402 1006 552 1060 jacet:
584 1007 724 1049 donec
744 1009 893 1050 radios
912 1009 1235 1052 Thaumantias
1253 1023 1406 1051 omnes

258 1073 457 1127 Impulit,
479 1074 615 1128 inque
634 1076 787 1117 oculos
807 1077 987 1130 penitus
1009 1077 1235 1119 descendit
1254 1078 1434 1120 inertes.

258 1140 384 1181 Tunc
404 1141 470 1182 sic
489 1154 590 1183 orsa
608 1142 735 1196 loqui
755 1143 1002 1185 nimborum
1021 1143 1144 1186 fulva
1163 1145 1350 1186 creatrix
1367 1158 1378 1186 ι
1627 1145 1713 1190 125

257 1285 475 1319 innumerabili
481 1288 581 1326 facie.
595 1288 688 1320 simul
702 1299 775 1321 vera
783 1288 891 1330 falsis,
902 1292 1011 1321 moesta
1025 1289 1108 1322 latis
1121 1289 1260 1329 confusa,
1275 1288 1454 1331 (tenebrosa
1467 1284 1566 1323 noctis
1577 1289 1714 1330 οοΙωη.)

256 1331 288 1359 et
302 1338 321 1360 a
353 1334 475 1369 guntur
488 1331 629 1371 postibus
642 1336 697 1364 aut
714 1331 866 1371 trabibus,
887 1336 942 1363 aut
960 1332 1047 1363 humi
1063 1333 1187 1364 cubant.
1231 1333 1317 1371 Lux,
1331 1343 1400 1374 quoe
1413 1334 1517 1366 anem
1530 1333 1713 1370 circumdat,

257 1371 309 1402 exi
323 1372 352 1402 is
381 1375 428 1403 est
452 1377 484 1405 et
502 1375 664 1414 languido,
687 1378 718 1406 et
735 1374 850 1406 debiles
873 1376 1018 1415 lucernae,
1041 1385 1109 1415 φη
1128 1376 1259 1407 suadent
1280 1375 1416 1416 primum
1431 1385 1584 1417 sopomm,
1606 1376 1712 1408 extin-

254 1415 545 1456 guunturflammis
561 1417 770 1449 morientibus.
792 1417 924 1449 Variata
936 1418 1026 1458 virgo
1040 1427 1072 1449 se
1087 1418 1214 1449 libravit
1227 1418 1301 1450 illuc
1314 1429 1334 1449 a
1344 1419 1473 1450 coeruleo
1485 1418 1570 1451 caeto.
1599 1418 1628 1451 S

256 1455 333 1488 dent
347 1467 484 1498 nemora,
500 1463 531 1490 et
542 1459 671 1491 obscura
686 1461 796 1500 Tempe
809 1460 985 1492 arriserunt
1000 1460 1120 1491 numini
1130 1471 1143 1498 ;
1172 1464 1202 1492 et
1216 1462 1298 1492 oedes
1310 1460 1408 1492 somni
1419 1460 1711 1501 percuoeaesulgen-

256 1498 340 1530 tibus
354 1501 432 1532 Deoe
447 1502 582 1541 cingulis
596 1502 822 1544 expergefiunt.
868 1503 939 1542 Ipse
952 1506 1057 1534 autem
1077 1512 1133 1534 nec
1146 1504 1231 1534 clara
1246 1504 1321 1542 cuce,
1334 1513 1389 1534 nec
1403 1503 1549 1544 strepitu,
1569 1512 1627 1535 nec
1639 1511 1712 1534 uoce

253 1542 389 1573 numinis
409 1544 575 1582 excitatus,
592 1545 684 1576 cubat
699 1546 801 1576 eodem
823 1546 931 1576 modo:
953 1546 1048 1577 donec
1065 1545 1271 1577 Thaumantis
1280 1545 1356 1586 filia
1378 1545 1510 1576 immisit
1525 1553 1628 1578 omnen
1640 1553 1711 1576 ms

254 1584 372 1625 radios,
394 1590 426 1618 et
445 1586 558 1627 illapsa
579 1590 625 1619 est
645 1588 770 1628 penitus
792 1587 826 1619 in
847 1588 955 1629 pigros
969 1588 1035 1627 qius
1047 1588 1160 1620 oculos.
1206 1588 1293 1620 Tunc
1310 1587 1356 1619 sic
1369 1588 1503 1630 incipit.-
1523 1586 1711 1627 Jumfulva

253 1746 342 1776 nett.
358 1747 389 1776 3.
401 1747 434 1777 4.
457 1745 642 1778 Habentur
657 1752 772 1779 tamen
787 1747 820 1779 in
832 1749 914 1779 Put.
931 1749 1090 1778 Petrens.
1105 1748 1191 1778 Exc.
1209 1747 1354 1778 cantab.
1368 1748 1468 1778 Rom.
1480 1745 1585 1779 Arda.
1600 1746 1712 1781 Colin-

254 1786 389 1827 Gryph.
405 1788 512 1820 Basil.
528 1789 644 1821 Plant.
660 1790 804 1821 Gevm.
829 1790 987 1821 Grasser.
1010 1793 1047 1821 et
1070 1793 1219 1821 receutt.
1241 1788 1324 1820 Sunt
1349 1788 1442 1819 etiam
1455 1788 1616 1820 innumero
1631 1788 1712 1824 edd.

254 1834 340 1861 vett.
362 1830 486 1862 Adsunt
500 1830 660 1862 innumero
676 1832 866 1864 Pan—113
890 1832 973 1864 Put.
988 1831 1348 1873 permixtaqueflumina
1357 1830 1621 1872 flammin.—llss
1635 1829 1712 1862 Non

253 1871 435 1912 humilisque
457 1873 541 1904 nitor
557 1873 660 1906 Aldd.
680 1874 789 1906 Colin.
805 1874 936 1914 Gryph.
955 1874 1058 1906 Basil.
1074 1878 1111 1905 et
1126 1874 1243 1907 Plant.
1270 1874 1429 1904 Barthius
1450 1882 1494 1904 ex
1511 1871 1711 1904 con'ectura

251 1914 358 1955 legit:
382 1915 484 1946 tenuis
499 1926 559 1956 qua
580 1916 692 1948 circuit
717 1917 820 1948 aulam
837 1917 925 1956 Nox,
938 1916 1123 1957 humilisque
1136 1916 1231 1948 nitor,
1277 1915 1502 1947 Marklandns
1517 1915 1560 1946 ud
1598 1914 1669 1956 ylv.
1685 1923 1712 1947 1.

252 1959 284 1988 3.
302 1958 355 1988 43.
366 1958 457 1998 conj.
473 1962 650 2000 tenerosque
664 1960 823 1991 hortantia
841 1962 1078 1992 eumuna—122
1101 1958 1194 1990 Libri
1221 1957 1400 1990 Barthiani
1415 1957 1567 1989 variant:
1588 1957 1710 1998 percul-

252 2009 305 2030 sus
330 2003 365 2031 et
387 2010 570 2041 percussus.-
595 2002 798 2034 tantundem
826 2004 995 2035 est.-l25
1022 2002 1106 2034 Tunc
1128 2001 1174 2033 sic
1198 2010 1268 2032 orsa
1296 2000 1378 2042 loqui
1392 2011 1404 2032 .·
1425 1999 1598 2031 nimborum
1615 1998 1711 2038 ,littra

295 2162 358 2191 112
381 2159 507 2192 Adsunt
523 2160 694 2203 innumero,
707 2163 779 2204 ψη]
803 2162 871 2194 Hic
883 2171 957 2194 ver·
1011 2161 1156 2206 gendum
1172 2160 1285 2193 forsan
1301 2164 1396 2200 tecta,
1408 2160 1462 2192 vel
1476 2160 1601 2201 templa.
1622 2176 1624 2178 v

252 2219 307 2243 sus
330 2215 366 2242 et
389 2215 573 2252 sequentes
594 2212 744 2254 quinque
761 2212 868 2255 spurii
885 2212 956 2254 qui·
1054 2214 1117 2243 120
1139 2211 1185 2243 Ee
1213 2212 1299 2243 zonis
1325 2209 1510 2251 lucentibus]
1526 2210 1654 2243 'Cinctn
1674 2217 1710 2242 e-

254 2261 399 2293 busdam
425 2261 609 2302 habentur,
635 2267 671 2295 et
696 2263 730 2294 in
753 2262 890 2294 Petavii
920 2266 957 2293 et
1011 2262 1078 2293 nim
1093 2265 1361 2303 repraesentatur
1375 2270 1460 2292 zona
1474 2259 1667 2301 splendida.

252 2312 408 2344 Danielis
421 2313 671 2354 exemplaribus
687 2323 753 2344 non
768 2312 940 2344 extabant.
1055 2315 1114 2344 121
1139 2313 1274 2353 Domus]
1304 2311 1432 2343 Somni.
1477 2311 1547 2342 Nec
1569 2311 1711 2351 lampade

295 2364 356 2393 115
382 2362 506 2402 Tenuis,
528 2363 581 2403 qui
596 2363 707 2394 circuit
729 2363 843 2403 aulam,
862 2362 955 2393 Inca—
1010 2363 1111 2403 clara]
1134 2364 1257 2395 Facem
1274 2363 1364 2395 enim
1390 2361 1505 2395 ferens
1519 2370 1709 2404 repr-asen-

251 2412 393 2453 lidusque
421 2414 521 2454 nitor]
556 2414 702 2446 Ovidius
739 2415 815 2446 loco
849 2422 955 2454 supra
1011 2416 1104 2444 tatur
1120 2413 1198 2443 Iris.

250 2461 389 2494 laudato
403 2474 410 2494 :
429 2465 438 2480 ‘
451 2464 597 2495 Nebulae
611 2464 758 2504 caligine
774 2463 883 2494 mistae
894 2472 952 2494 ex·
1049 2466 1111 2496 123
1137 2462 1376 2504 Thaumantias]
1400 2463 1467 2496 Iris
1490 2460 1711 2506 Thaumantis

252 2512 413 2544 halantnr
427 2514 541 2555 humo,
553 2514 736 2556 dubiaeque
752 2514 954 2555 crepuscula
1008 2514 1091 2547 filia.

250 2561 360 2593 lucis.’
1050 2568 1111 2597 125
1134 2565 1234 2606 Loqui
1247 2565 1420 2597 nimborum
1433 2565 1552 2607 [loqui.-
1577 2565 1708 2598 Nimbo-

295 2615 357 2644 118
385 2613 482 2653 Virgo
503 2614 662 2654 Discolor]
686 2615 754 2646 Iris
773 2625 832 2647 seu
854 2624 953 2647 arcus
1007 2615 1092 2655 rum]
1106 2614 1200 2655 fulua
1212 2616 1367 2657 creatrix]
1390 2617 1531 2658 Physiei
1545 2615 1636 2658 apud
1651 2625 1709 2648 ve-

254 2663 418 2703 coelesfis,
439 2664 515 2705 quia
534 2665 633 2696 variis
660 2665 827 2697 coloribus
844 2665 953 2707 pingi·
1007 2671 1100 2699 teres
1122 2666 1395 2708 interpretantur
1421 2665 1630 2700 ‘Junonem'
1655 2665 1711 2700 ae?-

254 2718 320 2746 tur.
1008 2727 1093 2758 rem,
1106 2717 1251 2759 ideoque
1260 2717 1348 2749 bene
1362 2717 1587 2750 dicitur-June
1602 2716 1613 2735 ‘
1626 2715 1708 2748 nim-

294 2768 360 2798 119
384 2766 508 2807 Tempe]
531 2766 622 2800 Quid
647 2766 695 2800 ibi
723 2767 855 2808 Tempe?
890 2767 954 2799 Le·
1009 2767 1126 2799 borum
1135 2766 1400 2809 creatrix,'quia
1409 2766 1529 2799 intere
1538 2769 1709 2799 creantur.
