1858 3112
440 231 482 261 P.
515 229 705 261 PAPINH
737 229 902 260 STATll
937 229 1084 261 SYLV.
1117 229 1212 261 LIB.
1235 230 1311 261 111.
1339 220 1382 262 3.

181 323 234 355 lus
252 322 529 365 SpinterAEduu
545 323 680 356 Cui-ulis
700 323 829 366 primus
849 322 886 356 in

180 376 354 414 protextu
367 382 447 404 usus
462 373 735 415 improbabatur.
770 373 887 406 Verba

178 423 402 465 mancipii
417 423 551 456 Plinius
572 434 616 457 ex
637 424 886 466 Nepote-Cor-

178 473 284 516 adio,
309 474 370 516 qui
398 475 472 508 divi
507 474 659 518 Augusti
687 475 884 518 principatu

179 523 281 558 obiit.
302 524 403 559 Idan.

224 575 289 612 ua
309 575 374 608 Aac
401 585 472 618 ego,
491 576 637 617 deuictis,
658 575 729 617 ξω]
753 576 886 618 Perpe-

180 633 253 659 rtm
269 625 458 662 Donnitius.
501 626 634 659 Deoia-ei
649 626 777 667 Pelasgi
791 631 885 668 sunt,

178 676 238 718 qui
253 675 298 709 ad
313 676 448 710 Thebas
467 678 676 718 occubuere,
696 687 783 719 quos
807 687 884 711 cum

176 726 357 772 sepultur-
371 732 508 761 areeret
523 728 628 768 Creo,
643 728 768 761 Thesei
781 728 885 761 armis

178 778 358 822 inpetitus
373 783 412 813 et
426 790 538 813 caesus
562 784 628 822 est,
646 781 698 813 illi
715 781 812 822 justa
827 791 885 813 ac-

179 834 362 872 ceperunt.
405 831 448 864 In
478 840 553 874 neq.
582 840 632 864 vs.
663 830 885 863 ‘includere'

177 880 344 915 claudere
358 886 425 914 est.
469 882 551 919 Quoe
570 881 690 923 pagina
707 882 786 914 ηιϋιι·
799 882 885 914 clau-

177 933 236 965 dat
251 932 374 966 nam
386 936 454 972 ent.
473 932 557 975 quid
579 933 615 964 in
634 932 885 965 Eschatocollio

177 983 375 1017 Thebaidos
402 983 611 1025 scripserim,
639 983 721 1026 quid
749 984 885 1016 cecine-

180 1034 244 1067 rim
275 1035 310 1067 in
335 1044 470 1068 summa
497 1035 638 1075 scheda,
665 1045 736 1078 quo
765 1036 884 1069 modu-

178 1085 304 1118 lamine
320 1084 469 1118 finierim
481 1085 671 1118 Thebaida.
695 1086 706 1104 ⁸
723 1087 808 1118 Cum
818 1097 884 1129 ⁴pa-

178 1136 261 1178 gina
287 1136 428 1169 inclusit
458 1141 577 1178 partes
605 1136 792 1177 ridendas:
831 1144 886 1171 est

179 1195 258 1220 een
279 1196 323 1220 ea
349 1187 479 1229 pagina
500 1191 582 1219 acta
605 1191 671 1227 est,
702 1188 799 1220 finita
819 1195 886 1231 est,

147 1252 150 1256 ’
180 1247 260 1280 qne
281 1237 445 1270 ridenda·
464 1242 584 1279 partes
601 1237 747 1280 inducit,
767 1239 801 1271 in
818 1250 886 1282 qua

181 1287 343 1323 etodium
369 1287 538 1330 scriptum
560 1293 626 1322 est.
651 1290 757 1322 Grou-
771 1291 884 1324 Dim.

222 1389 348 1428 Gann-
361 1397 421 1423 tn·
430 1389 616 1432 lachryme
628 1390 796 1434 neema]
805 1393 886 1426 Non

180 1444 282 1472 ausus
304 1449 379 1472 suin
400 1446 548 1473 nutare.
593 1441 675 1473 Bini
697 1445 812 1474 tamen
835 1443 886 1475 illi

178 1489 320 1533 scripti:
345 1491 525 1525 cml-tio
538 1492 581 1524 nd
594 1492 763 1525 Claudium
771 1493 887 1526 Etrus-

178 1551 260 1574 can.
280 1541 391 1575 Grou.

185 1606 189 1618 r
221 1595 243 1625 ³
267 1591 431 1636 uimque
451 1592 588 1633 insignis
607 1594 742 1636 amictu]
765 1593 886 1627 Ambi-

178 1646 264 1684 gnnt
277 1642 387 1684 docti,
399 1652 461 1675 cnr
475 1644 576 1676 niveo
591 1644 735 1685 amictu,
750 1644 794 1677 ad
806 1655 886 1678 exe-

178 1693 291 1735 quias,
306 1693 482 1726 Pietatem
494 1693 661 1736 Papinius
678 1700 792 1736 vocet,
807 1706 886 1728 cum

181 1753 224 1777 cx
239 1744 543 1787 Halyeamansm,
558 1746 729 1787 Varrone,
745 1746 886 1780 Valerio

181 1795 325 1838 aliisque
354 1799 504 1841 constet,
544 1801 655 1829 atram
689 1802 823 1830 vestem
853 1798 886 1830 in

180 1846 278 1879 laetu
292 1851 484 1888 sumptam:
500 1857 541 1879 ac
553 1853 634 1880 sunt
644 1848 681 1880 in
697 1858 738 1881 eo
754 1854 793 1882 ut
807 1846 888 1882 con·

180 1896 336 1937 cludant,
365 1897 533 1930 variatum
562 1899 626 1932 hac
655 1899 690 1931 in
725 1909 764 1932 re
794 1900 886 1941 apud

180 1948 376 1984 Romanos:
401 1948 528 1990 priscis
553 1950 768 1991 temporibus
790 1953 887 1992 nigra

179 2005 279 2032 veste
301 1998 336 2031 in
358 1999 455 2031 luctu
476 2010 554 2032 usas
573 2001 680 2034 etiam
712 2002 885 2035 mulieres.

180 2047 231 2083 At
243 2047 308 2080 suh
323 2049 440 2091 impp.
457 2053 536 2090 post
557 2053 612 2082 tot
627 2059 755 2092 genera
769 2061 887 2093 reper-

181 2104 219 2132 ta
229 2099 396 2140 colorum,
407 2104 564 2141 spretum
580 2106 887 2145 contemptumque

181 2150 334 2183 odorem
355 2149 484 2191 album,
506 2150 594 2183 adeo
609 2156 649 2183 ut
671 2155 756 2184 nota
774 2152 886 2184 luctus

181 2200 290 2233 fuerit
302 2200 452 2242 superbo
466 2203 563 2234 sexui
579 2211 657 2234 eum
674 2202 836 2244 induisse,
850 2208 888 2236 et

180 2256 265 2284 'sane
288 2251 513 2291 Plutarchus,
535 2252 754 2285 Herodianus
780 2254 886 2286 etiam

178 2301 241 2336 lib.
253 2310 304 2334 tv.
315 2302 427 2334 simile
440 2301 521 2345 qnid
535 2302 695 2336 innuunt.
721 2305 887 2337 Ceterum

179 2363 248 2387 nou
272 2353 442 2396 Apuleius
467 2355 589 2396 solum,
613 2360 772 2388 notatum
797 2357 887 2394 aliis,

180 2406 388 2438 sententiam
401 2405 488 2438 hauc
506 2410 699 2448 oppugnat,
713 2410 889 2440 ”tamtam

171 2456 316 2499 ,flebilem
335 2456 433 2496 ,Λυσι
458 2460 544 2490 nesle
572 2457 788 2499 describens,
823 2458 886 2491 sed

178 2507 293 2541 Julian
322 2506 453 2539 Paulus
480 2511 600 2540 noster
630 2508 761 2550 Recep.
785 2509 887 2541 Sent-

180 2558 242 2591 lib.
258 2567 286 2590 ι.
306 2567 383 2600 cap.
403 2558 447 2590 de
467 2558 670 2599 Sepulchris
692 2563 730 2591 et
750 2559 886 2600 Lugen-

180 2609 247 2646 dis,
270 2609 374 2651 plane
399 2609 540 2642 evertit.
582 2610 594 2626 ‘
609 2609 679 2643 Qui
694 2609 817 2651 lnget‚'
837 2610 886 2642 in-

180 2660 270 2703 quit,
291 2664 302 2679 ⁸
324 2660 501 2692 abstinere
531 2660 637 2693 debet
662 2670 682 2692 a
706 2661 886 2702 conviviis,

181 2711 406 2750 manentis,
426 2715 462 2742 et
478 2710 555 2742 alba
574 2711 696 2744 veste?
739 2712 816 2754 Ego
831 2721 887 2744 me

182 2762 280 2795 solvo
303 2762 464 2804 judicato
491 2762 571 2803 isto,
595 2765 631 2794 et
654 2762 886 2804 ampliandum

180 2812 350 2856 judicium
363 2813 488 2855 sentio,
502 2817 540 2846 at
554 2813 752 2846 verecunde
765 2818 888 2847 contra

1526 221 1641 264 1707

936 324 1046 356 virum
1070 324 1242 356 eruditum
1265 323 1384 364 credo,
1398 331 1465 356 non
1481 323 1642 357 habuisse

936 373 1120 415 Papinium
1136 376 1253 407 oculos
1277 375 1320 406 ad
1346 374 1488 416 luctum,
1512 373 1573 406 sed
1597 375 1642 406 ad

936 426 1112 459 solennem
1145 427 1231 458 Deae
1261 425 1407 467 cultum,
1443 435 1544 468 quam
1573 434 1641 458 non

937 480 1008 507 tam
1035 475 1079 507 ad
1106 474 1209 508 funus
1234 480 1348 516 vocat,
1374 486 1474 518 quam
1491 476 1535 508 ad
1550 477 1642 509 cele-

936 525 1101 558 brandam
1118 526 1286 558 Hetrusci
1303 527 1470 568 pietatem
1493 527 1642 568 singula-

937 585 1019 608 rem.
1064 576 1180 610 Quare
1195 582 1233 608 et
1248 577 1360 608 Deam
1376 587 1418 609 eo
1433 577 1552 609 habitu
1568 577 1644 610 vult

938 629 1067 666 venire,
1093 639 1161 672 quo
1189 639 1295 662 aureo
1329 630 1457 662 saeculo
1487 629 1642 670 conspici

934 678 1050 713 fuerat
1063 680 1186 713 solita.
1201 668 1357 722 niveoque
1363 680 1501 721 insignis
1514 681 1643 722 amictu,

936 732 990 772 ξε.
1008 730 1168 763 Bernart

980 784 1023 813 16
1040 781 1178 823 Matris]
1193 781 1387 814 Illustratio
1400 781 1585 824 Virgiliani
1602 782 1644 814 il·

934 832 1046 868 lius,‘
1055 832 1280 865 Pulsatusve
1305 832 1455 875 parens!
1500 833 1644 869 Pulsum,

935 881 1101 923 ἅπτεσθαι,
1123 882 1304 925 βιάζεσθαι,
1332 883 1415 927 αἰκίᾳ
1436 883 1509 925 τινὶ,
1539 884 1644 917 Plato

937 934 1020 976 Leg.
1039 934 1098 966 lib.
1114 943 1166 967 lx.
1179 937 1198 970 ,‘
1214 935 1337 967 Fessus
1362 935 1488 976 pater,’
1514 935 1642 976 longae-

937 994 998 1016 vus
1015 990 1052 1017 et
1073 985 1228 1017 ‘inutilis
1242 985 1372 1019 annos!
1417 984 1531 1019 Autor
1554 985 1643 1017 The-

935 1034 1043 1068 baidis
1064 1036 1143 1068 Lat.
1163 1037 1174 1055 ‘
1191 1036 1287 1068 Caeci
1308 1036 1463 1077 parentis
1488 1036 1642 1077 regimen

935 1091 973 1118 et
987 1085 1067 1118 fessi
1083 1085 1244 1118 unicum?
1265 1086 1394 1121 Mor-eu.

979 1139 1022 1169 22
1043 1137 1099 1169 Aa
1118 1136 1257 1178 flumina
1282 1136 1417 1178 Lethea]
1440 1135 1550 1168 Lethe
1577 1134 1641 1167 flu-

936 1185 1010 1218 vius
1036 1185 1244 1219 Inferorum.
1287 1187 1397 1219 Lethe
1420 1187 1504 1219 item
1519 1184 1643 1218 fluvius

937 1237 972 1270 in
990 1237 1180 1279 Hispania:
1197 1247 1298 1281 quem
1311 1242 1414 1269 antea
1427 1237 1569 1269 Lineam
1582 1246 1643 1278 ap-

935 1287 1124 1328 pellabant.
1180 1287 1294 1328 Hujus
1323 1286 1479 1319 meminit
1504 1285 1644 1327 Strabo,

936 1337 1058 1370 addita
1082 1338 1185 1370 etiam
1206 1337 1346 1370 historia
1368 1347 1431 1370 cur
1453 1337 1562 1369 Lethe
1582 1346 1642 1379 ap-

936 1389 1097 1431 pellatur.
1126 1389 1230 1421 Silius
1242 1388 1385 1421 carmini
1397 1388 1554 1420 inseruit.
1583 1388 1646 1420 Le-

936 1441 1036 1474 theus
1050 1445 1222 1483 praeterea
1240 1438 1365 1472 fluvius
1382 1439 1417 1471 in
1434 1437 1518 1471 Asia
1534 1438 1643 1480 juxta

937 1491 1158 1533 Magnesiam
1176 1491 1319 1523 labitur.
1343 1489 1470 1522 Domit.

979 1544 1021 1574 23
1046 1542 1164 1585 Elysioe
1176 1543 1313 1583 gaudete
1327 1543 1448 1581 domus,
1459 1539 1532 1581 ξω]
1553 1539 1644 1573 Haec

935 1593 995 1635 qui
1024 1597 1161 1626 attente
1188 1593 1324 1634 legerit,
1353 1592 1399 1624 de
1434 1592 1644 1633 interpreta-

937 1643 1031 1675 tione
1054 1648 1176 1677 nostra
1205 1643 1396 1685 ampliusne
1420 1642 1645 1675 deliberabit?

936 1703 1004 1726 non
1032 1694 1165 1736 lugere,
1188 1694 1248 1726 sed
1273 1694 1438 1735 gaudere,
1457 1702 1526 1736 qua
1541 1702 1644 1735 snpe-

938 1755 1008 1787 ros,
1024 1755 1092 1787 qua
1106 1744 1236 1778 inferos
1252 1746 1327 1778 vult
1342 1744 1524 1786 Papinius,
1534 1749 1570 1776 et
1580 1744 1645 1777 sic·

937 1798 988 1829 uti
1002 1797 1179 1829 Pietatem
1203 1795 1284 1828 alba
1304 1800 1403 1828 veste
1418 1799 1577 1836 vocarat,
1592 1794 1645 1828 ita

936 1847 991 1879 hic
1006 1856 1083 1878 aras
1098 1847 1256 1879 coronari
1271 1846 1359 1888 vult,
1377 1855 1421 1878 ex
1447 1850 1592 1887 recepto
1606 1844 1644 1877 in

937 1898 1076 1940 publico
1101 1898 1307 1939 privatoque
1331 1896 1460 1938 gaudio
1474 1896 1552 1928 ritu.
1570 1896 1645 1937 ipse

936 1949 1068 1981 Statius
1091 1948 1133 1982 ad
1152 1949 1285 1982 Julium
1304 1949 1402 1981 Men.
1423 1947 1469 1980 ob
1489 1948 1644 1989 prolem:

936 2001 946 2019 ‘
964 2010 1042 2042 quae
1068 1999 1176 2032 festos
1198 2000 1374 2032 cumulare
1401 1999 1568 2032 altaribus
1594 1999 1646 2041 ig-

936 2061 1008 2090 nes,
1032 2052 1081 2084 Et
1106 2050 1268 2083 redimire
1292 2051 1430 2093 chelyn,
1459 2056 1646 2093 postesque

936 2111 1058 2134 ornare
1073 2100 1240 2143 juberet:
1260 2101 1434 2134 Tibullus:
1449 2101 1460 2119 ‘
1474 2101 1645 2143 Sertaque

937 2153 981 2184 de
997 2153 1126 2185 sanctis
1142 2151 1337 2194 deripuisse
1352 2151 1464 2186 focis.¹
1489 2152 1646 2186 Ber-nm.

979 2206 1023 2236 38
1045 2204 1186 2236 Munera
1209 2212 1273 2234 non
1299 2201 1429 2243 arsura]
1460 2202 1647 2235 AEternita-

937 2259 1008 2286 tem
1029 2253 1190 2286 carminis
1216 2252 1402 2294 pollicetur
1425 2255 1460 2287 et
1479 2250 1544 2284 sibi
1569 2261 1649 2294 por-

938 2304 1064 2337 tendit.
1107 2305 1167 2336 Me
1188 2302 1400 2344 monstrante]
1430 2302 1648 2336 Testimonia

936 2356 1004 2388 mei
1032 2354 1205 2388 carminis.
1260 2354 1356 2386 Fcere
1387 2353 1566 2394 parentem]
1598 2353 1647 2386 Et

936 2406 991 2438 hic
1007 2411 1044 2438 et
1060 2411 1165 2438 antea
1179 2404 1347 2437 indicavit
1367 2403 1520 2446 Sylvam‚
1543 2413 1646 2447 quam

936 2456 1131 2498 composuit
1155 2455 1190 2487 iu
1218 2455 1400 2497 epicedion
1428 2453 1559 2487 funeris
1583 2465 1646 2497 pa-

937 2508 1039 2547 terni,
1052 2516 1129 2539 esse
1143 2506 1262 2538 multis
1278 2505 1400 2538 diebus
1417 2505 1646 2546 elaboratam,

936 2563 974 2590 et
998 2558 1058 2589 vix
1082 2558 1222 2589 taudem
1245 2556 1398 2588 editam:
1421 2566 1499 2588 cum
1522 2557 1581 2589 hie
1607 2567 1645 2589 se

936 2612 1071 2650 patrem
1099 2606 1236 2639 flevisse
1262 2606 1372 2647 dicat,
1399 2611 1437 2638 et
1460 2607 1495 2638 in
1523 2607 1644 2649 quinto

938 2658 1078 2690 tandem
1115 2667 1190 2690 eam
1226 2658 1364 2700 Sylvam
1409 2658 1644 2691 collocaverit.

936 2709 1062 2743 Domit-

943 2767 944 2770 ’
979 2763 1022 2793 43
1039 2760 1115 2792 Non
1127 2759 1202 2801 tibi]
1222 2758 1370 2791 Aversio
1383 2763 1436 2791 est
1451 2758 1493 2790 ad
1511 2762 1643 2800 patrem

938 2815 1132 2845 mortuumx
1167 2819 1271 2853 quem
1305 2808 1507 2843 laudaturus
1542 2808 1643 2840 diluit
