1846 3120
0 274 34 452 ''fflffffissflk
27 248 29 250 ,
15 221 34 235 ς
17 171 26 206 Ἢ

0 886 3 894 ·
9 854 25 878 ψ
7 822 26 835 '5-
2 788 8 796 ·
0 499 27 775 ’vt-*efflau-

617 254 960 288 Aeninnmnos
996 254 1091 307 μυ.
1124 254 1177 286 11.
1508 244 1624 288 1593

148 349 337 395 Pectine
359 348 624 401 Amazonio,
645 350 780 393 modo
801 363 894 406 quo
913 350 1025 393 citat
1041 351 1148 393 orbe
1170 349 1391 393 Lacaenas

153 419 297 470 Delia,
315 417 667 474 plaudentesque
689 418 783 461 suis
803 416 1033 473 intorquet
1051 418 1274 474 Amyclis.

146 486 276 532 Tunc
297 474 418 536 uero,
439 490 546 528 tunc
568 486 798 542 praecipue
817 487 1085 540 manifestus
1105 486 1331 537 Achilles,

149 553 247 601 Nec
270 567 446 597 servare
468 555 605 605 vices,
626 567 711 596 nec
724 554 916 609 jungere
937 555 1123 599 brachia
1143 558 1285 597 curat.

147 622 278 667 Tunc
299 621 456 667 molles
471 635 664 676 gressus,
684 625 787 665 tunc
808 627 1074 677 aspernatur
1091 622 1285 664 amictus

150 687 262 732 Plus
278 689 433 742 solito,
455 690 710 745 rumpitque
730 689 906 742 choros,
929 694 974 732 et
994 691 1188 745 plurima
1208 690 1369 748 turbat.

149 754 228 799 Sic
248 757 550 812 indignantem
571 758 762 812 thyrsos,
783 763 1066 813 acceptaque
1088 758 1242 800 matris

1544 407 1646 462 160„

1547 759 1636 802 165

88 850 94 853 -
148 823 402 880 Tympana,
416 825 515 882 jam
536 827 685 869 tristes
701 826 970 881 spectabant
989 825 1194 868 Penthea
1213 824 1402 869 Thebae.

148 944 204 987 qni
217 945 258 978 ab
269 945 480 979 Amazonibus
496 946 532 979 in
545 946 668 979 choreis
682 949 851 978 servatur.-
875 955 957 978 nanc
980 955 1015 978 eo
1037 956 1119 988 gyro
1134 946 1322 986 agebantur,
1343 955 1403 987 quo
1428 944 1539 977 Diana
1554 944 1634 976 inci-

148 991 200 1020 tat
218 989 342 1030 puellas
364 990 634 1029 Lacedoernonias,
659 991 692 1021 et
717 989 859 1030 implicat
884 990 1036 1022 saltantes
1059 989 1093 1021 in
1118 989 1184 1021 suis
1207 988 1365 1031 Amyclis.
1413 989 1501 1020 Tunc
1528 991 1635 1019 autem

148 1030 289 1064 Achilles
311 1033 346 1064 in
368 1043 403 1065 eo
424 1032 582 1074 praeeipue
600 1033 744 1072 agnitus,
767 1042 822 1063 nec
847 1035 940 1064 curat
966 1033 1047 1064 vices
1067 1032 1237 1070 custodire,
1257 1042 1314 1064 nec
1337 1031 1466 1064 brachia
1479 1031 1632 1071 ,iungere-

151 1073 240 1107 'tnnc
259 1076 434 1117 plassolito
447 1076 640 1116 dedignatur
664 1075 876 1117 effoeminatos
899 1077 1034 1115 gradus,
1059 1078 1091 1107 et
1115 1079 1215 1107 vestes
1244 1075 1421 1114 muliebres,
1449 1074 1629 1115 rumpitque

147 1117 269 1160 clm-on,
290 1122 323 1152 et
343 1118 452 1151 turbat
472 1119 588 1152 omnia.
644 1118 702 1151 Sic
715 1118 788 1157 jam
806 1121 927 1150 moestoe
951 1118 1069 1151 Theboe
1090 1118 1257 1151 cernebant
1279 1118 1437 1159 Penthea,
1459 1125 1629 1159 aspernan-

760 1203 778 1215 0
782 1202 899 1216 “Oe“
903 1203 1002 1216 “O“

147 1277 226 1301 mn
238 1268 351 1302 codex
366 1269 410 1302 Τ.
426 1271 468 1303 R.
480 1270 517 1302 in
533 1269 637 1303 Obss.
651 1269 753 1303 Misc.
769 1270 870 1303 Tom.
888 1280 939 1302 ιν.
966 1280 1002 1312 p.
1018 1272 1205 1304 397.-161
1234 1269 1320 1302 Titne
1333 1278 1451 1311 qaoque
1474 1268 1633 1310 proecipue

139 1310 291 1351 jannjatn
303 1312 490 1353 unan‘v‘estus
504 1314 612 1355 Lang.
629 1314 731 1346 Laur.
744 1314 878 1346 Buslid.
895 1314 1050 1356 Lipsian.
1065 1313 1168 1346 Aldd.
1185 1313 1300 1346 Colin.
1318 1313 1457 1354 Gryph.
1472 1312 1580 1344 Basil.
1596 1314 1639 1343 et

150 1354 379 1388 Plana—16⁶
403 1358 414 1375 ‘
433 1356 475 1388 In
492 1366 572 1396 uno,
587 1366 699 1398 eoque
724 1355 798 1389 fere
827 1357 973 1398 optimo,
989 1357 1078 1389 libro
1095 1357 1223 1398 legitur
1245 1356 1349 1388 litera
1372 1356 1499 1394 minus,
1512 1353 1639 1387 matri!

150 1397 274 1432 Barth.
321 1398 432 1432 Codd.
460 1399 708 1442 Lindenbrogii
735 1410 798 1442 pro
826 1401 950 1442 thyrsos
972 1399 1102 1433 habent
1124 1399 1366 1442 thymia—166
1387 1399 1534 1431 Venett.
1557 1400 1589 1430 3.
1604 1399 1638 1429 4.

807 1486 953 1519 NOTAE

153 1548 383 1591 Mithridatis,
397 1558 477 1592 quas
493 1552 594 1583 extat
609 1548 644 1582 in
664 1548 870 1592 fragmentis

154 1601 392 1635 ilistoriarum
416 1600 586 1633 Sallustii.
628 1599 779 1633 Antrum
801 1599 870 1633 fuit

152 1654 188 1687 in
199 1653 443 1696 *Samothracia
463 1653 684 1697 ‘Zerynthos
697 1653 708 1668 ’
724 1654 871 1694 dictum,

153 1708 194 1738 ut
225 1703 334 1737 refert
381 1703 551 1738 Nicandri
580 1705 792 1738 Scholiastes
824 1704 868 1738 ad

153 1755 337 1797 Theriaca,
360 1755 499 1788 Hecate
526 1765 675 1797 sacrum.
722 1757 772 1789 Eo
789 1765 869 1788 con-

154 1804 355 1849 fugiebant,
378 1806 437 1848 qni
467 1806 502 1839 in
543 1806 677 1847 magnis
708 1806 871 1848 periculis

155 1856 398 1898 versabantur,
428 1856 553 1900 quibus
580 1857 639 1890 ubi
666 1857 804 1890 Hecate
832 1862 871 1894 et

155 1907 413 1951 Corybantibus
437 1907 705 1946 sacrificassent,
729 1918 766 1940 se
784 1908 870 1940 libe·

157 1963 270 1993 ratum
297 1959 341 1992 iri
365 1958 567 1992 credebant.
612 1959 702 1991 Vide
727 1956 870 1993 Suidam

155 2014 194 2043 et
207 2010 440 2044 Scholiastem
456 2008 698 2052 Aristophanis
715 2011 749 2042 in
762 2011 870 2043 Pace.

156 2061 292 2094 Horum
316 2065 433 2094 autem
462 2070 639 2093 sacrorum
663 2060 813 2093 ministri
836 2063 871 2093 in

156 2112 210 2145 his
233 2110 441 2146 amison-m
457 2111 630 2154 quandam
652 2111 872 2144 saltationem

157 2162 343 2197 saltabant.
381 2161 500 2204 Obvia]
515 2161 644 2203 Obvie,
656 2160 873 2195 adverbium.

201 2215 268 2246 loo
296 2212 431 2246 Pectine
470 2211 660 2253 Amazonio]
691 2212 873 2245 Turnebus

158 2263 217 2297 lib.
232 2271 343 2296 xxvr.
360 2271 440 2304 cap.
458 2265 512 2295 30.
534 2263 544 2282 ‘
559 2261 735 2304 videtur:
749 2263 874 2306 inquit,

154 2315 166 2333 ⁴
180 2319 308 2358 pecten
347 2313 556 2346 Amazonius
597 2313 722 2345 chorus
751 2313 874 2355 fuisse,

157 2375 226 2411 qno
240 2366 333 2400 inter
343 2375 382 2398 se
397 2365 603 2409 pectinatim
618 2365 780 2407 implexae
792 2376 874 2399 con-

157 2421 334 2460 sertaque
357 2421 458 2450 rocta
479 2416 570 2449 serie
596 2417 721 2458 puellae
746 2418 779 2450 in
803 2428 875 2450 mo-

159 2469 242 2502 dum
264 2468 481 2501 Amazonum
508 2468 704 2501 saltabant!
756 2469 873 2502 Verba

157 2520 221 2554 illa
241 2520 252 2539 ‘
266 2524 365 2552 recta
377 2520 466 2552 serie
478 2519 489 2535 ’
511 2519 712 2560 exprimunt
727 2518 872 2552 formam

158 2571 260 2607 iulus-
276 2571 384 2612 chori,
399 2571 459 2614 qni
482 2578 551 2604 non
576 2576 654 2604 erat
679 2571 872 2613 circularis,

160 2622 268 2657 sedin
281 2623 418 2664 tongum
434 2625 685 2664 porrectus‚et‚
697 2626 736 2655 ut
749 2622 873 2656 dentes

160 2673 199 2707 in
226 2672 381 2716 pectine,
409 2672 531 2706 ordine
557 2677 653 2706 recto
673 2673 874 2716 dispositus.

161 2725 275 2760 Quam
289 2724 558 2766 explicationem
569 2724 723 2758 Tui-nebi
737 2724 875 2758 firmare

161 2776 296 2810 Statius
310 2776 462 2818 videtur,
476 2777 486 2796 ‘
495 2777 682 2819 pectinem'
697 2778 801 2819 hunc,
811 2787 873 2810 seu

162 2827 322 2861 choream
330 2827 542 2870 opponendo
554 2827 742 2863 orbiculari
754 2829 872 2863 Lacoe—

925 1559 1046 1582 narum
1075 1550 1268 1583 saltationi.
1326 1549 1494 1582 Attamen
1533 1550 1640 1584 Calli·

924 1601 1064 1633 machus
1080 1603 1113 1634 in
1130 1602 1272 1644 Hymno
1288 1601 1410 1633 Dianae
1433 1601 1641 1635 circularem

923 1650 1012 1684 facit
1025 1652 1238 1685 Amazonum
1262 1651 1502 1684 saltationem:
1526 1653 1641 1694 Πρῶτα

922 1702 980 1743 μὲν
994 1703 1028 1735 ἐν
1041 1701 1211 1736 σακέεσσιν
1232 1700 1388 1744 ἐνόπλιον,
1404 1700 1471 1734 αὖθι
1486 1701 1520 1734 δὲ
1532 1701 1641 1745 κύκλῳ

922 1754 1121 1795 Στησόμεναι
1135 1755 1233 1798 χόρον
1255 1754 1355 1798 εὐρύν.
1403 1755 1550 1788 Primam
1573 1756 1642 1798 qui·

922 1808 993 1839 dem
1023 1808 1202 1840 Amazones
1234 1817 1306 1839 eum
1340 1806 1440 1838 scutis
1470 1809 1642 1849 armatam,

921 1858 997 1890 inde
1010 1858 1197 1891 circularem
1204 1858 1315 1897 secere
1329 1856 1542 1890 saltationem.

968 1909 1067 1941 Modo
1092 1918 1152 1950 qao
1176 1908 1256 1940 citat
1270 1907 1342 1940 orbe
1360 1907 1515 1940 Lacaenas
1530 1906 1642 1950 Delia,

921 1960 1167 2003 plaudentesque
1196 1959 1262 1992 suis
1288 1958 1449 2000 intorquet
1480 1958 1644 2003 Amyclis]

926 2010 1048 2043 Innuit
1072 2011 1128 2043 hic
1154 2010 1269 2043 Poeta
1293 2009 1527 2051 saltationem,
1539 2019 1644 2052 quam

926 2062 1042 2104 patrio
1068 2063 1138 2094 ritu
1164 2062 1325 2094 Lacaenae
1355 2061 1581 2094 celebrabant
1606 2060 1644 2093 in

926 2115 1091 2147 honorem
1115 2114 1238 2149 Dianae
1262 2113 1355 2156 apud
1372 2113 1506 2155 Caryas
1529 2113 1644 2147 vicum

929 2165 1103 2198 Laconiae.
1149 2165 1248 2197 Nulli
1279 2164 1371 2197 enim
1402 2168 1559 2196 veterum
1592 2163 1646 2196 di-

927 2219 1011 2248 cunt
1033 2216 1120 2248 hauc
1151 2215 1372 2248 saltationem
1400 2214 1556 2257 Amyclis
1587 2223 1644 2247 ae-

928 2270 1011 2300 tam.
1055 2266 1124 2299 Sed
1153 2276 1227 2298 mos
1252 2266 1443 2298 Poetarum
1469 2275 1573 2298 unum
1595 2266 1646 2299 lo-

928 2327 1007 2350 cum
1039 2327 1103 2360 pro
1134 2317 1201 2350 alio
1226 2326 1374 2350 sumere.
1434 2315 1526 2350 Vide
1564 2326 1644 2359 quae

929 2368 1076 2401 diximus
1099 2367 1143 2400 ad
1169 2368 1260 2402 hunc
1288 2377 1423 2400 versum
1452 2366 1565 2401 Theb.
1593 2376 1645 2401 lv-

929 2420 939 2438 ‘
958 2419 1218 2461 Plaudentique
1248 2418 1382 2452 habiles
1406 2418 1529 2461 earyae
1553 2427 1647 2451 reso·

927 2480 1011 2503 nare
1028 2471 1175 2503 Dianae.’

971 2525 1033 2554 165
1058 2521 1113 2554 Sic
1127 2522 1348 2562 indignantem
1372 2521 1511 2563 thyrsos,
1535 2531 1644 2564 accep-

927 2576 1020 2614 taque
1031 2572 1145 2604 natm
1159 2572 1333 2614 Tympana,
1344 2571 1417 2612 jam
1431 2572 1541 2604 tristes
1557 2582 1645 2614 spec·

928 2625 1039 2656 tabant
1064 2622 1211 2655 Penthea
1243 2622 1371 2663 Theba]
1407 2623 1502 2655 Nota
1526 2621 1646 2656 fabula

931 2673 1081 2708 Penthei
1093 2684 1113 2706 a
1122 2678 1234 2707 matre
1247 2673 1370 2716 Agave
1387 2678 1424 2706 et
1432 2674 1645 2707 Bacchanti.

932 2725 993 2758 bus
1022 2725 1205 2767 discerpti.
1253 2724 1395 2766 Tristes]
1434 2725 1644 2758 Calamitate

927 2775 1047 2809 futura
1083 2775 1236 2809 Penthei
1272 2775 1450 2809 Bacchum
1489 2779 1644 2808 contem·

929 2825 1057 2859 nentis.
