1846 3120
261 252 373 304 1652

258 357 296 390 lii
334 356 415 389 villa
451 357 593 397 propter
629 352 872 392 amoenitatem,
913 352 957 385 ad

259 416 359 449 qnam
383 403 606 447 spurcissimis
627 403 728 435 etiam
746 402 956 445 tempestati·

258 456 320 489 bus
342 455 495 496 naviges,
518 453 650 486 etiamsi
674 454 835 493 Maleam,
862 453 957 494 Scyl·

258 507 326 538 lam
364 509 401 537 et
430 504 637 545 Charybdim
667 504 955 544 praeternavigan-

259 555 361 588 dumt
393 558 432 587 et
459 555 545 586 banc
575 553 746 596 negligitis
783 553 953 586 vicinam?

257 606 412 640 Bernart.

301 659 363 689 1⁰3
392 657 554 689 Limum
581 655 730 698 Satyrum
752 655 848 694 nigra
871 653 956 686 rubi-

254 706 330 748 gine
358 706 477 747 turbes]
498 706 626 738 Mirum
649 710 715 745 est,
741 708 794 736 tot
819 713 955 736 correc-

258 761 353 790 tores
375 757 542 788 hactenus
556 765 624 787 non
646 753 870 787 subolfecisse
885 763 955 785 ma-

255 805 418 840 nifestum
434 805 604 838 mendum.
648 805 739 837 Quid
756 808 809 837 est
831 803 956 836 turbare

257 854 432 898 Satyrum?
476 855 582 889 Certo
610 855 737 886 certius
771 853 954 895 legendum

254 912 388 941 mutata
407 908 583 940 litterula:
605 907 702 946 nigra
724 906 868 947 rubigine
888 910 955 938 tm·-

253 967 318 998 pes.
360 957 513 989 Verbum
538 960 664 998 turpare
691 961 783 988 amat
812 956 954 988 Statius.

254 1007 487 1047 Sic'l'heb.1v.
502 1006 545 1038 de
561 1006 730 1039 Acheloo:
755 1008 766 1025 ‘
780 1006 955 1039 Herculea

254 1060 415 1098 turpatus
453 1056 621 1098 gymnade
663 1057 777 1089 vultus
812 1056 954 1089 Amnis!

253 1106 352 1142 Idem
365 1106 506 1139 verbum
521 1106 768 1139 restituendum
782 1111 837 1138 est
845 1107 955 1139 Theb.

256 1165 295 1190 x.
305 1156 361 1189 ubi
369 1157 553 1197 sicDryas:
568 1157 578 1173 ‘
585 1156 802 1188 Summumne
813 1155 876 1188 hoc
886 1157 954 1188 cla-

257 1207 370 1248 dibus,
383 1207 504 1249 inquit,
521 1207 665 1246 Deerat,
679 1210 718 1237 nt
732 1204 875 1238 afflictos
884 1211 954 1238 tur-

254 1258 371 1290 barem
384 1267 448 1299 ego
463 1257 617 1299 proditor
629 1256 741 1298 Argos
751 1256 775 1289 ?’
800 1257 852 1289 lbi
865 1257 954 1288 enim

253 1308 453 1350 ‘turparem
467 1308 477 1323 '
512 1307 695 1349 legendum
732 1316 806 1339 esse
837 1317 954 1339 omnes

254 1358 341 1392 Mss.
357 1361 559 1391 constanter
574 1361 706 1389 tenent.
743 1357 789 1388 Et
805 1357 869 1388 boc
880 1367 955 1389 ver-

251 1408 336 1441 bum
349 1408 478 1448 optime
495 1406 656 1439 convenit
671 1415 748 1438 cum
763 1406 856 1446 nigra
867 1407 954 1438 rubi-

251 1458 341 1498 gine,
367 1466 427 1493 seu
455 1455 693 1496 mordacitate,
717 1466 783 1497 qua
798 1456 954 1497 Satyram

251 1508 395 1541 tinctam
424 1516 500 1540 esse
525 1510 677 1547 oportet.
719 1507 847 1538 Nescio
874 1507 957 1548 quid

252 1561 401 1598 nugetur
415 1555 598 1595 Domitius,
619 1555 699 1587 dum
724 1556 772 1589 ait
794 1556 871 1591 ideo
893 1558 950 1589 hic

249 1606 260 1624 ⁸
278 1606 442 1641 liventem
462 1605 620 1646 Satyram
634 1604 645 1620 ’
685 1605 766 1645 dici,
798 1606 808 1624 ‘
823 1606 901 1647 quia
924 1607 952 1638 is

254 1656 313 1697 qui
328 1659 428 1688 natus
442 1659 496 1686 est
511 1659 548 1687 ut
561 1655 699 1696 Satyrus
716 1655 855 1687 livorem
871 1665 951 1689 con·

252 1705 359 1737 trahit
382 1703 501 1737 vultu!
558 1703 652 1737 Nihil
677 1704 720 1736 de
747 1706 884 1737 ‘vultus
914 1707 952 1738 li-

251 1755 357 1789 vore'
392 1755 448 1788 uic
475 1754 617 1787 Statius.
660 1755 822 1788 Linteum
852 1757 951 1796 duit,

250 1807 286 1840 id
311 1811 378 1846 est,
402 1805 596 1837 mordacem
623 1808 660 1836 et
686 1814 852 1845 asperam.
894 1806 951 1838 Sic

251 1856 424 1891 Martialis
442 1856 529 1888 libro
545 1863 582 1887 x.
608 1854 726 1895 Epigr.
742 1857 794 1886 33.
821 1856 950 1888 Gerar-t.

252 1905 515 1946 Nigr-“rubigine
526 1903 645 1944 turbes]
672 1904 802 1935 Ultima
817 1905 876 1935 illa
892 1905 951 1936 ad—

250 1955 389 1988 modum
413 1954 551 1986 turbata
563 1976 572 1985 .
584 1975 593 1985 .
609 1974 617 1983 ·
629 1976 637 1984 .
648 1956 754 1994 turpes
781 1955 951 1988 emendat.

250 2004 319 2038 sed
335 2013 461 2046 queso,
475 2003 555 2045 quid
571 2006 624 2035 est
638 2003 794 2044 Satyram
811 2005 864 2035 vel
878 2009 948 2040 tur-

250 2054 334 2089 bare
349 2054 404 2086 vel
420 2053 583 2098 turpare?
605 2053 734 2084 somnia
749 2057 828 2085 sunt
842 2058 878 2086 et
889 2063 949 2086 nu-

249 2115 301 2146 gae
334 2113 449 2136 merae.
493 2103 618 2136 Nullus
647 2103 759 2135 subito
790 2103 870 2145 quin
899 2104 948 2137 sic

249 2157 425 2200 scripserit
434 2156 584 2190 Auctor:
608 2156 711 2195 πίε-ηε
724 2155 869 2196 rubigine
881 2159 948 2189 lur-

249 2208 306 2242 ba.
334 2208 447 2243 Tollas
461 2206 520 2242 ἀπὸ
529 2207 585 2241 τοῦ
594 2206 696 2239 κοινοῦ
711 2206 948 2248 repetendum,

249 2262 285 2293 et
311 2257 637 2299 subintelligendum
662 2261 728 2296 est,
753 2265 815 2297 per
834 2256 949 2289 ‘rubi-

249 2307 383 2348 ginem’
405 2307 537 2342 scelera
561 2311 597 2338 et
620 2306 725 2340 malas
754 2309 858 2344 artes,
884 2314 948 2347 per

246 2359 255 2376 ‘
268 2357 398 2399 nigram
425 2355 580 2391 turbam'
603 2355 754 2387 homines
774 2355 871 2396 pravi
894 2355 946 2386 in-

249 2407 340 2448 genii
357 2405 609 2448 elegantissime
622 2404 732 2437 Poeta
741 2404 946 2445 designavit.

247 2458 378 2490 Notum
403 2456 509 2491 illud:
533 2455 622 2486 ‘Hic
639 2454 738 2495 niger
759 2458 832 2493 est3
855 2453 946 2486 bunc

248 2510 285 2537 tn
298 2506 449 2539 Romane
458 2503 603 2537 caveto!
621 2504 779 2536 Boxhorn.
793 2503 896 2544 Epist.
905 2504 946 2535 ad

246 2556 324 2587 Joh.
339 2556 438 2591 Fred.
455 2555 592 2591 Gronov.

290 2607 352 2642 104
375 2604 438 2637 Seu
448 2607 504 2637 tua
517 2614 578 2635 non
587 2604 653 2635 alta
662 2603 853 2644 splendescat
865 2602 944 2643 epie-

245 2655 308 2686 tola
332 2653 422 2694 cura]
446 2653 571 2694 Inepte
594 2653 630 2684 in
660 2653 814 2686 omnibus
851 2653 944 2693 vulg.

243 2703 382 2744 legitur,
395 2712 455 2739 non
464 2702 537 2734 alia.
573 2702 662 2735 Nam
678 2702 852 2742 eleganter
867 2701 943 2736 dix-

244 2752 271 2783 it
286 2762 348 2784 non
358 2749 428 2789 alta
440 2760 526 2788 cura,
541 2751 633 2792 quod
658 2752 823 2792 Epistolae
845 2750 943 2783 fami-

243 2802 316 2837 liari
344 2806 382 2834 et
396 2801 534 2836 minime
550 2799 715 2835 affectato
732 2803 821 2844 stylo
837 2801 941 2835 scribi

725 258 867 292 ⁸01¹AE
899 256 1162 291 VARIORUM
1195 256 1247 288 m

1004 351 1168 392 debeant,
1182 355 1220 384 ut
1233 349 1390 392 praecipit
1401 348 1596 383 Demetrius
1609 347 1703 388 Pin-

1004 402 1131 443 lereus,
1167 401 1312 443 Dionys.
1342 400 1637 438 Halicarnasseus.
1663 403 1703 437 et

1005 451 1248 486 Quintilianus.
1291 451 1383 483 Hinc
1405 450 1528 484 Cicero
1542 450 1578 483 in
1591 449 1703 492 Evina

1006 501 1049 533 ad
1065 501 1221 534 Paetum.
1212 511 1220 519 ·
1242 502 1252 519 ‘
1267 501 1358 535 Quid
1375 500 1439 535 tibi
1463 509 1528 543 ego
1551 500 1585 532 iu
1601 495 1702 542 Epise

1005 552 1083 584 tolis
1099 561 1176 584 esse
1193 551 1331 584 videor?
1353 560 1464 583 nonne
1483 547 1618 592 plebeio
1631 558 1701 584 ser

1004 611 1104 634 mone
1135 601 1247 644 agitur
1276 606 1401 642 tecum,
1424 610 1500 644 quae
1524 599 1702 643 precipua

1005 653 1109 686 virtus
1119 652 1207 685 est?
1230 653 1362 685 Gevart.

1043 704 1165 736 Canu.
1174 712 1223 736 tv.
1232 701 1373 743 soteria]
1383 701 1530 735 Veteres
1537 701 1701 739 olii-cum

1004 753 1109 786 duces
1120 763 1195 786 cum
1209 752 1366 785 exercitu
1379 761 1399 784 e
1411 751 1508 794 gravi
1516 755 1554 789 et
1565 751 1701 797 perieu-

1004 803 1076 836 losa
1085 803 1304 845 expeditione
1315 801 1400 835 salvi
1408 801 1543 835 domum
1551 804 1702 839 reverte·

1002 854 1140 894 bantur,
1149 853 1284 894 publice
1290 851 1456 885 sacrificia
1464 851 1701 890 instituebant.

1003 914 1079 946 quae
1092 903 1230 946 Σωτήρια
1241 903 1471 946 appellabant.
1497 902 1635 939 Deinde
1643 911 1701 939 vs-

1003 964 1054 993 ro,
1063 954 1167 986 etiam
1178 954 1434 996 privatim,cum
1442 953 1625 998 amicorum
1641 951 1703 987 sti,

1005 1004 1079 1046 quis
1097 1008 1156 1036 aut
1172 1008 1283 1045 pater,
1299 1008 1360 1036 aut
1375 1012 1475 1045 uxor,
1487 1006 1547 1036 aut
1571 1001 1661 1039 filius
1679 1012 1702 1038 o

1004 1054 1097 1096 gravi
1127 1054 1243 1086 morbo
1268 1054 1529 1095 convaluerant,
1555 1058 1637 1087 vota
1664 1056 1702 1089 et

1003 1102 1171 1137 sacrificia
1187 1103 1261 1135 Diis
1284 1103 1473 1144 solvebant,
1487 1112 1564 1146 qum
1579 1097 1702 1138 eodem

1003 1155 1139 1189 nomine
1172 1154 1276 1188 etiam
1321 1154 1447 1190 soteria
1481 1153 1701 1198 vocabantur.

1002 1208 1091 1241 Vide
1120 1206 1291 1240 Martialis
1318 1205 1378 1238 lib.
1402 1214 1474 1238 ιιι.
1491 1205 1622 1246 Epigr.
1645 1206 1701 1237 4⁶.

1002 1258 1151 1299 Egregie
1174 1266 1255 1289 vero
1278 1256 1401 1290 ludunt
1427 1256 1642 1297 Interpretes
1664 1254 1701 1289 in

1002 1307 1067 1340 hoc
1086 1307 1223 1348 Papinii
1245 1311 1282 1339 et
1303 1306 1476 1341 Martialis
1501 1306 1592 1346 loco,
1612 1302 1699 1339 dnm

1004 1357 1282 1393 Soteriumiunera
1290 1366 1365 1389 esse
1373 1357 1562 1398 aiunt,qnae
1571 1355 1701 1388 daban·

1004 1410 1061 1438 tur
1076 1406 1194 1438 amicis
1206 1416 1226 1438 a
1236 1406 1354 1437 morbo
1366 1403 1700 1444 convalescentibus,

1005 1455 1287 1497 quemadmodum
1302 1455 1358 1487 die
1383 1455 1502 1488 Natali
1523 1454 1625 1487 etiam
1641 1464 1700 1487 va-

1005 1506 1055 1537 ria
1077 1515 1217 1537 munera
1240 1504 1502 1538 missitabantur.
1545 1504 1648 1545 Ham,
1660 1508 1700 1536 nt

1005 1555 1088 1595 dixi,
1111 1555 1300 1591 nihilaliud
1329 1558 1407 1587 sunt
1433 1552 1571 1594 Soteris,
1597 1558 1701 1595 quam

1003 1606 1093 1637 Vota
1118 1610 1154 1637 et
1178 1603 1366 1644 Sacrificia,
1390 1613 1465 1647 ques
1492 1603 1536 1636 ob
1556 1603 1700 1637 «ΡΙ-ἱππί,

1003 1665 1083 1696 pum
1108 1659 1144 1686 et
1169 1654 1353 1687 amicorum
1378 1654 1525 1690 salutem
1549 1652 1626 1684 Diis
1648 1652 1700 1685 in-

1002 1705 1205 1742 stituebant.
1250 1704 1349 1739 Quod
1370 1703 1452 1738 satis
1473 1703 1548 1745 ipse
1568 1701 1699 1737 Statius

1002 1755 1123 1795 innuit,
1139 1756 1173 1787 in
1188 1755 1254 1787 fine
1269 1754 1492 1794 Soter-iorum,
1507 1753 1565 1786 ubi
1581 1753 1624 1786 de
1637 1753 1699 1789 ss-

1002 1805 1153 1845 crificiis,
1182 1815 1244 1846 pro
1278 1805 1462 1845 impetrata
1488 1803 1614 1843 Gallici
1644 1812 1697 1838 ⁸⁸-

1001 1856 1074 1887 lute
1089 1854 1279 1887 solvendis:
1302 1856 1312 1872 ‘
1327 1854 1405 1890 Qua
1416 1862 1505 1885 nunc
1521 1852 1599 1893 tibi,
1613 1862 1697 1894 pau-

1001 1914 1064 1946 per
1086 1905 1228 1944 acerra,’
1248 1906 1311 1936 διο.
1356 1904 1402 1939 Et
1417 1903 1494 1939 ideo
1509 1902 1612 1934 etiam
1626 1907 1699 1939 naq

1000 1954 1062 1986 tim
1087 1955 1183 1986 initio
1206 1954 1304 1995 hujus
1321 1952 1483 1985 Carminis
1503 1962 1523 1984 a
1541 1952 1695 1985 Deorum

999 2004 1100 2036 laude
1115 2004 1247 2045 incipit.
1268 2003 1400 2035 Gemrt.

1043 2057 1061 2087 1
1085 2054 1191 2094 Estis]
1215 2053 1282 2085 Alii
1297 2053 1474 2094 ambigunt
1486 2061 1528 2084 an
1545 2051 1604 2084 Dii
1614 2051 1696 2089 sint,

1000 2113 1142 2146 quorum
1158 2095 1372 2144 providentia
1388 2101 1531 2134 mundus
1547 2105 1696 2142 regatur.

999 2154 1070 2187 Alii
1094 2158 1217 2194 putant
1238 2153 1330 2184 Deos
1358 2150 1494 2193 quidem
1519 2160 1608 2191 esse,
1635 2151 1696 2187 sed

1000 2213 1058 2235 eos
1083 2203 1184 2235 nullis
1200 2202 1358 2242 precibus
1374 2201 1516 2241 moveri,
1540 2210 1610 2243 quo
1633 2201 1695 2234 mi-

999 2263 1062 2285 nus
1078 2252 1193 2284 fatain
1210 2253 1339 2284 exitum
1355 2251 1598 2292 perducantur.
1649 2250 1694 2283 E-

999 2312 1055 2344 go,
1072 2302 1183 2345 inquit
1194 2302 1371 2343 Papinius,
1385 2310 1428 2334 ex
1447 2301 1512 2332 hoc
1527 2299 1644 2340 didici,
1657 2305 1694 2332 et

998 2352 1095 2384 Deos
1110 2361 1183 2384 esse
1201 2351 1258 2393 qui
1275 2347 1412 2383 audiant
1424 2359 1546 2391 preces
1567 2354 1694 2387 mortib,

997 2401 1091 2442 lium,
1108 2406 1144 2433 et
1167 2409 1226 2433 eos
1248 2399 1429 2441 aliquando
1452 2398 1559 2432 flecti.
1603 2399 1696 2435 Nam

998 2451 1150 2489 Gallicus
1174 2449 1367 2483 ·videbatur
1393 2450 1597 2484 moriturus:
1616 2449 1693 2482 ·sed

997 2500 1115 2541 populi
1132 2499 1220 2531 votis
1241 2504 1396 2531 servatus
1409 2503 1464 2531 est
1476 2499 1540 2530 diis
1554 2498 1693 2533 exaudi·

997 2550 1144 2585 entibus.
1165 2549 1336 2585 Domitius.
1380 2549 1469 2581 Nam
1490 2549 1596 2581 stulta
1611 2557 1691 2590 gen-

996 2600 1103 2633 tilitas
1119 2604 1162 2632 ex
1186 2599 1341 2630 humanis
1356 2598 1571 2631 successibus
1585 2598 1694 2639 opini-

994 2658 1092 2682 onem
1115 2648 1305 2682 divinitatis
1321 2648 1538 2690 conjiciebat,
1562 2652 1622 2680 ant
1644 2647 1694 2680 di-

995 2699 1165 2735 mittebat.
1190 2700 1336 2731 cmm.

1036 2752 1056 2782 3
1095 2749 1207 2790 Cadit]
1245 2748 1394 2780 Omnino
1422 2746 1692 2787 emaculandum,

993 2800 1089 2832 redit.
1134 2799 1220 2833 Jove
1237 2798 1315 2830 nim.
1328 2801 1405 2839 post
1419 2797 1599 2837 Saturnum
1615 2805 1690 2838 reg-
