1846 3120
7 266 48 406 3

605 220 894 252 'rHfflaeAinos
931 217 1026 251 [ΑΒ.
1058 218 1152 252 xn-
1506 209 1619 253 1479

148 316 289 370 eodo,
309 315 398 361 ten'
417 312 585 373 pudet?
616 316 700 358 heu
721 316 869 371 pietas
885 315 1050 369 ignava
1070 315 1258 359 sororis!

148 386 268 432 Haec
285 386 421 442 prior.
480 384 573 427 Hic
593 384 757 439 pariter
775 384 935 438 lapsae,
948 384 1192 440 junctoque
1212 397 1292 439 per
1312 383 1462 438 ipsum
1530 365 1619 427 385

146 453 389 510 Amplexu,
406 453 599 495 miscent
618 452 764 495 avidae
783 452 1112 507 lacrymasque,
1129 465 1386 508 comasque,

140 519 419 578 ‘Partitaeque
438 525 560 563 artus
580 520 767 563 redeunt
786 520 953 562 alterna
973 525 1202 574 gementes

146 591 221 636 Ad
240 590 430 642 vultum,
449 593 493 631 et
512 601 619 632 cara
636 589 813 632 vicibus
834 588 1008 630 cervice
1029 588 1243 630 fruuntur.

91 679 94 682 ⁴
147 659 358 714 Dumque
374 657 513 701 modo
531 657 633 700 haec
649 657 825 700 fratrem
846 660 1074 707 memorat,
1094 669 1210 698 nunc
1226 655 1306 699 illa
1324 656 1545 707 maritum,

147 726 398 782 Mutuaque
417 738 592 768 exorsae
611 725 809 776 Thebas,
827 723 1067 779 Argosque
1087 727 1325 775 renarrant,
1528 723 1615 766 390

146 795 344 850 Longius
366 793 502 849 Argia
519 794 707 835 miseros
726 792 1026 835 reminiscitur
1046 795 1200 834 actus:

139 862 234 906 ζΡιιι·
252 863 333 905 tibi
353 861 503 904 furtivi
525 874 701 904 sacrum
722 873 957 903 commune
978 855 1164 911 doloris,

146 931 236 974 Per
254 929 407 973 socios
427 928 606 979 Manes,
625 932 670 971 et
688 929 873 971 conscia
892 927 1037 971 sidera
1050 928 1155 983 juro
1171 941 1182 980 ;

129 996 253 1046 ,Νοιι
269 997 344 1040 hic
364 997 570 1049 amissos,
591 1010 840 1052 quanquam
859 1010 999 1051 vagus
1021 998 1142 1047 exul,
1161 997 1367 1049 honores,

146 1065 253 1109 Non
273 1066 433 1121 gentile
449 1065 609 1117 solum,
631 1078 749 1108 carae
768 1078 857 1107 non
876 1070 1063 1120 pectora
1079 1065 1254 1118 matriS,
1529 1065 1617 1108 395

82 1147 89 1152 ·
143 1133 212 1178 Te
230 1135 415 1190 cupiens
434 1147 582 1186 unam,
597 1137 852 1189 noctesque,
872 1133 1072 1189 diesque,
1092 1133 1271 1175 locutus

148 1266 244 1300 Cedo.
290 1267 378 1310 Heu,
398 1279 461 1301 non
475 1272 506 1302 te
521 1269 631 1311 pudet,
651 1269 770 1301 sororis
791 1269 906 1310 ignaua
916 1268 1039 1310 pietas
1035 1268 1047 1291 Ι
1069 1269 1135 1300 hoec
1148 1267 1246 1309 prior
1249 1267 1346 1300 venit.
1393 1266 1458 1298 Hic
1472 1275 1534 1298 una
1549 1273 1617 1297 cor-

144 1314 282 1350 mnes,
302 1315 334 1344 et
347 1313 492 1353 amplexu
505 1322 586 1344 nexo
596 1322 668 1363 per
663 1313 797 1345 medium
811 1312 1004 1354 Polynicem,
1019 1311 1211 1351 confundunt
1226 1311 1328 1342 avidae
1341 1309 1444 1359 fletus
1457 1312 1489 1341 et
1504 1309 1619 1346 crines,

144 1355 177 1384 et
199 1353 330 1394 partita
342 1358 444 1393 mus,
462 1358 622 1401 gementes
635 1353 772 1387 vicissim
787 1359 988 1387 revertuntur
1007 1355 1048 1386 ad
1072 1355 1203 1395 vultum,
1226 1356 1258 1386 et
1284 1352 1416 1385 alteruis
1437 1352 1619 1384 osculantur

143 1394 291 1429 dilectum
303 1401 408 1439 caput.
451 1392 598 1440 Dumque
621 1399 688 1430 lioec
712 1399 800 1431 nwdo
822 1402 973 1430 memorat
995 1407 1194 1438 germanum,
1215 1406 1297 1428 nunc
1316 1396 1374 1428 illa
1388 1395 1565 1435 conjugem,
1586 1396 1619 1425 et

143 1438 326 1472 numatam
338 1442 518 1482 loquuntur,
533 1441 599 1473 haee
614 1442 652 1474 de
668 1442 793 1482 Thebis,
806 1441 863 1473 illa
876 1443 915 1476 de
930 1440 1043 1481 Argis,
1065 1441 1170 1481 Argia
1190 1439 1352 1481 prolixius
1372 1439 1511 1480 deplorat
1527 1447 1616 1469 suam

144 1480 292 1515 miseram
317 1487 455 1516 mrtem.-
484 1485 630 1517 Δαρείου·
658 1485 714 1516 hoc
741 1494 865 1517 sacrum
891 1493 1051 1516 commune
1079 1483 1267 1516 clandestini
1303 1484 1404 1514 luctus
1437 1481 1554 1520 nostri,
1586 1483 1619 1511 et

144 1533 332 1559 ommni
350 1526 504 1566 enormis,
525 1531 558 1560 et
582 1528 701 1566 stellas,
723 1538 792 1569 quae
806 1538 862 1560 nos
875 1528 1006 1566 rident;
1028 1527 1079 1559 hic
1101 1527 1283 1568 Polynices,
1304 1525 1444 1567 quamvis
1462 1524 1617 1566 profugus

144 1569 179 1599 et
202 1568 353 1611 marris,
378 1580 442 1603 m
466 1570 647 1620 loquebatur
669 1572 709 1604 de
731 1581 829 1611 regno
854 1571 917 1603 eibi
941 1573 1059 1612 erepto,
1088 1580 1149 1602 non
1173 1571 1212 1602 de
1234 1569 1334 1601 natali
1358 1569 1461 1605 humo,
1490 1577 1553 1600 nou
1578 1567 1617 1598 de

139 1609 217 1648 ‚sinu
230 1591 355 1645 dilecta
373 1614 538 1656 parentis,
558 1613 614 1646 diu
640 1617 791 1656 noctuque
813 1617 843 1646 te
868 1615 965 1646 solam
977 1613 1170 1654 Antigonem
1184 1612 1384 1645 memorabat.
1430 1612 1502 1652 Ego
1516 1610 1617 1642 minus

759 1715 780 1728 O
783 1714 916 1728 ONNOO
920 1714 1002 1727 Μ’

138 1791 246 1826 codd.
261 1798 340 1824 cum
354 1791 500 1825 Venett.
511 1794 544 1824 3.
557 1793 591 1824 4.
608 1790 709 1824 Rom.
732 1795 769 1824 et
785 1791 890 1825 Aldd.
912 1792 922 1810 ‘
938 1791 1020 1824 Gul.
1043 1791 1229 1824 Canterum
1255 1794 1394 1832 putasse
1422 1788 1617 1822 rescriben-

142 1835 249 1869 dunt
271 1834 338 1868 ‘en'
350 1836 446 1877 pudet
463 1834 627 1875 arbitror,
641 1835 726 1867 licet
741 1834 847 1867 verba
862 1834 936 1877 ejus
951 1841 1117 1877 corrupte
1135 1835 1203 1866 sint
1226 1834 1320 1866 edita
1338 1835 1428 1866 Nov.
1442 1834 1538 1865 Lect.
1551 1832 1614 1864 lib.

135 1886 185 1912 τι.
200 1888 276 1920 cap.
292 1881 324 1911 8.
347 1878 472 1921 Neque
487 1887 569 1910 sane
584 1878 686 1910 aliter
702 1882 816 1919 potest
830 1878 912 1919 legi,
927 1883 1070 1920 propter
1087 1887 1235 1910 versum.
1262 1877 1350 1910 Mihi
1367 1877 1502 1918 spurius
1519 1881 1614 1908 totns
1664 1879 1666 1881 '

138 1921 330 1964 ⁴aliquando
345 1921 540 1959 videbatur,
545 1921 611 1953 vel
634 1922 746 1953 latere
763 1922 1032 1956 vetustissimum
1055 1921 1229 1958 mendum
1246 1920 1336 1962 quod
1362 1920 1518 1952 librarios
1542 1929 1615 1951 om-

143 1974 204 1997 nes
220 1963 399 1997 fefellerit.
441 1965 560 1996 Possis
575 1964 752 1997 scribere·
773 1965 890 1997 Cedere
905 1964 985 1996 men'
997 1966 1119 2006 pudet?
1140 1963 1199 1996 heu
1218 1964 1324 2005 pietas
1338 1963 1456 2004 ignava
1469 1962 1617 1995 sororis!

143 2007 313 2040 Voculam
327 2007 388 2040 lieu
401 2017 517 2040 omnes
533 2007 613 2039 libri
637 2012 840 2048 agnoscunt,
855 2008 1002 2051 alioquin
1017 2007 1153 2040 facilior
1168 2012 1260 2039 esset
1276 2006 1447 2039 correctio
1463 2011 1524 2038 aut
1543 2006 1614 2038 lec-

144 2050 207 2083 tio.
252 2050 371 2084 Quare
397 2049 543 2083 fortasse
568 2051 618 2082 sic
634 2051 821 2101 reliquerit
839 2051 1027 2093 Papinius.
1063 2051 1159 2090 Cedo,
1175 2054 1278 2082 tamen
1300 2049 1425 2093 pudet!
1449 2050 1537 2087 Heu,
1558 2051 1613 2090 ᾃτ.

144 2093 356 2135 Scripseram
371 2093 446 2126 liaec
469 2103 546 2125 cnm
566 2093 736 2135 cogitanti
752 2093 940 2135 displicent
963 2095 1037 2126 haec
1063 2094 1187 2131 omnia,
1210 2098 1246 2125 et
1271 2096 1419 2150 apparet
1441 2102 1522 2124 vera
1538 2102 1614 2124 esse

144 2136 316 2178 scriptura
330 2137 638 2178 manuscriptorum
654 2137 839 2169 librorum:
859 2138 962 2169 Cedo.-
984 2141 1074 2169 tene:
1093 2138 1202 2178 pudet,
1213 2137 1284 2177 heu,
1299 2135 1364 2177 εἰμι’
1384 2135 1504 2168 Barth.
1523 2135 1613 2167 Vide

146 2179 230 2212 Not.
245 2179 327 2212 Var
329 2181 435 2212 -385
461 2179 543 2212 Hoec
554 2179 642 2222 prior
656 2180 728 2212 hine
743 2181 870 2213 Daum.
886 2190 930 2213 ex
945 2180 1023 2212 cod.
1039 2185 1076 2212 et
1091 2181 1139 2212 ita
1151 2179 1341 2211 Barthiani.
1357 2179 1535 2220 Junctoeque
1558 2188 1615 2219 per

142 2222 246 2264 ipsum
260 2223 401 2264 optimoe
417 2221 552 2254 Barthii
564 2223 784 2255 membranae.
781 2219 895 2256 —388
909 2223 1035 2256 Behot.
1052 2226 1084 2256 1.
1099 2233 1216 2255 cervice
1222 2223 1396 2261 seruntur
1420 2226 1614 2254 correctum

135 2269 271 2306 tamen,
286 2270 323 2297 et
338 2265 521 2307 expunctis
538 2265 708 2307 prioribus
723 2267 834 2298 literis
850 2267 1040 2308 repositum
1052 2266 1261 2305 fruuntur.—
1225 2268 1331 2298 -391
1355 2265 1498 2305 Longius
1511 2265 1614 2304 Aigie

136 2308 284 2351 ‚optima
298 2308 437 2341 Bartbii
448 2309 671 2342 membranae.
673 2311 780 2342 -394
803 2309 994 2352 Epitheton
1013 2319 1112 2351 vagus
1135 2314 1334 2351 suspectum
1349 2313 1401 2346 est
1415 2308 1568 2341 Barthio.
1569 2325 1614 2332 —

804 2407 836 2441 N
842 2408 946 2442 01¹AE

185 2483 250 2514 384
274 2481 369 2522 Cedo,
383 2481 447 2515 ten’
467 2484 578 2526 pudet]
601 2485 663 2517 Est
679 2485 712 2517 in
738 2485 844 2518 omni·
897 2485 948 2518 Τιι
975 2485 1090 2527 potius
1115 2488 1248 2525 manc
1266 2482 1479 2524 amplectere
1495 2482 1608 2526 funus,

132 2527 208 2564 -bns
219 2533 385 2575 scriptis:
411 2534 507 2576 cedo,
521 2536 605 2576 tene,
628 2535 749 2578 pudet!
775 2537 844 2569 heu.
899 2536 991 2578 qnod
1008 2540 1046 2568 ut
1062 2540 1215 2580 tenerem
1239 2534 1315 2575 ipsa
1343 2538 1611 2577 tractaremque,

134 2581 307 2615 Ceterum
319 2592 482 2626 ego‚quae
497 2585 608 2618 adbuc
621 2587 737 2628 putavi
750 2594 845 2619 meas
899 2587 980 2619 dum
1011 2595 1172 2628 supremo
1210 2583 1324 2617 officio
1353 2585 1490 2627 mando,
1521 2588 1612 2628 veni,

133 2641 217 2665 -esse
233 2633 359 2675 primas
375 2639 507 2677 partes,
521 2640 557 2668 et
572 2637 697 2679 luctus,
710 2642 749 2670 et
773 2636 845 2670 offi·
900 2639 960 2672 sed
975 2647 1052 2670 sero
1069 2637 1253 2680 tardeque.
1280 2637 1472 2670 Gronovius.

134 2683 184 2716 ,eii
207 2693 289 2725 erga
311 2682 467 2726 fratrem,
490 2695 582 2719 nnnc
605 2696 627 2719 a
653 2691 689 2720 te
717 2688 847 2720 victam
949 2692 1012 2722 395
1045 2689 1174 2722 Gentile
1195 2687 1313 2730 solum]
1335 2688 1507 2732 Patriam,
1533 2700 1610 2733 quae

140 2740 221 2766 esse
234 2743 288 2766 me
302 2733 432 2774 fateor,
446 2735 578 2780 tibique
593 2738 760 2779 concedo,
771 2749 849 2781 quae
902 2739 1059 2773 omnibus
1075 2739 1269 2773 carissima.

134 2787 215 2817 -um
241 2784 342 2826 longo
366 2785 492 2820 itinere
513 2787 607 2830 prior
629 2792 745 2822 tamen
758 2789 855 2823 adem
