1846 3120
255 212 369 255 1360

256 317 322 359 Hi
340 317 529 371 praefixa
548 318 644 358 solo
665 316 835 359 vellunt
854 318 1122 362 munimina:
1157 324 1201 363 at
1220 321 1290 363 illi

256 385 488 427 Portarum
509 385 709 439 objectus
730 385 942 436 minuunt,
964 391 1010 428 et
1028 386 1170 430 ferrea
1188 388 1348 432 sudant.

747 225 787 254 P.
820 223 1011 255 PAPth
1045 223 1210 257 STATH

257 451 460 494 Claustra
477 452 684 503 remoliri,
704 453 990 508 trabibusque
1012 459 1185 498 arctata.¹
1199 469 1362 499 sonoro

255 519 434 562 Pellunt
453 531 570 562 saxa
588 519 690 562 loco
708 533 719 562 ε
749 533 854 575 pars
875 521 934 564 ad
952 521 1135 577 fastigia
1152 525 1319 567 missas

256 586 469 628 Exultant
487 586 673 630 haesisse
692 587 844 641 faces3
877 603 981 643 pars
1003 592 1094 634 ima
1113 592 1356 645 lacessunt,

256 653 605 709 Scrutanturque
628 668 766 699 cavas
788 670 911 699 caeca
930 659 1155 709 testudine
1176 664 1332 704 turres.

1584 696 1588 700 ›
1627 668 1715 712 530

254 767 363 800 deant.
386 770 436 801 Hi
449 771 587 803 avellunt
599 772 686 811 palos
696 775 790 804 terroe
800 771 930 814 infixos.-
944 761 1041 806 nt‘iui
1055 780 1202 818 rumpunt
1217 777 1408 812 munimenta
1421 784 1595 820 portarum,
1603 762 1633 812 ei
1648 789 1714 812 cer-

252 812 323 860 tant
337 811 493 853 frangere
505 813 616 852 ferrea
631 815 792 855 repagula,
805 819 836 847 et
850 817 1003 857 strepenti
1016 818 1116 851 ariete
1131 821 1195 851 loco
1210 823 1382 854 extrudunt
1400 822 1520 864 lapides
1529 823 1628 865 firme
1642 833 1715 854 eon-

251 856 391 886 strictos.
433 856 518 888 Pars
532 856 682 888 laetuntur
694 858 785 896 faces
799 858 931 898 injectas
945 860 1033 902 affigi
1047 861 1171 902 pinnis.-
1190 874 1265 906 pars
1279 866 1432 906 impetunt
1447 863 1524 904 ivm,
1543 869 1575 899 et
1593 867 1711 899 rimu-

868 952 1105 969 ‘numm‘

253 1009 374 1042 eodem
403 1011 545 1044 codice:
579 1015 692 1046 cecidit
712 1015 861 1056 profusus
881 1020 1112 1050 areuna—526
1135 1017 1177 1050 Iu
1201 1019 1311 1052 altero
1335 1020 1458 1053 Behot.
1482 1021 1625 1054 muniunt
1649 1030 1713 1064 pro

252 1053 518 1086 minumus—52⁷
542 1056 632 1088 Dan.
650 1058 730 1089 Put.
747 1058 980 1100 Lindenbrog.
996 1064 1034 1093 et
1048 1061 1151 1094 Cruc.
1166 1063 1249 1094 trabi

1251 1063 1362 1104 busqioe
1375 1067 1404 1096 et
1429 1065 1549 1102 mictu
1569 1064 1710 1102 Behott.

255 1097 285 1127 1.
302 1098 335 1127 2.
359 1096 469 1138 Lang.
495 1098 597 1130 Laur.
621 1100 755 1132 Buslid.
783 1101 935 1141 Lipsian.
960 1102 1083 1136 Petav.
1108 1104 1267 1138 Petrens.
1290 1106 1376 1138 Exc.
1403 1106 1548 1140 Cantnb.
1570 1107 1712 1146 Venett.

253 1137 358 1170 Aldd.
375 1139 485 1173 Colin.
500 1140 633 1183 Gryph.
656 1143 762 1175 Basil.
777 1148 814 1175 et
828 1143 942 1177 Plant.
959 1145 1157 1189 trabibusque
1171 1151 1416 1182 arctatae-529
1437 1149 1597 1182 Exitum
1610 1150 1712 1184 exisse

908 1236 1055 1269 NO'rAE

252 1293 342 1336 Equi
367 1299 420 1328 est
440 1297 566 1330 saltum
588 1298 760 1340 audentis,
779 1303 814 1332 et
841 1305 956 1332 tamen

251 1350 345 1378 retro
360 1355 397 1378 se
413 1347 622 1389 reducentis,
638 1349 838 1392 descriptio.

294 1399 359 1429 627
399 1398 569 1439 Trabibus]
612 1399 757 1441 Trabes,
786 1401 956 1434 Machinae

244 1447 373 1489 ‚quibus
388 1449 474 1480 muri
486 1450 635 1483 hostium
651 1450 956 1485 labefactarentur.

250 1498 339 1531 Erat
355 1504 393 1530 et
413 1500 422 1517 ‘
436 1500 549 1532 trabes
571 1501 754 1542 machina,'
777 1512 836 1534 seu
852 1495 956 1544 aries,

251 1547 406 1590 κριοδόκη,
429 1555 468 1582 ut
494 1550 586 1592 apud
613 1551 808 1584 Vitruvium
833 1553 956 1593 legitur

246 1598 294 1631 de
307 1599 556 1632 Architectura
572 1601 677 1634 lib-x.
694 1612 770 1644 cap.
788 1605 840 1634 19.
855 1611 954 1645 quam

251 1651 555 1694 Carthaginienses
571 1653 788 1694 invenerant,
805 1665 871 1696 qua
887 1655 953 1687 ari-

250 1705 387 1733 etarent
401 1712 514 1734 muros
530 1703 675 1743 impulsa
695 1703 852 1735 manibus
868 1705 953 1736 mili·

250 1755 342 1783 tum:
367 1751 493 1783 deinde
510 1751 729 1793 impellendae
747 1758 756 1771 ‘
771 1754 860 1786 trabi
884 1764 953 1786 ma-

249 1801 361 1833 chinae
373 1800 383 1815 ’
406 1801 542 1844 adJecta
554 1803 793 1844 instrumenta,
808 1808 845 1836 et
861 1805 954 1837 varia

249 1851 459 1892 excogitata.
487 1852 743 1893 Pephasmenus
758 1854 880 1895 Tyrius
896 1854 954 1886 ad·

242 1901 335 1943 jecit
358 1902 498 1942 malum,
513 1901 549 1933 id
569 1907 635 1942 est,
651 1902 781 1944 tignum
805 1909 953 1938 arrecta·

249 1952 338 1984 rium
354 1953 558 1994 praecelsum
575 1954 686 1984 instar
708 1955 800 1995 mali,
815 1954 871 1986 cui
893 1965 953 1996 ap-

248 2011 376 2044 pensus
392 2003 496 2044 aries,
511 2007 549 2035 ut
562 2003 572 2021 ‘
586 2003 700 2035 trabes
714 2004 870 2036 machina
883 2004 892 2019 ’
913 2005 953 2037 li-

248 2051 410 2085 braretur
425 2053 460 2084 in
473 2062 606 2085 murum
617 2051 755 2086 funibus
769 2054 954 2096 praelongis

249 2101 450 2136 reducendo
464 2112 504 2135 ac
524 2102 756 2144 impellendo:
780 2107 883 2146 atque
897 2105 954 2137 hic

249 2153 391 2195 pensilis
405 2153 507 2188 aries.
551 2153 670 2186 Cetras
693 2153 954 2197 Carthaginien-

249 2205 297 2236 sis
319 2204 464 2238 arietem
490 2204 706 2236 subrotatum
728 2203 825 2246 fecit,
839 2205 898 2248 qui
911 2206 955 2238 de

248 2255 338 2287 varis
354 2254 518 2296 pendeus,
533 2253 653 2286 itidem
676 2254 861 2287 libraretur
879 2260 952 2288 tec-

237 2309 287 2336 ,to
302 2305 403 2337 coriis
420 2303 546 2336 bibulis
563 2304 707 2345 ambitu,
721 2309 759 2337 ut
779 2305 879 2338 militi
895 2306 953 2348 qui

235 2354 361 2395 ipsum
377 2353 578 2395 impellebat
590 2359 785 2387 caveretur.
817 2356 952 2398 Equum

248 2413 344 2444 vero,
366 2404 424 2445 qui
442 2404 528 2436 aries
544 2404 685 2442 dicitur,
697 2404 794 2437 ἵππον
807 2404 953 2448 δούρειον,

182 2450 191 2455 χ
237 2453 269 2492 -ᾒ
284 2453 460 2495 δουράτεον,
471 2454 492 2492 ἦ
508 2454 620 2494 ξεστὸν
642 2455 795 2488 Homero
809 2456 953 2498 dictum,

248 2505 382 2541 invenit
396 2506 511 2546 Epeus
529 2506 571 2537 ad
586 2506 738 2548 Trojam,
754 2506 849 2548 cujus
865 2508 875 2525 ‘
886 2510 952 2539 tra*—

248 2556 328 2589 bem
337 2555 533 2591 machinam
542 2555 550 2569 '
565 2556 632 2597 ipsi
643 2557 780 2597 milites,
792 2557 847 2598 qui
859 2557 952 2590 intus

247 2611 359 2648 erant,
386 2607 540 2641 manibus
566 2607 639 2639 sine
663 2609 866 2642 libramento
889 2611 950 2642 im-

248 2658 432 2699 pellerent,
448 2662 487 2689 ut
508 2658 629 2700 scribit
651 2659 783 2691 Plinius
808 2659 868 2692 lib.
889 2670 952 2693 vn.

247 2719 324 2751 cap.
338 2713 393 2742 57.
415 2709 505 2741 Vide
515 2709 723 2751 Vitruvium,
734 2710 951 2753 Athenaeum,

249 2759 469 2800 Pausaniam,
497 2760 701 2803 Josephum,
738 2766 774 2794 et
805 2761 951 2796 Ammia-

1009 1310 1089 1333 num
1103 1302 1354 1336 Marcellinum.

1052 1355 1117 1384 629
1139 1353 1281 1386 Hoesisse
1291 1353 1398 1396 faces]
1419 1354 1431 1374 ‘
1447 1354 1612 1388 Haerere'
1635 1365 1711 1388 ver-

1010 1401 1089 1434 bum
1116 1403 1151 1435 in
1178 1404 1241 1436 hac
1267 1414 1305 1436 re
1327 1405 1514 1447 proprium,
1531 1396 1711 1451 ‘eumiel‘n

1010 1454 1165 1495 missilia,
1177 1455 1351 1497 praecipue
1362 1455 1527 1497 ignifera,
1536 1455 1608 1488 fixa
1620 1454 1713 1498 sunt,

1011 1510 1047 1536 et
1060 1514 1126 1546 quo
1148 1505 1345 1546 mittuntur,
1360 1505 1708 1547 comprehenderunt.

1010 1554 1126 1586 Livius
1156 1555 1216 1588 lib.
1247 1564 1368 1588 xxvn.
1402 1556 1572 1588 ‘Haesere
1597 1556 1710 1589 omnia
1733 1598 1743 1601 ..

1008 1606 1079 1637 tela
1105 1605 1196 1638 baud
1222 1605 1355 1639 difficili
1383 1615 1429 1640 ex
1453 1607 1647 1650 propinquo
1675 1607 1710 1639 in

1009 1659 1106 1687 tanta
1128 1665 1272 1696 corpora
1296 1657 1382 1696 ictu,
1396 1660 1432 1688 et
1458 1660 1528 1688 tam
1551 1656 1709 1689 conferta

1008 1705 1132 1738 turba:
1173 1707 1314 1738 Tacitus
1335 1706 1430 1740 Hist.
1453 1716 1503 1740 lv.
1526 1708 1636 1741 ‘Post
1650 1708 1709 1740 ubi

1009 1755 1174 1798 pleraque
1191 1756 1337 1788 telorum
1353 1756 1502 1790 turribus
1529 1758 1708 1801 pinnisque

1008 1807 1168 1839 moeninm
1183 1806 1282 1838 irrita
1294 1806 1497 1840 haerebant!

1049 1859 1114 1889 530
1159 1859 1252 1890 (ἴασαι
1291 1857 1464 1899 testudine]
1522 1857 1707 1892 Suffossuri

1007 1908 1132 1940 moenia
1146 1912 1205 1940 aut
1218 1913 1330 1940 turres
1350 1908 1445 1941 urhis
1457 1907 1593 1951 (Caesar
1606 1909 1617 1940 ⁴.
1628 1915 1709 1950 age-

1007 1967 1045 1989 re
1060 1958 1237 1989 cuniculos
1247 1957 1256 1972 '
1271 1958 1354 1990 dicit
1369 1967 1455 2000 quos
1475 1958 1610 1990 ‘Minas
1622 1958 1632 1973 ’
1648 1969 1707 1991 vo·

1008 2007 1152 2050 camus‚)
1166 2008 1352 2040 utebantur
1373 2008 1578 2041 testitudine
1594 2007 1708 2042 fronte

1009 2059 1190 2101 triquetra,
1207 2063 1247 2090 ut
1259 2059 1362 2091 missa
1383 2059 1418 2090 in
1437 2067 1513 2091 eam
1529 2059 1612 2100 tela,
1626 2059 1707 2093 dnm

1007 2109 1042 2141 in
1058 2110 1180 2150 angulo
1194 2106 1383 2142 consistere
1395 2118 1463 2141 non
1475 2114 1629 2152 possunt,
1643 2120 1708 2152 per

1007 2160 1117 2192 latera
1131 2159 1345 2201 laberentur,
1358 2165 1394 2192 et
1405 2161 1643 2203 rejicerentur.
1663 2160 1715 2192 Iu

1009 2221 1051 2243 ea
1071 2210 1228 2243 machina
1249 2212 1438 2253 comparati
1462 2215 1562 2245 erant
1586 2210 1629 2243 ad
1654 2210 1706 2243 fo-

1006 2260 1169 2292 diendum
1188 2260 1354 2293 homines.
1399 2261 1557 2303 Hujusee
1579 2259 1706 2294 machi-

1006 2319 1060 2344 nae
1084 2311 1351 2353 descriptionem
1374 2311 1457 2344 vide
1478 2311 1570 2353 apuu
1586 2311 1705 2344 Vitru-

1005 2362 1097 2393 vium
1110 2362 1173 2393 lib.
1197 2371 1233 2393 x.
1257 2364 1414 2403 can-20.
1457 2361 1606 2394 Videset
1620 2361 1704 2394 Arn-

1005 2412 1153 2445 mianum
1175 2412 1415 2444 Marcellinum
1437 2411 1496 2444 lib.
1517 2420 1626 2444 xxm.
1647 2412 1706 2454 qni

1005 2461 1111 2496 tradit
1123 2462 1270 2497 arietiun
1285 2461 1566 2494 machinamentis
1580 2461 1707 2494 erebri-

1005 2516 1075 2544 tate
1085 2512 1159 2553 jam
1175 2511 1365 2553 despectis,
1388 2512 1560 2544 conditam
1580 2512 1705 2544 maelii-

1004 2572 1082 2594 nam
1096 2562 1322 2603 scriptoribus
1337 2567 1371 2594 et
1389 2562 1560 2605 bistorie’m
1574 2566 1706 2603 notati,

1005 2622 1104 2654 quain
1131 2611 1326 2653 Hclepolim
1347 2612 1465 2645 Greci
1486 2612 1704 2653 cognomina-

1004 2662 1106 2704 bant:
1129 2662 1228 2704 cujus
1252 2672 1360 2704 opera
1384 2662 1582 2695 Demetrius
1605 2661 1704 2695 Auti-

1004 2713 1083 2754 goni
1096 2712 1185 2745 filius
1203 2712 1321 2745 Rhodo
1337 2713 1480 2754 aliisque
1493 2711 1632 2744 urbibus
1646 2721 1704 2743 ex-

1005 2762 1166 2806 pugnatis
1196 2762 1207 2782 ⁶
1220 2761 1451 2805 Poliorcetes?
1473 2765 1528 2796 est
1549 2762 1702 2805 appella-
