1846 3120
272 220 385 262 1444
761 228 806 260 P.
839 226 1029 260 nemu
1061 227 1226 260 s'rA'ru

272 325 458 369 Innixus
480 322 649 367 tumido
670 334 826 365 vocem
840 322 900 365 'de
919 325 1098 378 pectore
1120 324 1306 378 rumpit:

272 394 302 436 J
306 406 431 435 amne
451 395 581 434 vacat
600 389 775 441 saevire,
798 390 969 433 Creon'i
1003 391 1138 434 modo
1159 391 1326 446 perfida
1343 404 1478 446 regna

274 461 570 513 Fortunaeque
586 458 736 500 locum
756 462 933 509 nostrae,
949 459 1210 511 miserande,
1231 459 1407 511 subisti,

198 542 204 548 ·
272 527 332 569 Et
351 526 432 567 tibi
447 526 541 580 jam
561 526 629 567 fas
650 529 718 567 est
735 538 882 580 regum
903 526 1077 568 calcare
1092 526 1277 568 ruinas?

271 593 302 635 J
305 606 376 634 am
397 592 576 634 tumulis
599 591 757 643 victos,
779 592 932 634 socios
947 591 1042 646 jam
1065 593 1287 635 moenibus
1310 594 1467 636 arces?
1637 593 1724 638 680

273 659 439 710 Macte,
458 664 586 714 potes
605 659 733 713 digne
755 659 1005 701 Thebarum
1024 664 1199 716 sceptra
1218 660 1346 703 tueri.

274 726 392 768 Haec
413 730 491 768 tua
510 726 650 781 prima
670 725 792 768 dies:
822 725 903 767 sed
925 738 1002 767 cur
1020 739 1140 768 nova
1159 726 1382 770 contrahis
1398 740 1554 771 amens

272 794 302 836 J
305 793 415 835 ura?
446 793 551 848 quid
569 797 754 846 anguste
774 796 925 835 tantos
945 794 1111 835 metiris
1129 794 1319 836 honores
1334 795 1354 836 't

274 860 467 908 Exilium
488 859 708 901 intendis?
739 859 893 902 timida
911 860 1191 904 inclementia
1209 875 1359 916 regum

273 926 396 969 Ista:
426 926 546 969 feros
568 926 729 969 avidus
745 928 848 981 quin
867 928 1065 982 protinus
1083 929 1246 971 imbuis
1267 941 1396 972 enses
1408 929 1428 970 'i
1636 929 1725 974 68⁵

273 993 442 1037 Crede:
471 994 579 1035 licet
593 994 741 1036 veniat
759 994 946 1048 cupidus
967 1008 1123 1050 parere
1144 996 1338 1047 satelles,

273 1060 610 1115 Intrepidusque
631 1064 750 1103 secet
763 1074 848 1103 non
869 1063 1083 1105 evitantia
1103 1063 1234 1106 colla.

272 1127 450 1182 Incipe:
485 1140 542 1169 an
562 1132 776 1181 expectas
794 1133 845 1170 ut
863 1142 1029 1183 pronus
1050 1130 1253 1185 supplice
1273 1129 1426 1172 dextra

274 1195 485 1238 Sternat?
515 1200 560 1236 et
578 1195 756 1236 immitis
777 1196 944 1238 domini
963 1198 1150 1251 vestigia
1169 1197 1393 1252 quaeram?

274 1262 411 1315 Finge
429 1263 575 1303 autem
595 1266 782 1312 tentare,
806 1262 954 1304 sines?
986 1263 1144 1305 mihine
1161 1264 1253 1306 ulla
1271 1263 1453 1305 minaris
1494 1279 1496 1282 ·
1632 1263 1725 1307 690

272 1328 535 1384 Supplicia?
566 1331 638 1370 aut
657 1328 775 1370 ullos
795 1329 901 1370 reris
923 1342 1158 1384 superesse
1178 1331 1391 1374 timores?

267 1474 411 1512 pectore.-
424 1472 550 1509 Jamne,
562 1483 579 1504 ο
595 1473 709 1513 Creon,
719 1476 750 1505 te
760 1473 846 1504 decet
857 1472 985 1505 soevire?
1001 1473 1097 1506 Modo
1109 1473 1201 1506 miser
1212 1474 1341 1515 adeptus
1350 1483 1383 1506 es
1388 1473 1541 1516 perfidum
1549 1471 1726 1515 imperium,

271 1517 303 1545 et
317 1516 419 1547 sedem
433 1516 604 1555 dignitatis
616 1518 742 1553 nostrae,
757 1519 789 1548 et
804 1515 862 1547 tibi
870 1516 941 1555 Jam
955 1515 1028 1548 licet
1040 1516 1343 1557 protererejaeentes
1356 1526 1444 1557 reges
1453 1516 1470 1549 ΖΙ
1493 1517 1570 1548 Jam
1580 1514 1726 1557 prohibes

269 1555 369 1589 victos
382 1569 402 1589 a
423 1558 585 1599 sepulcris,
600 1562 631 1589 et
646 1558 728 1590 cives
750 1557 880 1599 patria?
912 1558 1032 1597 Macte,
1045 1562 1133 1599 potes
1147 1559 1242 1599 digne
1256 1563 1359 1591 tenere
1369 1562 1523 1599 sceptrum
1536 1557 1724 1591 Thebanum.

271 1598 355 1631 Hoec
368 1603 415 1631 est
430 1604 485 1632 tua
498 1602 566 1632 dies
579 1600 693 1641 prima.
731 1600 794 1631 Sed
807 1610 862 1631 cur
876 1600 999 1632 demens
1012 1601 1178 1640 restringis
1189 1604 1342 1633 recentem
1352 1600 1547 1643 potentiam?
1569 1600 1655 1636 Quid
1668 1608 1726 1632 nn-

267 1645 395 1681 gustam
408 1644 513 1674 reddis
528 1645 649 1674 tantam
661 1642 868 1682 dignitatem?
892 1643 1033 1675 Minaris
1044 1643 1194 1675 exilium?
1216 1644 1297 1675 Haec
1310 1643 1435 1676 soevitia
1453 1643 1563 1684 arguit
1577 1650 1727 1683 pavorem

267 1684 492 1758 ’ὲὶἰέἱέΡῖεῗῐω
517 1684 1479 1760 ‘3322uetitis?wdmczzzfiz‘f'zaxtiffiiiff‘mss
1418 1682 1727 1769 ’maiixi'

269 1769 370 1800 vicem
377 1749 444 1801 ’non
458 1737 673 1801 dec'finantem.
716 1737 899 1809 Aggredere
908 1780 920 1800 .·
941 1779 982 1801 an
996 1751 1140 1811 expectas
1153 1751 1190 1802 ut’
1202 1775 1347 1802 curt-aem
1365 1771 1496 1812 supplex
1516 1767 1726 1811 procumbam,

270 1814 302 1842 et
316 1821 453 1852 qnoeram
465 1812 617 1853 porrectis
628 1811 769 1844 manibus
780 1812 874 1852 pedes
888 1812 966 1843 saevi
980 1812 1123 1844 domini?
1150 1813 1241 1845 Pone
1254 1813 1362 1852 velim,
1373 1813 1560 1854 permittas?
1599 1809 1726 1842 Mihin

271 1854 407 1886 intentas
422 1855 542 1896 aliquas
553 1857 679 1895 poenas?
699 1857 755 1885 aut
769 1854 936 1886 arbitraris
950 1855 1030 1886 ulios
1044 1858 1142 1887 metus
1155 1855 1234 1887 mihi
1246 1857 1389 1889 restare?
1429 1854 1573 1896 Impera·
1585 1853 1726 1885 deserere

876 1957 915 1971 ‘⁴²

1099 1958 1118 1970 O

271 2023 402 2056 Buslid.
426 2023 580 2064 Lipsian.
607 2022 710 2055 Aldu.
727 2023 837 2056 Colin.
854 2022 988 2065 Gryph.
1006 2025 1110 2057 Basil.
1126 2025 1243 2057 Plant.
1259 2024 1489 2066 Lindenbrog.
1501 2028 1538 2057 et
1559 2016 1663 2057 crue.
1684 2025 1725 2058 de

269 2069 394 2107 pectore
406 2066 492 2107 rupit
504 2076 517 2103 ,·
541 2065 623 2097 Put.
639 2070 674 2097 et
689 2065 767 2098 edd.
785 2071 930 2098 recentt.
951 2067 990 2098 de
1001 2071 1126 2108 pectore
1147 2068 1384 2108 rumpia—6⁷7
1404 2068 1519 2100 Jamne
1535 2070 1643 2099 ment
1657 2067 1726 2099 Bc-

271 2109 345 2141 hot.
362 2112 395 2140 1.
410 2112 585 2150 expuncta
600 2108 702 2139 litera
716 2119 747 2147 a,
761 2108 916 2140 relictum
932 2113 1034 2150 vovet,
1048 2119 1125 2141 cum
1142 2110 1193 2141 his
1210 2111 1311 2151 gloss.
1354 2111 1364 2128 ‘
1381 2109 1423 2141 Id
1448 2114 1516 2150 est,
1539 2109 1725 2143 desiderat.
1790 2112 1793 2115 “

271 2151 367 2183 Alias
379 2155 431 2182 est
442 2154 533 2182 vacat
545 2159 556 2180 .-
577 2150 600 2182 i.
617 2160 648 2183 e.
661 2155 796 2191 tempus
813 2155 913 2190 estne
920 2151 992 2192 jam
1008 2152 1173 2183 saeviendi
1186 2152 1319 2184 ?'—6⁷9
1341 2153 1431 2184 Dan.
1446 2152 1726 2192 regum-inculcas

271 2195 503 2225 ruinose-680
524 2193 601 2225 Jam
614 2193 875 2232 tumulisy'unctos
888 2194 999 2233 socios,
1013 2195 1068 2234 &js-c.
1085 2194 1191 2226 Aldd.
1207 2195 1316 2227 Colin.
1329 2194 1461 2237 Gryph.
1478 2199 1516 2227 et
1529 2194 1636 2226 Busil.
1650 2203 1725 2225 eor-

272 2237 363 2268 rexit
378 2236 581 2268 Bernartius
595 2244 640 2266 ex
655 2235 756 2268 codd.
771 2236 1130 2277 manuscriptis—682
1146 2237 1227 2268 Hoec
1238 2237 1298 2268 tibi
1306 2237 1410 2278 prima
1418 2236 1485 2269 dies
1499 2244 1585 2268 unus
1600 2236 1724 2268 Behot.

270 2282 376 2311 -685
401 2278 481 2311 Put.
504 2277 616 2310 imbuit
639 2280 846 2310 ensem—686
867 2278 877 2295 ‘
893 2278 1083 2311 Distinctio
1106 2279 1228 2311 vitiata
1253 2279 1415 2312 nonnihil.
1455 2278 1601 2311 Scribe:
1626 2278 1726 2310 crode

929 2375 963 2408 N
966 2374 1075 2408 01·AE

313 2451 376 2480 677
390 2448 518 2494 Peffidss
531 2448 643 2489 regna]
656 2448 712 2481 Ob
729 2448 879 2480 Eteoclis
896 2457 972 2489 per·
1026 2452 1204 2489 expertus,
1215 2447 1296 2489 quid
1309 2451 1454 2488 tyranno
1468 2446 1583 2479 liceat.

270 2499 400 2532 fidiam.
1069 2500 1132 2530 683
1155 2498 1299 2537 Anguste
1325 2497 1446 2529 metiris
1477 2496 1622 2538 honores]
1644 2496 1725 2529 Exi-

314 2552 379 2581 682
401 2549 482 2581 Haec
504 2553 559 2581 tua
584 2549 689 2590 prima
712 2548 795 2589 dies]
817 2547 894 2580 Hoc
922 2547 973 2579 tui
1026 2548 1105 2580 lium
1115 2548 1261 2589 imperas
1273 2547 1432 2589 ei,quem
1444 2551 1543 2588 potes
1553 2547 1726 2579 occidere.

275 2599 448 2640 specimen
466 2600 576 2641 prima
595 2599 650 2631 die
662 2598 797 2640 imperii
813 2598 874 2630 tui.
905 2599 971 2630 No·
1028 2599 1097 2631 Cur
1115 2608 1181 2630 non
1203 2598 1324 2630 saevius
1351 2597 1476 2640 aliquid
1499 2597 1628 2638 jubes?
1649 2597 1725 2629 Ista

271 2660 310 2682 va
324 2650 498 2691 contrahis]
521 2651 590 2683 Cur
614 2659 719 2691 parce
745 2658 889 2691 usurpas
915 2654 973 2681 tua
1026 2649 1106 2680 mihi
1123 2657 1227 2690 parva
1240 2653 1332 2688 sunt,
1345 2649 1402 2689 qui
1418 2650 1542 2688 sponte.
1558 2646 1591 2678 iu
1607 2655 1661 2678 me
1674 2646 1728 2687 ip-

267 2701 365 2742 jura,
387 2710 449 2733 cur
471 2710 513 2732 ea
538 2700 722 2739 contrahis,
749 2710 825 2742 quae
854 2703 973 2731 exten·
1026 2708 1100 2730 sum
1113 2697 1241 2740 aliquid
1254 2696 1428 2730 crudelius
1451 2696 1600 2729 exercui.

274 2750 356 2783 dere
378 2750 547 2783 debebas?
583 2750 675 2781 rudis
700 2749 809 2782 adhuc
837 2759 885 2786 es,
908 2758 972 2781 nec
