1846 3120
419 203 460 234 P.
493 200 689 235 rammi
722 203 889 236 s'rA'rn
924 205 1071 237 srnv.
1102 205 1199 237 Lis.
1230 207 1264 239 1.
1284 196 1327 238 3.

138 291 235 331 barti
261 291 380 331 lucus?
425 296 514 331 nec
551 299 608 341 qui
639 299 744 342 norit,
778 309 846 333 non

136 352 275 390 queret
295 343 360 382 cur
382 348 551 382 tumidam
569 350 698 383 rabiem
713 357 750 384 et
765 361 845 394 spu·

135 407 232 431 mosa
246 406 422 433 murmura
432 399 482 432 illi
497 400 628 433 Noster
637 401 789 434 tribnat:
808 406 846 434 at

134 447 200 480 cu'r
213 445 340 483 &neus
350 453 366 483 P
374 440 468 483 ‘sudi
481 450 684 484 Suetonium
699 452 845 485 Claudio

136 494 216 541 οι).
245 502 301 532 22.
330 499 531 544 ‘Simulque
549 502 668 534 ‘rivum
699 503 845 536 Anienis

135 556 226 584 novo
233 551 372 594 lapideo
379 562 485 595 opere
493 549 529 586 iu
542 554 660 587 urbem
670 555 846 598 perduxit,

133 598 324 645 divisitque
339 603 373 635 in
386 603 552 645 plurimos
563 609 599 637 et
611 606 845 639 ornatissimos

135 648 258 685 iseum·
304 648 375 687 Adi
390 655 543 688 Plinium
560 657 620 689 lib.
643 666 702 691 nr.
715 667 793 699 cap.
809 661 842 690 8.

134 706 173 735 et
185 705 241 737 74.
256 709 295 737 et
305 700 481 739 Vadinum
498 707 718 740 Scholiasten
739 708 844 740 Pom-

135 749 241 798 ponii.
264 757 420 803 Remi-t.

176 808 220 839 88
244 806 409 841 Habentes
432 809 574 842 carmina
604 811 742 851 somnos]
776 811 842 844 Est

133 858 342 897 permutatio
358 858 545 891 vicinarum
562 869 695 893 vocum.
710 861 841 894 Dicere

133 900 224 939 enim
239 905 413 941 debebat:
441 909 582 941 amantia
604 910 745 942 carmina
758 920 839 944 som—

131 966 198 990 nos.
253 957 386 990 Inscite
404 957 485 992 Joh.
502 958 710 992 Gebhardus
725 961 840 994 haben-

132 1010 183 1041 eor
195 1008 331 1049 maluit,
349 1009 558 1042 desiderium
574 1019 670 1042 suum
686 1010 772 1043 illud
789 1012 839 1045 rei

130 1058 287 1100 demens,
315 1069 383 1103 quo
419 1056 641 1092 delectantur
673 1060 839 1102 imprimis

131 1109 319 1142 carminum
344 1109 555 1143 conditores.
602 1110 764 1152 Figuram
788 1112 838 1144 lo·

132 1159 259 1202 quendi
285 1160 401 1193 multis
424 1160 532 1193 modis
558 1161 769 1194 illustramus
793 1162 837 1194 ad

131 1209 360 1243 Claudianum
374 1216 540 1244 nostrum.
563 1211 682 1244 Barth.

173 1262 218 1294 24
238 1260 349 1293 Lam
359 1264 522 1302 utramque
533 1261 629 1302 domi,
642 1260 711 1303 εμπ]
742 1262 836 1294 Nihil

129 1310 226 1344 hisce
241 1311 396 1344 versibus
408 1311 616 1354 ingeniosius
627 1311 695 1343 dici
708 1317 835 1354 potest,

131 1366 170 1395 et
184 1363 285 1397 valde
299 1363 404 1396 miror
418 1362 602 1396 maximum
616 1363 767 1405 Lipsium
779 1365 836 1398 hie

129 1413 280 1455 hesisse,
302 1413 361 1455 qui
386 1414 501 1446 Elect.
524 1413 584 1446 lib.
611 1422 653 1446 n.
679 1423 758 1456 cap.
782 1417 836 1449 14.

128 1460 181 1497 ita
195 1463 356 1506 corrigit:
383 1464 494 1497 Litus
512 1465 680 1507 utrimque,
704 1467 835 1499 domus.-

127 1523 184 1547 m
211 1524 246 1548 ss
273 1515 460 1548 mitissimus
486 1515 588 1548 amnis
614 1515 758 1557 Dividit,
779 1518 835 1558 ξε.

127 1564 198 1597 Sed
226 1565 364 1608 ingrata
392 1575 520 1608 opera:
559 1569 597 1598 et
629 1566 835 1600 Bernartius

126 1616 219 1649 male
233 1617 346 1659 ipsum
372 1622 538 1660 sequutus
563 1621 630 1650 est.
672 1618 763 1650 Nam
784 1619 833 1651 lo-

127 1660 189 1702 eus
211 1672 310 1701 recte
333 1668 449 1702 habet.
492 1667 556 1700 Ait
579 1668 671 1700 enim
698 1669 832 1702 Statius

127 1723 309 1767 utrumqne
339 1719 485 1752 Anienis
514 1719 611 1752 littus
641 1719 694 1751 sui
723 1720 832 1762 ripam

126 1769 245 1813 ‘domi
269 1769 372 1811 esse,'
402 1769 437 1802 id
467 1773 522 1802 est
545 1768 771 1802 domesticam
795 1765 834 1803 et

126 1828 196 1853 non
225 1824 421 1862 externam,
448 1820 580 1852 namin
606 1824 755 1862 utroque
776 1820 832 1853 lit-

125 1877 203 1905 tore
218 1871 449 1919 domus'erat,
470 1882 547 1915 quae
563 1871 697 1905 fornice
705 1873 832 1915 junge-

125 1923 238 1955 batur.
281 1923 405 1966 Itaque
420 1927 458 1956 et
471 1923 536 1956 hoc
560 1927 597 1956 et
618 1923 704 1956 illud
731 1924 831 1957 littus

124 1972 219 2006 domi
243 1978 319 2006 erat
346 1982 415 2006 non
437 1972 534 2015 foris,
563 1978 599 2006 et
621 1973 699 2006 ideo
726 1984 832 2016 supra

125 2022 215 2055 dixit
230 2023 241 2042 ⁴
255 2023 413 2056 Geminas
428 2024 635 2057 commercia
646 2024 756 2066 ripae,’
772 2030 829 2059 et:

121 2073 284 2106 'Inserto
310 2074 463 2114 geminos
496 2073 632 2106 Aniene
666 2076 832 2116 penates:

123 2124 171 2157 Bt
192 2124 293 2166 paulo
318 2129 396 2166 post
417 2125 467 2157 ait
488 2124 569 2157 bina
588 2124 646 2156 illa
669 2126 831 2166 praetoria

123 2183 191 2206 nou
207 2183 284 2207 esse
311 2175 322 2193 ‘
334 2173 402 2207 sibi
423 2174 592 2216 externa,’
617 2175 678 2207 sed
694 2175 830 2208 domes-

123 2225 194 2259 tica
221 2230 259 2258 et
281 2225 404 2259 vicina.
448 2225 551 2260 Quod
582 2234 665 2258 vero
693 2235 758 2268 pro
786 2236 829 2260 eo

122 2274 217 2318 quod
230 2275 362 2309 Statius
383 2275 547 2308 dixerat:
569 2285 626 2308 nec
647 2279 680 2308 te
699 2277 829 2309 mitissi-

121 2327 306 2359 mannis
320 2326 449 2359 Decidit
459 2338 471 2359 .-
499 2326 650 2369 corrigat
666 2327 803 2369 Lipsius
817 2339 826 2361 ε

121 2387 177 2410 nec
209 2388 244 2411 ss
279 2378 465 2411 utilissimus
497 2379 613 2418 amnis,
645 2380 698 2420 ξι.
742 2379 827 2411 illud

122 2427 224 2469 plane
238 2433 362 2461 eontra
376 2434 528 2467 mentem
543 2428 664 2462 Poeta}
679 2434 746 2467 est,
769 2431 828 2473 qui

120 2478 185 2510 hoe
203 2479 276 2511 vult
287 2489 298 2511 τ
324 2477 401 2511 Nee
419 2483 465 2520 te,
481 2489 503 2512 o
517 2480 680 2521 Vopisce,
695 2480 776 2513 dum
791 2481 827 2513 in

121 2537 189 2561 nna
203 2528 280 2571 ripa
294 2529 452 2571 versaris,
474 2529 619 2572 impedit
642 2531 750 2563 amnis
775 2531 827 2564 in·

121 2579 324 2618 termedius,
337 2589 409 2622 quo
423 2580 533 2612 minus
549 2580 585 2612 in
599 2580 745 2613 alteram
761 2582 826 2614 eti·

119 2635 174 2663 'am
195 2631 302 2673 ripam
319 2628 463 2664 transire
483 2632 606 2674 possis,
625 2642 705 2665 nam
720 2637 825 2666 utrae-

118 2689 186 2723 que
216 2681 345 2714 littoris
373 2681 493 2714 domus
523 2681 655 2716 fornice
682 2683 823 2726 conjun-

118 2726 259 2772 guntur,
281 2727 324 2764 et
341 2731 403 2773 ita,
425 2732 521 2764 velut
543 2741 621 2764 nnae
645 2732 765 2766 domus
784 2733 823 2766 fi-

119 2784 194 2814 unt.
236 2780 373 2824 Lipsius
400 2788 482 2815 vero
507 2791 603 2816 suam
640 2784 822 2820 lectionem

1492 199 1607 243 1647

899 301 949 334 ita
964 301 1215 344 interpretatur
1224 313 1235 335 ε
1249 302 1260 321 ⁸
1270 302 1391 336 Amnis
1404 301 1480 345 ipse
1492 313 1527 336 se
1539 314 1607 338 non

898 351 1034 394 dividit,
1047 352 1106 384 sed
1123 354 1233 395 ripam
1249 353 1422 395 duplicem
1436 361 1607 388 exornant

897 404 1060 444 praetoria
1085 403 1164 436 bina
1176 404 1198 437 ι’
1228 405 1319 447 quod
1347 405 1448 446 plane
1462 409 1517 438 est
1531 405 1606 438 ἂνω-

896 450 1055 494 amusan,
1072 459 1110 486 ut
1126 455 1236 487 cnivis
1251 459 1360 497 patet.
1404 456 1530 489 Totum
1545 467 1605 489 au·

898 508 968 536 tem
999 506 1114 537 locum
1137 506 1258 538 iisdem
1287 517 1377 548 pene
1403 508 1518 541 verbis
1544 518 1604 541 ex·

896 556 1026 598 pressit
1040 556 1209 589 Ausonius
1225 558 1258 589 in
1273 558 1419 591 Mosella
1432 571 1442 593 ι
1474 560 1484 578 ‘
1499 560 1602 593 Viuae

895 607 992 640 Quas
1006 606 1136 639 medius
1151 607 1284 641 dirimit
1299 608 1443 641 sinuosis
1455 609 1603 642 flexibus

895 666 1012 689 errans
1041 657 1171 699 Amnis,
1207 662 1244 691 et
1281 659 1430 691 alternas
1461 664 1604 693 comunt

895 708 1067 740 Praetoria
1094 708 1210 750 ripas.’
1240 708 1410 741 ‘Alterna
1438 709 1537 752 ripa,'
1565 710 1601 742 id

894 763 948 790 est
964 763 1120 801 utraque.
1166 759 1223 791 Sic
1247 758 1347 800 infra,
1374 760 1489 794 ‘Quid
1514 760 1602 794 refe·

893 818 966 840 ram
990 809 1141 840 alternas
1177 809 1313 851 gemino
1338 818 1444 852 super
1473 820 1602 853 aggere

893 868 1028 891 mensas
1044 859 1068 891 ?'
1092 860 1224 892 Gevurt.

934 911 977 941 27
1000 909 1156 942 Sestiacos
1185 920 1265 942 nunc
1283 911 1390 950 sama,
1418 911 1490 953 mn]
1524 912 1600 944 Hos

892 969 1010 992 versus
1025 970 1162 1004 quoque
1185 962 1358 1003 expressit
1373 961 1547 995 Ausonius
1562 963 1598 995 in

891 1010 1061 1043 Mosella:
1085 1011 1096 1029 ‘
1111 1010 1196 1044 Quis
1212 1011 1313 1043 modo
1328 1013 1521 1045 Sestiacum
1538 1023 1598 1055 pe·

890 1060 1000 1102 lngus,
1033 1060 1268 1102 Nepheleidos
1302 1062 1423 1095 Helles
1455 1063 1597 1106 AEquor,

889 1110 1052 1153 Abydeni
1066 1111 1157 1144 freta
1172 1112 1249 1154 quis
1273 1113 1417 1145 miretur
1432 1113 1555 1155 ephebi
1566 1114 1597 1145 ?'

889 1162 1020 1194 Statius
1045 1163 1118 1195 sine
1134 1162 1239 1194 dubio
1255 1163 1411 1204 respexit
1425 1163 1469 1195 ad
1487 1164 1595 1196 Lean-

889 1212 940 1244 dri
956 1211 1122 1255 fabnlam,
1139 1218 1176 1245 et
1189 1212 1232 1244 ad
1249 1222 1394 1254 puerum
1410 1213 1519 1257 illum,
1537 1215 1596 1257 qui

886 1263 1037 1305 Augusti
1058 1268 1214 1305 tempore
1230 1262 1382 1305 delphini
1400 1268 1498 1306 tergo
1513 1265 1596 1297 insi-

886 1313 972 1346 dens
987 1324 1032 1346 ex
1049 1314 1180 1346 Baiano
1207 1313 1283 1345 sinu
1309 1314 1475 1347 Puteolos
1501 1325 1594 1348 com·

886 1365 1068 1408 migrabat.
1105 1364 1266 1406 Largiter
1281 1359 1376 1397 err'at
1392 1365 1594 1399 Bernartius

886 1415 967 1448 dum
994 1416 1082 1448 hanc
1121 1415 1311 1448 Historiam
1348 1415 1472 1449 refert.
1533 1418 1595 1451 Ait

886 1476 1035 1509 namque
1051 1476 1159 1508 puero
1174 1466 1223 1499 illi
1239 1465 1348 1498 fuisse
1363 1476 1487 1499 nomen
1515 1472 1524 1486 ⁸
1540 1468 1594 1500 Si-

884 1517 957 1550 mo’
992 1517 1084 1560 quod
1110 1517 1214 1559 plane
1242 1515 1389 1557 falsum
1417 1527 1496 1550 nam
1526 1519 1594 1561 ipsi

885 1568 1048 1610 delphino
1063 1568 1127 1600 hoc
1143 1576 1264 1599 nomen
1281 1572 1368 1600 erat.
1391 1568 1486 1600 Puer
1501 1569 1592 1602 enim

884 1629 961 1651 eum
990 1619 1189 1660 delphinum
1218 1622 1392 1650 vectorem
1418 1628 1517 1651 suum
1547 1620 1592 1652 ad

882 1669 981 1701 littus
993 1669 1195 1706 advocaret,
1218 1669 1346 1710 soepius
1358 1667 1567 1702 inclamabat
1581 1681 1591 1703 ς

880 1720 1009 1760 ‘Simo,
1034 1720 1129 1752 Simo
1141 1719 1161 1759 ς’
1189 1725 1226 1752 et
1246 1719 1328 1750 ilico
1347 1719 1508 1760 prodibat
1518 1720 1592 1752 del-

881 1771 979 1813 phin,
994 1771 1053 1814 qui
1075 1771 1285 1803 adscensuro
1301 1770 1439 1802 dorsum
1457 1781 1590 1813 preme-

882 1822 956 1862 bat,
970 1827 1061 1855 teste
1077 1822 1203 1863 Plinio,
1218 1820 1279 1853 lib.
1295 1830 1349 1855 tx.
1361 1831 1437 1864 cap.
1454 1825 1486 1856 8.
1504 1824 1590 1856 Del-

880 1874 963 1916 phin
990 1884 1084 1915 vero,
1111 1870 1248 1905 ‘Simo'
1276 1872 1390 1904 dictus
1416 1879 1482 1914 est,
1509 1873 1590 1915 quia

879 1925 1048 1957 ‘Simum’
1074 1929 1222 1957 rostrum
1238 1923 1357 1965 habet,
1370 1924 1590 1966 quemadmo-

880 1974 961 2007 dum
987 1974 1051 2016 ini,
1075 1974 1134 2017 qui
1159 1984 1262 2007 nares
1291 1984 1427 2016 pressas
1450 1975 1592 2017 habent,

879 2027 889 2045 ‘
900 2026 1000 2058 Simi’
1015 2026 1178 2058 dicuntur
1194 2030 1231 2058 et
1244 2026 1254 2043 ‘
1271 2025 1450 2058 Simones.'
1472 2026 1589 2068 Vulgo

883 2078 1033 2109 Cumaeos
1046 2078 1159 2109 solent
1174 2077 1364 2118 appellata.
1389 2077 1533 2121 Gevart„

924 2129 964 2158 81
989 2126 1044 2159 Sic
1074 2126 1225 2158 Chalcida
1242 2126 1378 2168 fluctus,
1405 2127 1477 2169 ξω]
1500 2126 1589 2160 Toto

880 2177 969 2209 coelo
983 2177 1038 2208 hic
1055 2176 1184 2209 erravit
1205 2176 1423 2218 Bernartius,
1446 2177 1503 2219 qui
1523 2187 1589 2219 per

879 2227 940 2259 ina
955 2227 1079 2259 verba:
1105 2227 1152 2258 sic
1176 2226 1328 2259 Chalcida
1331 2227 1455 2268 fluctus
1469 2228 1589 2269 Expel-

878 2277 1071 2319 lantfluvii,
1097 2277 1274 2309 existimat
1299 2277 1500 2310 distantiam
1516 2279 1587 2311 Eu-

879 2337 974 2370 ropae
994 2332 1097 2370 atque
1112 2326 1207 2359 Asiae
1222 2327 1492 2368 intelligendam,
1508 2338 1586 2361 cnm

879 2378 992 2411 Poeta
1018 2377 1219 2410 distantiam
1246 2377 1388 2409 Euboeae
1412 2387 1432 2409 a
1447 2378 1586 2411 Boeotia

877 2428 1050 2470 designet.
1080 2426 1242 2460 Geminas
1259 2426 1373 2468 urbes,
1388 2427 1586 2471 Chalciden,

878 2482 915 2509 et
949 2477 1208 2510 Chalcedonern
1251 2478 1371 2519 inepte
1410 2477 1583 2512 confudit.

877 2528 1123 2566 ‘Chalcedon,'
1150 2530 1193 2561 ad
1221 2539 1322 2572 quam
1345 2530 1404 2563 ille
1418 2530 1510 2564 hunc
1533 2533 1583 2565 lo-

876 2590 955 2614 cum
969 2580 1057 2614 falso
1074 2581 1295 2614 referendum
1312 2583 1461 2624 putavit,
1487 2585 1587 2627 oppi-

876 2633 959 2665 dum
973 2637 1028 2666 est
1043 2634 1077 2665 in
1094 2633 1252 2666 faucibus
1269 2633 1409 2666 Thracii
1426 2634 1583 2676 Bospho-

874 2683 918 2724 ri,
933 2683 992 2725 qui
1008 2684 1181 2726 Europam
1197 2683 1241 2716 ab
1256 2683 1341 2716 Asia
1353 2683 1584 2726 disterminat,

875 2743 919 2765 ex
935 2733 1080 2766 adverso
1095 2734 1259 2777 Byzantii
1282 2735 1442 2777 positum.
1488 2736 1582 2768 Hinc

874 2784 1054 2819 Claudian.
1066 2794 1119 2819 ιν.
1138 2786 1277 2820 Consul.
1290 2785 1460 2820 Honorii:
1474 2788 1483 2804 ‘
1496 2787 1583 2818 Bos-
