1846 3120
297 239 410 283 1436
790 247 830 279 Ρ.
864 247 1053 279 PAmNu
1085 247 1249 280 s'rA'rn

297 346 404 387 Huc
424 345 585 398 aliquis
605 354 787 396 propere
806 345 1028 396 sceptrum
1050 346 1182 396 atque
1203 342 1372 396 insigne
1392 350 1632 397 comarum,

298 411 419 452 Dum
439 411 571 453 videt.
633 409 750 450 Haec
771 409 919 450 dicens
935 422 1109 462 gressus
1131 409 1340 460 admovit,
1359 414 1403 452 et
1421 424 1556 462 arma,
1640 411 1741 454 *660

299 477 392 518 Ceu
412 477 590 529 templis
611 476 748 516 decus
769 480 813 517 et
833 477 989 528 patriae
1008 476 1173 518 laturus
1192 477 1359 527 ovanti,

297 543 436 584 Arma
456 543 589 584 etiam
609 543 798 596 spoliare
817 543 968 595 cupit:
999 543 1197 584 nondum
1217 543 1291 584 ille
1307 544 1505 597 peractis

298 608 525 659 Manibus,
546 609 728 650 ultrices
750 609 937 650 animam
957 610 1160 651 servabat
1178 610 1223 650 in
1242 611 1344 651 iras.

298 675 448 729 thue
467 678 805 729 superstantem,
826 688 1100 728 pronumque
1120 676 1164 716 in
1185 680 1364 728 pectore
1383 676 1540 728 sensit,

298 742 439 795 Erigit
456 742 626 784 occulte
645 742 819 792 ferrum,
840 742 1036 794 vitaeque
1055 743 1246 783 labantis

298 808 532 862 Reliquias
552 811 704 849 tenues
719 807 822 849 odio
841 805 1077 861 supplevit,
1099 811 1142 849 et
1159 821 1309 850 ensem

236 888 238 891 ’
295 874 325 915 J
329 887 400 916 am
418 875 548 916 laetus
568 873 712 915 fratris
731 886 817 915 non
835 874 972 915 frater
988 874 1120 915 corde
1139 874 1329 928 reliquit.

1655 744 1742 796 565

293 992 406 1032 oculos,
421 996 452 1028 et
465 993 583 1025 vultum
596 994 657 1024 leto
670 993 858 1025 immersum.
902 992 978 1023 Huc
999 991 1112 1033 aliquis
1131 992 1191 1024 cito
1212 992 1329 1034 afferat
1351 997 1515 1035 sceptrum,
1533 998 1564 1027 et
1585 994 1738 1036 diuma,

294 1035 366 1065 dum
382 1035 434 1066 ille
451 1036 546 1067 videt.
591 1035 672 1066 Hoec
686 1037 809 1076 loquens
822 1034 1092 1076 appropinquavit,
1113 1038 1141 1068 et
1157 1036 1225 1066 vult
1243 1035 1338 1066 etiam
1359 1037 1520 1068 detrahere
1538 1046 1638 1076 arma,
1655 1037 1739 1070 vetut

292 1085 330 1110 ea
342 1077 375 1109 in
388 1078 579 1118 triumphum
595 1077 714 1109 Thebas
734 1080 932 1118 portaturus,
950 1080 981 1108 et
1002 1077 1045 1108 iis
1063 1078 1263 1108 decoraturus
1277 1079 1402 1118 templ«.
1445 1079 1595 1112 Nondum
1606 1079 1658 1111 iun·
1669 1088 1738 1120 par»

293 1122 364 1150 acta
384 1123 451 1150 erat
472 1120 549 1156 vita,
571 1123 603 1150 et
626 1120 678 1151 ille
698 1119 887 1150 custodiebat
903 1118 1051 1157 animam,
1073 1122 1108 1150 ut
1122 1128 1153 1149 se
1167 1119 1349 1152 vindicaret.
1397 1121 1501 1162 thue
1520 1121 1740 1159 animadvertit

282 1159 422 1197 fratrem
436 1165 674 1201 supr-astantem,
690 1165 720 1193 et
735 1161 917 1192 inclinatum
929 1161 1048 1200 pectori
1059 1170 1123 1200 suo,
1131 1161 1243 1192 levavit
1257 1161 1337 1193 elam
1349 1171 1462 1203 ensem,
1474 1163 1655 1213 affimavit
1666 1164 1738 1194 odio

292 1205 399 1234 tenues
412 1204 560 1244 reliquias
572 1204 648 1236 vitre
667 1204 852 1246 deficientis,
871 1203 985 1241 etjam
1006 1204 1151 1235 exultans
1168 1202 1276 1242 frater
1290 1204 1417 1246 reliquit
1433 1206 1576 1245 gladzm
1594 1206 1630 1238 in
1647 1206 1739 1239 eorde

896 1290 1033 1305 ”OO‘OO
1037 1291 1136 1304 '‘O“

291 1355 374 1388 Put.
388 1357 511 1388 Petav.
528 1356 756 1397 Lindenbrog.
772 1360 808 1388 et
830 1356 930 1388 Cruc.
955 1367 996 1388 an
1010 1356 1223 1388 imum—559
1244 1356 1325 1389 Pnt.
1347 1358 1472 1397 insigne
1495 1361 1734 1391 eorunm—562

291 1398 371 1431 Nic.
398 1399 558 1430 Heinsius
580 1400 614 1430 in
638 1399 784 1431 Advers.
808 1399 865 1430 lib.
882 1408 941 1431 ιιι.
958 1408 1034 1439 cap.
1045 1401 1077 1430 9.
1094 1409 1129 1439 p.
1142 1401 1218 1430 464.
1233 1399 1335 1439 legit:
1359 1401 1493 1431 nonaum
1516 1400 1570 1432 ute
1587 1405 1735 1442 poe-etus

290 1440 463 1472 Manibus:
487 1442 535 1473 ita
554 1442 710 1473 nimirum
738 1441 914 1472 contendit
930 1441 1054 1480 corrigi
1069 1440 1209 1472 debere.
1242 1439 1295 1472 Cf.
1313 1441 1423 1474 Theb.
1434 1450 1515 1473 vm.
1531 1444 1564 1475 9.
1579 1451 1675 1484 seqq.
1689 1443 1734 1476 de

290 1482 616 1524 Amphiaraum—563
641 1483 729 1515 Edd.
757 1487 842 1515 vett.
867 1484 1181 1523 ultricemque—564
1203 1485 1211 1500 ‘
1223 1483 1447 1515 Scribe-adum
1460 1493 1539 1526 cum
1555 1484 1631 1516 imis
1644 1486 1734 1526 opti-

291 1526 355 1557 mis
371 1526 594 1557 membranis:
618 1527 652 1557 in
665 1525 812 1566 pectora?
826 1526 1052 1558 Banu—567
1074 1526 1150 1556 Jam
1165 1527 1255 1557 taetus
1260 1526 1370 1564 frater
1377 1526 1497 1564 fratris
1510 1526 1566 1558 sub
1582 1528 1672 1560 corae
1686 1537 1735 1560 Ν-

289 1568 381 1608 liquit
398 1569 502 1609 Lang.
519 1570 621 1600 Laur.
639 1567 768 1600 Busiid.
786 1567 933 1607 Lipsian.
948 1567 1051 1600 Aidd.
1069 1567 1179 1599 Colin.
1196 1568 1329 1608 Gryph.
1346 1568 1454 1600 Basii.
1471 1568 1637 1600 etPiant.
1657 1569 1736 1602 «lan

287 1610 378 1642 laetus
391 1610 615 1650 futifruteruo
628 1611 662 1642 in
676 1612 765 1642 corde
778 1610 905 1651 reliquit
919 1611 1040 1642 Behot.
1057 1611 1087 1642 1.
1105 1610 1194 1641 Dan.
1210 1610 1291 1642 Put.
1307 1610 1430 1642 Petav.
1447 1610 1678 1653 nnaenbrog.
1699 1616 1735 1644 et

941 1694 1084 1727 NOTAE

330 1761 395 1790 559
424 1758 499 1790 Huc
524 1758 639 1800 aliquis
663 1768 791 1800 propere
817 1762 984 1800 sceptrum,
1043 1758 1224 1800 ascriptus,
1240 1762 1398 1801 tanquam
1422 1768 1485 1801 per
1502 1758 1734 1801 parenthesim

288 1812 380 1849 atque
407 1808 530 1849 insigne
565 1819 733 1849 comarum,
766 1809 854 1840 Dum
884 1809 984 1850 videt]
1038 1809 1114 1840 huic
1126 1808 1406 1850 subjungendus:
1430 1809 1645 1851 Demens,qui
1665 1810 1733 1851 pri-

286 1858 522 1900 Aposiopesis.
560 1859 792 1899 Supprimitur
806 1859 895 1891 enim
912 1868 984 1890 ver-

286 1908 378 1949 bum,
393 1908 560 1946 ‘afferat‚'
576 1914 636 1941 aut
647 1909 735 1940 aliud
754 1909 875 1941 simile.
899 1910 982 1940 Ver-

286 1957 331 1990 ba
352 1963 432 1991 sunt
453 1959 629 1999 Polynicis
645 1958 744 1991 fratri
759 1959 916 1991 morienti
931 1959 981 1990 in-

286 2009 454 2041 sultantis.
501 2009 580 2041 Huc
596 2009 716 2051 aliquis
731 2010 812 2041 mihi
827 2010 982 2051 protinus

285 2057 407 2091 afferat
436 2063 609 2100 sceptrum
636 2063 672 2090 et
701 2059 868 2100 diadema,
892 2059 982 2101 quod

284 2108 411 2140 Noster
426 2113 527 2141 vocat
540 2109 665 2149 insigne
688 2119 852 2151 comarum,
868 2113 906 2141 ut
917 2108 983 2141 fra-

285 2162 351 2199 ter,
372 2158 453 2190 dum
477 2159 634 2200 exiguum
658 2159 769 2191 adhuc
785 2160 816 2191 ei
833 2160 911 2191 vitae
928 2170 982 2191 su-

282 2212 411 2248 perest,
442 2209 590 2250 aspiciat
617 2218 671 2240 me
699 2209 797 2250 regni
832 2210 988 2241 Thebani-

283 2257 427 2298 insignis
440 2262 631 2298 gestantem
643 2269 653 2297 ;
664 2268 774 2300 eoque
785 2259 901 2291 dolore
911 2269 981 2291 mo-

283 2307 373 2339 riens
410 2312 624 2349 torqueatur.
678 2308 763 2340 Haec
795 2309 883 2340 enim
915 2308 982 2341 fnit

282 2367 412 2389 summa
420 2363 572 2389 votorum
585 2358 703 2399 ipsius,
716 2368 791 2400 quae
808 2369 910 2400 supra
922 2366 990 2390 ex-'
1008 2383 1011 2386 .

281 2408 408 2447 pressit
440 2407 492 2438 his
531 2407 667 2438 verbis:
698 2407 800 2438 ‘Non
827 2407 981 2448 improba

281 2466 384 2499 posco
400 2458 502 2496 Vota,
524 2456 627 2498 piabo
651 2466 778 2496 manus,
798 2462 835 2489 et
860 2457 979 2490 eodem

280 2511 426 2548 pectora
451 2506 544 2539 ferro
570 2507 791 2548 Rescindam,
819 2507 898 2539 dum
924 2517 978 2546 me

279 2557 426 2588 moriens
451 2556 507 2587 hic
529 2561 672 2597 *sceptra
702 2559 876 2588 tenentem
900 2557 978 2588 Lin-

279 2611 375 2649 quat,
407 2611 443 2637 et
467 2607 554 2637 hume
585 2615 701 2637 secum
727 2610 845 2647 portet
869 2607 978 2639 minor

279 2657 399 2689 umbra
414 2655 589 2687 dolorem.’

321 2711 384 2739 560
415 2708 458 2738 Et
474 2707 576 2748 arma]
607 2707 648 2738 In
666 2707 899 2739 vetustissimo
914 2716 975 2748 op-

279 2758 430 2800 timoque
462 2757 581 2789 codice
614 2766 728 2789 versus
753 2757 898 2798 margini
922 2762 975 2788 est

1036 1868 1085 1890 mo
1095 1858 1232 1899 fratrem
1245 1859 1327 1890 haud
1349 1859 1529 1899 spoliaverit
1550 1868 1632 1894 ense.
1677 1860 1731 1891 De

1036 1917 1103 1950 quo
1117 1913 1190 1940 esto
1207 1908 1348 1939 aliorum
1363 1917 1526 1940 censere:
1548 1918 1612 1950 ego
1627 1909 1736 1942 intru-

1036 1959 1118 1989 dere
1147 1958 1264 1998 nolim,
1295 1958 1361 1990 etsi
1385 1968 1448 1990 nec
1474 1959 1520 1991 sit
1545 1959 1666 1999 malm,
1694 1964 1732 1991 et

1034 2007 1237 2039 seutentiam
1262 2007 1389 2039 habeat
1411 2008 1538 2049 oppido
1557 2017 1657 2050 quam
1671 2009 1731 2042 bo-

1035 2067 1125 2098 nam,
1146 2067 1223 2089 cum
1246 2057 1281 2088 in
1297 2058 1389 2089 nulio
1405 2058 1472 2090 aiio
1487 2057 1574 2090 libro
1586 2058 1661 2100 ejus
1673 2068 1732 2092 ex·

1036 2112 1088 2140 tet
1112 2108 1304 2148 vestigium.
1348 2107 1496 2140 Locutio
1524 2108 1627 2140 etiam
1655 2108 1732 2141 Vir-

1035 2158 1172 2198 giliana.
1183 2158 1257 2189 AEn.
1273 2166 1324 2189 1x.
1348 2158 1358 2176 ‘
1370 2158 1532 2198 Demens,
1547 2158 1606 2200 qui
1620 2158 1730 2191 Rutu-

1037 2209 1105 2240 lum
1134 2209 1168 2239 in
1198 2207 1312 2239 medio
1340 2217 1408 2239 non
1448 2207 1731 2249 agmineregem

1035 2258 1173 2290 Viderit
1184 2251 1440 2299 irrumpentem,
1457 2258 1614 2300 ultroque
1625 2257 1730 2291 inciu-

1036 2307 1119 2338 serit
1137 2306 1237 2338 urbi.'

1076 2361 1140 2389 563
1168 2357 1316 2398 Ultrices]
1338 2356 1408 2389 Alii
1423 2357 1542 2399 legunt
1554 2358 1707 2391 ultricem-

1076 2411 1139 2440 567
1169 2409 1246 2439 Jam
1276 2408 1364 2439 latus
1393 2407 1513 2446 fratris
1537 2418 1598 2440 non
1620 2409 1730 2448 frater

1034 2458 1149 2501 {frater
1161 2457 1282 2495 fratris
1295 2457 1367 2497 sub]
1389 2459 1480 2490 carde
1498 2458 1641 2500 reliquit]
1662 2459 1728 2491 Va-

1034 2508 1135 2548 riant,
1148 2507 1268 2547 scripti
1284 2507 1432 2541 codices.
1462 2508 1546 2550 ,Alii
1559 2509 1631 2550 jan
1638 2510 1729 2542 latus

1023 2558 1091 2596 suti
1105 2568 1118 2595 ;
1141 2557 1197 2588 alii
1213 2557 1361 2594 fraterna
1382 2559 1416 2589 in
1442 2559 1543 2599 corde,
1574 2563 1611 2591 et
1623 2558 1728 2597 fratri

1020 2608 1169 2646 fraterno
1189 2608 1289 2639 corde.
1333 2607 1403 2639 Sed
1434 2607 1545 2639 codex
1574 2608 1725 2649 Ber-neg-

1030 2657 1103 2699 geri
1116 2656 1238 2695 fratris
1250 2666 1311 2688 nou
1323 2657 1432 2696 flater-
1453 2659 1545 2689 corde
1571 2658 1700 2699 reliquit
1713 2668 1724 2689 .·

1027 2707 1187 2748 idemque
1201 2706 1375 2738 invenitur
1396 2706 1431 2738 iu
1456 2707 1574 2739 codiee
1598 2707 1726 2740 Bavar.

1029 2756 1309 2797 etMonaciensi,
1334 2760 1371 2788 et
1392 2756 1632 2798 explicandum
1660 2762 1727 2799 est,
