<?xml version="1.0" encoding="UTF-8"?>
<!DOCTYPE html PUBLIC "-//W3C//DTD XHTML 1.0 Transitional//EN"
    "http://www.w3.org/TR/xhtml1/DTD/xhtml1-transitional.dtd">
<html xmlns="http://www.w3.org/1999/xhtml" xml:lang="en" lang="en">
 <head>
  <title>
</title>
<meta http-equiv="Content-Type" content="text/html;charset=utf-8" />
  <meta name='ocr-system' content='tesseract 3.04.00' />
  <meta name='ocr-capabilities' content='ocr_page ocr_carea ocr_par ocr_line ocrx_word'/>
</head>
<body>
  <div class='ocr_page' id='page_1' title='image "./operaomniaexedit03statuoft_0606.png"; bbox 0 0 1858 3112; ppageno 0'>
   <div class='ocr_carea' id='block_1_1' title="bbox 244 238 357 279">
    <p class='ocr_par' dir='ltr' id='par_1_1' title="bbox 244 238 357 279">
     <span class='ocr_line' id='line_1_1' title="bbox 244 238 357 279; baseline 0 0"><span class='ocrx_word' id='word_1_1' title='bbox 244 238 357 279; x_wconf 83' lang='lat'>1706</span> 
     </span>
    </p>
   </div>
   <div class='ocr_carea' id='block_1_2' title="bbox 244 340 941 484">
    <p class='ocr_par' dir='ltr' id='par_1_2' title="bbox 244 340 941 484">
     <span class='ocr_line' id='line_1_2' title="bbox 245 340 940 382; baseline -0.001 -9"><span class='ocrx_word' id='word_1_2' title='bbox 245 347 326 374; x_wconf 83' lang='lat' dir='ltr'>veat</span> <span class='ocrx_word' id='word_1_3' title='bbox 352 342 513 375; x_wconf 79' lang='lat' dir='ltr'>Cerbero.</span> <span class='ocrx_word' id='word_1_4' title='bbox 543 350 620 373; x_wconf 87' lang='lat' dir='ltr'>cum</span> <span class='ocrx_word' id='word_1_5' title='bbox 640 340 694 372; x_wconf 88' lang='lat' dir='ltr'>hic</span> <span class='ocrx_word' id='word_1_6' title='bbox 719 341 866 382; x_wconf 82' lang='lat' dir='ltr'>‘Ingens</span> <span class='ocrx_word' id='word_1_7' title='bbox 885 340 940 382; x_wconf 90' lang='lat' dir='ltr'>ja-</span> 
     </span>
     <span class='ocr_line' id='line_1_3' title="bbox 244 391 940 425; baseline -0.004 0"><span class='ocrx_word' id='word_1_8' title='bbox 244 394 340 425; x_wconf 85' lang='lat' dir='ltr'>nitor</span> <span class='ocrx_word' id='word_1_9' title='bbox 364 398 462 425; x_wconf 89' lang='lat' dir='ltr'>antro</span> <span class='ocrx_word' id='word_1_10' title='bbox 489 393 665 424; x_wconf 86' lang='lat' dir='ltr'>AEternum</span> <span class='ocrx_word' id='word_1_11' title='bbox 692 391 821 423; x_wconf 85' lang='lat' dir='ltr'>latrans</span> <span class='ocrx_word' id='word_1_12' title='bbox 836 401 940 423; x_wconf 86' lang='lat' dir='ltr'>exan-</span> 
     </span>
     <span class='ocr_line' id='line_1_4' title="bbox 245 441 941 484; baseline -0.003 -10"><span class='ocrx_word' id='word_1_13' title='bbox 245 453 326 484; x_wconf 83' lang='lat' dir='ltr'>gues</span> <span class='ocrx_word' id='word_1_14' title='bbox 344 448 474 475; x_wconf 83' lang='lat' dir='ltr'>terreat</span> <span class='ocrx_word' id='word_1_15' title='bbox 490 441 650 474; x_wconf 74' lang='lat' dir='ltr'>umbras.¹</span> <span class='ocrx_word' id='word_1_16' title='bbox 665 446 701 474; x_wconf 89' lang='lat' dir='ltr'>et</span> <span class='ocrx_word' id='word_1_17' title='bbox 716 441 850 474; x_wconf 80' lang='lat' dir='ltr'><strong>Charon</strong></span> <span class='ocrx_word' id='word_1_18' title='bbox 863 441 941 482; x_wconf 63' lang='lat' dir='ltr'>‚ipse</span> 
     </span>
    </p>
   </div>
   <div class='ocr_carea' id='block_1_3' title="bbox 178 494 941 535">
    <p class='ocr_par' dir='ltr' id='par_1_3' title="bbox 178 494 941 535">
     <span class='ocr_line' id='line_1_5' title="bbox 178 494 941 535; baseline 0 -10"><span class='ocrx_word' id='word_1_19' title='bbox 178 510 179 513; x_wconf 64' lang='lat'><em>=</em></span> <span class='ocrx_word' id='word_1_20' title='bbox 200 494 204 498; x_wconf 71' lang='grc'><strong>“</strong></span> <span class='ocrx_word' id='word_1_21' title='bbox 244 494 465 535; x_wconf 78' lang='lat' dir='ltr'>conqueritur</span> <span class='ocrx_word' id='word_1_22' title='bbox 479 494 522 526; x_wconf 91' lang='lat' dir='ltr'>de</span> <span class='ocrx_word' id='word_1_23' title='bbox 541 494 708 531; x_wconf 79' lang='lat' dir='ltr'>Hercule,</span> <span class='ocrx_word' id='word_1_24' title='bbox 730 494 820 535; x_wconf 89' lang='lat' dir='ltr'>quod</span> <span class='ocrx_word' id='word_1_25' title='bbox 835 494 941 526; x_wconf 86' lang='lat' dir='ltr'>‘Tar-</span> 
     </span>
    </p>
   </div>
   <div class='ocr_carea' id='block_1_4' title="bbox 239 544 943 1438">
    <p class='ocr_par' dir='ltr' id='par_1_4' title="bbox 239 544 943 885">
     <span class='ocr_line' id='line_1_6' title="bbox 244 544 942 576; baseline 0.001 -1"><span class='ocrx_word' id='word_1_26' title='bbox 244 549 376 575; x_wconf 84' lang='lat' dir='ltr'>tareum</span> <span class='ocrx_word' id='word_1_27' title='bbox 393 544 450 576; x_wconf 90' lang='lat' dir='ltr'>ille</span> <span class='ocrx_word' id='word_1_28' title='bbox 466 544 758 576; x_wconf 49' lang='lat' dir='ltr'>manu-custodem</span> <span class='ocrx_word' id='word_1_29' title='bbox 773 545 806 575; x_wconf 91' lang='lat' dir='ltr'>in</span> <span class='ocrx_word' id='word_1_30' title='bbox 830 545 942 576; x_wconf 90' lang='lat' dir='ltr'>vincla</span> 
     </span>
     <span class='ocr_line' id='line_1_7' title="bbox 244 594 941 636; baseline 0.003 -11"><span class='ocrx_word' id='word_1_31' title='bbox 244 594 367 634; x_wconf 88' lang='lat' dir='ltr'>petivit</span> <span class='ocrx_word' id='word_1_32' title='bbox 381 594 493 635; x_wconf 78' lang='lat' dir='ltr'>Ipsius</span> <span class='ocrx_word' id='word_1_33' title='bbox 508 604 529 626; x_wconf 89' lang='lat' dir='ltr'>a</span> <span class='ocrx_word' id='word_1_34' title='bbox 539 594 622 626; x_wconf 87' lang='lat' dir='ltr'>solio</span> <span class='ocrx_word' id='word_1_35' title='bbox 637 595 752 634; x_wconf 77' lang='lat' dir='ltr'>Regis,</span> <span class='ocrx_word' id='word_1_36' title='bbox 767 595 941 636; x_wconf 81' lang='lat' dir='ltr'>traxitque</span> 
     </span>
     <span class='ocr_line' id='line_1_8' title="bbox 244 644 940 686; baseline 0.003 -11"><span class='ocrx_word' id='word_1_37' title='bbox 244 644 471 676; x_wconf 65' lang='lat' dir='ltr'>trementem!</span> <span class='ocrx_word' id='word_1_38' title='bbox 514 644 679 686; x_wconf 89' lang='lat' dir='ltr'>Nunquid</span> <span class='ocrx_word' id='word_1_39' title='bbox 695 654 775 676; x_wconf 88' lang='lat' dir='ltr'>vero</span> <span class='ocrx_word' id='word_1_40' title='bbox 790 645 824 676; x_wconf 90' lang='lat' dir='ltr'>in</span> <span class='ocrx_word' id='word_1_41' title='bbox 839 646 940 677; x_wconf 87' lang='lat' dir='ltr'>comi-</span> 
     </span>
     <span class='ocr_line' id='line_1_9' title="bbox 244 693 942 735; baseline 0.003 -10"><span class='ocrx_word' id='word_1_42' title='bbox 244 697 320 725; x_wconf 84' lang='lat' dir='ltr'>tatu</span> <span class='ocrx_word' id='word_1_43' title='bbox 348 695 544 735; x_wconf 84' lang='lat' dir='ltr'>pompatico</span> <span class='ocrx_word' id='word_1_44' title='bbox 563 694 664 726; x_wconf 87' lang='lat' dir='ltr'>Isidis</span> <span class='ocrx_word' id='word_1_45' title='bbox 685 693 752 726; x_wconf 85' lang='lat' dir='ltr'>fuit</span> <span class='ocrx_word' id='word_1_46' title='bbox 773 695 942 727; x_wconf 88' lang='lat' dir='ltr'>‘latrator</span> 
     </span>
     <span class='ocr_line' id='line_1_10' title="bbox 244 743 941 785; baseline 0 -8"><span class='ocrx_word' id='word_1_47' title='bbox 244 743 376 777; x_wconf 80' lang='lat' dir='ltr'>Anubis</span> <span class='ocrx_word' id='word_1_48' title='bbox 386 743 408 775; x_wconf 84' lang='lat'>?&#39;</span> <span class='ocrx_word' id='word_1_49' title='bbox 431 745 512 785; x_wconf 90' lang='lat' dir='ltr'>quin</span> <span class='ocrx_word' id='word_1_50' title='bbox 526 745 677 776; x_wconf 84' lang='lat' dir='ltr'><strong>Deorum</strong></span> <span class='ocrx_word' id='word_1_51' title='bbox 694 749 808 777; x_wconf 85' lang='lat' dir='ltr'>custos</span> <span class='ocrx_word' id='word_1_52' title='bbox 821 745 941 778; x_wconf 85' lang='lat' dir='ltr'>fidissi-</span> 
     </span>
     <span class='ocr_line' id='line_1_11' title="bbox 239 793 943 832; baseline 0.006 -8"><span class='ocrx_word' id='word_1_53' title='bbox 239 802 319 824; x_wconf 27' lang='lat' dir='ltr'>rmus</span> <span class='ocrx_word' id='word_1_54' title='bbox 342 793 543 832; x_wconf 82' lang='lat' dir='ltr'>habebatur.</span> <span class='ocrx_word' id='word_1_55' title='bbox 569 799 608 826; x_wconf 91' lang='lat' dir='ltr'>ut</span> <span class='ocrx_word' id='word_1_56' title='bbox 637 795 732 827; x_wconf 84' lang='lat' dir='ltr'>canis</span> <span class='ocrx_word' id='word_1_57' title='bbox 761 796 943 828; x_wconf 79' lang='lat' dir='ltr'>hominum.</span> 
     </span>
     <span class='ocr_line' id='line_1_12' title="bbox 242 842 664 885; baseline 0.012 -12"><span class='ocrx_word' id='word_1_58' title='bbox 242 842 369 877; x_wconf 83' lang='lat' dir='ltr'>Morell.</span> <span class='ocrx_word' id='word_1_59' title='bbox 466 883 469 885; x_wconf 18' lang='lat' dir='ltr'>q</span> <span class='ocrx_word' id='word_1_60' title='bbox 662 850 664 853; x_wconf 77' lang='grc'>’</span> 
     </span>
    </p>

    <p class='ocr_par' dir='ltr' id='par_1_5' title="bbox 241 893 943 1134">
     <span class='ocr_line' id='line_1_13' title="bbox 286 893 943 937; baseline 0.006 -12"><span class='ocrx_word' id='word_1_61' title='bbox 286 895 348 925; x_wconf 76' lang='grc'>113</span> <span class='ocrx_word' id='word_1_62' title='bbox 375 893 459 926; x_wconf 79' lang='lat' dir='ltr'>Vilia</span> <span class='ocrx_word' id='word_1_63' title='bbox 473 904 528 926; x_wconf 80' lang='lat' dir='ltr'>cur</span> <span class='ocrx_word' id='word_1_64' title='bbox 541 895 683 937; x_wconf 77' lang='lat' dir='ltr'>magnos]</span> <span class='ocrx_word' id='word_1_65' title='bbox 698 894 753 927; x_wconf 91' lang='lat' dir='ltr'>Ad</span> <span class='ocrx_word' id='word_1_66' title='bbox 766 896 943 937; x_wconf 73' lang='lat' dir='ltr'>AEgyptio·</span> 
     </span>
     <span class='ocr_line' id='line_1_14' title="bbox 241 945 943 988; baseline 0.009 -14"><span class='ocrx_word' id='word_1_67' title='bbox 241 952 314 976; x_wconf 86' lang='lat' dir='ltr'>rum</span> <span class='ocrx_word' id='word_1_68' title='bbox 331 954 450 976; x_wconf 87' lang='lat' dir='ltr'>vanam</span> <span class='ocrx_word' id='word_1_69' title='bbox 465 945 753 987; x_wconf 77' lang='lat' dir='ltr'>superstitionem,</span> <span class='ocrx_word' id='word_1_70' title='bbox 767 947 823 988; x_wconf 89' lang='lat' dir='ltr'>qui</span> <span class='ocrx_word' id='word_1_71' title='bbox 834 951 872 980; x_wconf 84' lang='lat' dir='ltr'>&#39;et</span> <span class='ocrx_word' id='word_1_72' title='bbox 884 948 943 980; x_wconf 88' lang='lat' dir='ltr'>bo-</span> 
     </span>
     <span class='ocr_line' id='line_1_15' title="bbox 242 996 942 1037; baseline 0.007 -12"><span class='ocrx_word' id='word_1_73' title='bbox 242 1003 332 1033; x_wconf 80' lang='lat' dir='ltr'>vem,</span> <span class='ocrx_word' id='word_1_74' title='bbox 346 999 382 1026; x_wconf 87' lang='lat' dir='ltr'>et</span> <span class='ocrx_word' id='word_1_75' title='bbox 402 996 623 1036; x_wconf 84' lang='lat' dir='ltr'>crocodilum,</span> <span class='ocrx_word' id='word_1_76' title='bbox 638 1001 673 1027; x_wconf 90' lang='lat' dir='ltr'>et</span> <span class='ocrx_word' id='word_1_77' title='bbox 690 997 756 1028; x_wconf 88' lang='lat' dir='ltr'>alia</span> <span class='ocrx_word' id='word_1_78' title='bbox 775 997 942 1037; x_wconf 85' lang='lat' dir='ltr'>animalia,</span> 
     </span>
     <span class='ocr_line' id='line_1_16' title="bbox 243 1043 942 1089; baseline 0.01 -15"><span class='ocrx_word' id='word_1_79' title='bbox 243 1043 336 1076; x_wconf 86' lang='lat' dir='ltr'>Deos</span> <span class='ocrx_word' id='word_1_80' title='bbox 348 1044 494 1086; x_wconf 89' lang='lat' dir='ltr'>denique</span> <span class='ocrx_word' id='word_1_81' title='bbox 510 1046 631 1077; x_wconf 89' lang='lat' dir='ltr'>canino</span> <span class='ocrx_word' id='word_1_82' title='bbox 646 1047 761 1088; x_wconf 86' lang='lat' dir='ltr'>capite</span> <span class='ocrx_word' id='word_1_83' title='bbox 773 1047 942 1089; x_wconf 84' lang='lat' dir='ltr'>effigiatos</span> 
     </span>
     <span class='ocr_line' id='line_1_17' title="bbox 243 1094 591 1134; baseline 0.011 -10"><span class='ocrx_word' id='word_1_84' title='bbox 243 1094 413 1134; x_wconf 82' lang='lat' dir='ltr'>colebant.</span> <span class='ocrx_word' id='word_1_85' title='bbox 437 1096 591 1128; x_wconf 72' lang='lat' dir='ltr'>Ber-nort.</span> 
     </span>
    </p>

    <p class='ocr_par' dir='ltr' id='par_1_6' title="bbox 241 1146 941 1438">
     <span class='ocr_line' id='line_1_18' title="bbox 286 1146 941 1188; baseline 0.006 -12"><span class='ocrx_word' id='word_1_86' title='bbox 286 1147 349 1176; x_wconf 87' lang='grc'>114</span> <span class='ocrx_word' id='word_1_87' title='bbox 388 1146 599 1188; x_wconf 67' lang='lat' dir='ltr'>Praesternat]</span> <span class='ocrx_word' id='word_1_88' title='bbox 634 1147 723 1179; x_wconf 83' lang='lat' dir='ltr'>Nam</span> <span class='ocrx_word' id='word_1_89' title='bbox 753 1148 941 1181; x_wconf 85' lang='lat' dir='ltr'>moriturus</span> 
     </span>
     <span class='ocr_line' id='line_1_19' title="bbox 242 1194 941 1240; baseline 0.007 -15"><span class='ocrx_word' id='word_1_90' title='bbox 242 1195 379 1235; x_wconf 87' lang='lat' dir='ltr'>phoenix</span> <span class='ocrx_word' id='word_1_91' title='bbox 400 1194 493 1240; x_wconf 84' lang='lat' dir='ltr'>facto</span> <span class='ocrx_word' id='word_1_92' title='bbox 520 1206 603 1238; x_wconf 80' lang='lat' dir='ltr'>rogo</span> <span class='ocrx_word' id='word_1_93' title='bbox 632 1207 676 1229; x_wconf 89' lang='lat' dir='ltr'>ex</span> <span class='ocrx_word' id='word_1_94' title='bbox 707 1197 806 1229; x_wconf 86' lang='lat' dir='ltr'>variis</span> <span class='ocrx_word' id='word_1_95' title='bbox 822 1198 941 1230; x_wconf 88' lang='lat' dir='ltr'>odora·</span> 
     </span>
     <span class='ocr_line' id='line_1_20' title="bbox 241 1245 939 1281; baseline 0.007 -5"><span class='ocrx_word' id='word_1_96' title='bbox 241 1245 364 1277; x_wconf 85' lang='lat' dir='ltr'>mentis</span> <span class='ocrx_word' id='word_1_97' title='bbox 394 1256 563 1278; x_wconf 86' lang='lat' dir='ltr'>concussu</span> <span class='ocrx_word' id='word_1_98' title='bbox 600 1247 730 1279; x_wconf 89' lang='lat' dir='ltr'>alarum</span> <span class='ocrx_word' id='word_1_99' title='bbox 764 1248 915 1281; x_wconf 81' lang='lat' dir='ltr'>incendit</span> <span class='ocrx_word' id='word_1_100' title='bbox 929 1259 939 1281; x_wconf 71' lang='grc' dir='ltr'><strong><em>ι</em></strong></span> 
     </span>
     <span class='ocr_line' id='line_1_21' title="bbox 241 1295 940 1338; baseline 0.007 -12"><span class='ocrx_word' id='word_1_101' title='bbox 241 1295 395 1327; x_wconf 80' lang='lat' dir='ltr'>nascitur</span> <span class='ocrx_word' id='word_1_102' title='bbox 425 1296 629 1329; x_wconf 85' lang='lat' dir='ltr'>vermiculus</span> <span class='ocrx_word' id='word_1_103' title='bbox 666 1307 710 1329; x_wconf 89' lang='lat' dir='ltr'>ex</span> <span class='ocrx_word' id='word_1_104' title='bbox 746 1298 916 1331; x_wconf 78' lang='lat' dir='ltr'>cineribus</span> <span class='ocrx_word' id='word_1_105' title='bbox 930 1310 940 1338; x_wconf 88' lang='lat'><strong>;</strong></span> 
     </span>
     <span class='ocr_line' id='line_1_22' title="bbox 242 1346 940 1390; baseline 0.003 -12"><span class='ocrx_word' id='word_1_106' title='bbox 242 1346 426 1378; x_wconf 84' lang='lat' dir='ltr'>undealter</span> <span class='ocrx_word' id='word_1_107' title='bbox 438 1347 575 1388; x_wconf 81' lang='lat' dir='ltr'>phoenix</span> <span class='ocrx_word' id='word_1_108' title='bbox 585 1348 719 1387; x_wconf 82' lang='lat' dir='ltr'>crescit,</span> <span class='ocrx_word' id='word_1_109' title='bbox 729 1348 786 1390; x_wconf 89' lang='lat' dir='ltr'>qui</span> <span class='ocrx_word' id='word_1_110' title='bbox 797 1348 940 1389; x_wconf 88' lang='lat' dir='ltr'>primum</span> 
     </span>
     <span class='ocr_line' id='line_1_23' title="bbox 242 1396 940 1438; baseline 0.004 -11"><span class='ocrx_word' id='word_1_111' title='bbox 242 1396 357 1428; x_wconf 82' lang='lat' dir='ltr'>reddit</span> <span class='ocrx_word' id='word_1_112' title='bbox 366 1397 461 1438; x_wconf 83' lang='lat' dir='ltr'>justa</span> <span class='ocrx_word' id='word_1_113' title='bbox 477 1398 624 1438; x_wconf 85' lang='lat' dir='ltr'>phoenici</span> <span class='ocrx_word' id='word_1_114' title='bbox 641 1403 796 1438; x_wconf 74' lang='lat' dir='ltr'>mortua‘,</span> <span class='ocrx_word' id='word_1_115' title='bbox 811 1398 940 1430; x_wconf 83' lang='lat' dir='ltr'>defert-</span> 
     </span>
    </p>
   </div>
   <div class='ocr_carea' id='block_1_5' title="bbox 241 1448 952 1489">
    <p class='ocr_par' dir='ltr' id='par_1_7' title="bbox 241 1448 952 1489">
     <span class='ocr_line' id='line_1_24' title="bbox 241 1448 952 1489; baseline 0.006 -11"><span class='ocrx_word' id='word_1_116' title='bbox 241 1456 307 1489; x_wconf 90' lang='lat' dir='ltr'>que</span> <span class='ocrx_word' id='word_1_117' title='bbox 335 1451 443 1479; x_wconf 88' lang='lat' dir='ltr'>totum</span> <span class='ocrx_word' id='word_1_118' title='bbox 471 1448 586 1480; x_wconf 91' lang='lat' dir='ltr'>nidum</span> <span class='ocrx_word' id='word_1_119' title='bbox 609 1449 642 1480; x_wconf 88' lang='lat' dir='ltr'>in</span> <span class='ocrx_word' id='word_1_120' title='bbox 664 1449 870 1481; x_wconf 81' lang='lat' dir='ltr'>Panchaiam</span> <span class='ocrx_word' id='word_1_121' title='bbox 897 1451 952 1482; x_wconf 90' lang='lat' dir='ltr'>ad·</span> 
     </span>
    </p>
   </div>
   <div class='ocr_carea' id='block_1_6' title="bbox 237 1497 941 2847">
    <p class='ocr_par' dir='ltr' id='par_1_8' title="bbox 239 1497 941 1782">
     <span class='ocr_line' id='line_1_25' title="bbox 241 1497 940 1541; baseline 0.006 -13"><span class='ocrx_word' id='word_1_122' title='bbox 241 1497 328 1529; x_wconf 89' lang='lat' dir='ltr'>Solis</span> <span class='ocrx_word' id='word_1_123' title='bbox 354 1498 486 1535; x_wconf 82' lang='lat' dir='ltr'>urbem,</span> <span class='ocrx_word' id='word_1_124' title='bbox 501 1508 643 1541; x_wconf 88' lang='lat' dir='ltr'>eamque</span> <span class='ocrx_word' id='word_1_125' title='bbox 657 1499 690 1531; x_wconf 91' lang='lat' dir='ltr'>in</span> <span class='ocrx_word' id='word_1_126' title='bbox 706 1508 766 1530; x_wconf 87' lang='lat' dir='ltr'>ara</span> <span class='ocrx_word' id='word_1_127' title='bbox 782 1500 940 1532; x_wconf 88' lang='lat' dir='ltr'>collocat.</span> 
     </span>
     <span class='ocr_line' id='line_1_26' title="bbox 240 1547 940 1591; baseline 0.004 -12"><span class='ocrx_word' id='word_1_128' title='bbox 240 1547 400 1580; x_wconf 79' lang='lat' dir='ltr'>Manilius</span> <span class='ocrx_word' id='word_1_129' title='bbox 416 1548 546 1589; x_wconf 87' lang='lat' dir='ltr'>docuit,</span> <span class='ocrx_word' id='word_1_130' title='bbox 559 1549 688 1590; x_wconf 81' lang='lat' dir='ltr'>repetit</span> <span class='ocrx_word' id='word_1_131' title='bbox 701 1549 792 1582; x_wconf 88' lang='lat' dir='ltr'>Plin.</span> <span class='ocrx_word' id='word_1_132' title='bbox 822 1550 940 1591; x_wconf 64' lang='lat' dir='ltr'>Viaeax]</span> 
     </span>
     <span class='ocr_line' id='line_1_27' title="bbox 240 1597 941 1641; baseline 0.003 -11"><span class='ocrx_word' id='word_1_133' title='bbox 240 1597 329 1630; x_wconf 82' lang='lat' dir='ltr'>Nam</span> <span class='ocrx_word' id='word_1_134' title='bbox 343 1603 381 1630; x_wconf 91' lang='lat' dir='ltr'>ut</span> <span class='ocrx_word' id='word_1_135' title='bbox 397 1599 518 1631; x_wconf 88' lang='lat' dir='ltr'>Manil.</span> <span class='ocrx_word' id='word_1_136' title='bbox 529 1604 650 1631; x_wconf 85' lang='lat' dir='ltr'>auctor</span> <span class='ocrx_word' id='word_1_137' title='bbox 664 1605 729 1641; x_wconf 87' lang='lat' dir='ltr'>est,</span> <span class='ocrx_word' id='word_1_138' title='bbox 744 1601 830 1632; x_wconf 85' lang='lat' dir='ltr'>vivit</span> <span class='ocrx_word' id='word_1_139' title='bbox 844 1601 941 1632; x_wconf 85' lang='lat' dir='ltr'>annis</span> 
     </span>
     <span class='ocr_line' id='line_1_28' title="bbox 239 1649 940 1692; baseline 0.004 -13"><span class='ocrx_word' id='word_1_140' title='bbox 239 1649 414 1681; x_wconf 79' lang='lat' dir='ltr'>sexcentis</span> <span class='ocrx_word' id='word_1_141' title='bbox 444 1650 623 1691; x_wconf 77' lang='lat' dir='ltr'>sexaginta</span> <span class='ocrx_word' id='word_1_142' title='bbox 638 1660 646 1681; x_wconf 89' lang='lat'>:</span> <span class='ocrx_word' id='word_1_143' title='bbox 675 1654 712 1682; x_wconf 86' lang='lat' dir='ltr'>ct</span> <span class='ocrx_word' id='word_1_144' title='bbox 739 1660 814 1682; x_wconf 91' lang='lat' dir='ltr'>cum</span> <span class='ocrx_word' id='word_1_145' title='bbox 841 1651 940 1692; x_wconf 86' lang='lat' dir='ltr'>hujus</span> 
     </span>
     <span class='ocr_line' id='line_1_29' title="bbox 241 1699 938 1742; baseline 0.003 -11"><span class='ocrx_word' id='word_1_146' title='bbox 241 1699 332 1731; x_wconf 88' lang='lat' dir='ltr'>alitis</span> <span class='ocrx_word' id='word_1_147' title='bbox 349 1700 423 1732; x_wconf 87' lang='lat' dir='ltr'>vita</span> <span class='ocrx_word' id='word_1_148' title='bbox 446 1700 559 1742; x_wconf 86' lang='lat' dir='ltr'>magni</span> <span class='ocrx_word' id='word_1_149' title='bbox 584 1700 663 1732; x_wconf 86' lang='lat' dir='ltr'>anni</span> <span class='ocrx_word' id='word_1_150' title='bbox 693 1700 732 1732; x_wconf 83' lang='lat' dir='ltr'>fit</span> <span class='ocrx_word' id='word_1_151' title='bbox 750 1701 938 1734; x_wconf 81' lang='lat' dir='ltr'>conversio.</span> 
     </span>
     <span class='ocr_line' id='line_1_30' title="bbox 242 1750 366 1782; baseline 0.008 -1"><span class='ocrx_word' id='word_1_152' title='bbox 242 1750 366 1782; x_wconf 73' lang='lat' dir='ltr'>Domit.</span> 
     </span>
    </p>

    <p class='ocr_par' dir='ltr' id='par_1_9' title="bbox 237 1801 938 2543">
     <span class='ocr_line' id='line_1_31' title="bbox 245 1801 938 1843; baseline 0.004 -11"><span class='ocrx_word' id='word_1_153' title='bbox 245 1815 247 1818; x_wconf 52' lang='lat'><em>⁴</em></span> <span class='ocrx_word' id='word_1_154' title='bbox 283 1803 345 1833; x_wconf 86' lang='grc'>116</span> <span class='ocrx_word' id='word_1_155' title='bbox 376 1802 508 1842; x_wconf 75' lang='lat' dir='ltr'>Mer-gat</span> <span class='ocrx_word' id='word_1_156' title='bbox 532 1801 694 1843; x_wconf 75' lang='lat' dir='ltr'>adoratus]</span> <span class='ocrx_word' id='word_1_157' title='bbox 732 1802 764 1834; x_wconf 95' lang='grc' dir='ltr'><strong>Ο</strong></span> <span class='ocrx_word' id='word_1_158' title='bbox 802 1808 938 1835; x_wconf 85' lang='lat' dir='ltr'>cautam</span> 
     </span>
     <span class='ocr_line' id='line_1_32' title="bbox 240 1849 938 1892; baseline 0.004 -11"><span class='ocrx_word' id='word_1_159' title='bbox 240 1849 326 1891; x_wconf 83' lang='lat' dir='ltr'>Apis</span> <span class='ocrx_word' id='word_1_160' title='bbox 350 1851 583 1892; x_wconf 83' lang='lat' dir='ltr'>Majestatem‚</span> <span class='ocrx_word' id='word_1_161' title='bbox 597 1851 626 1882; x_wconf 89' lang='lat' dir='ltr'>si</span> <span class='ocrx_word' id='word_1_162' title='bbox 641 1852 688 1882; x_wconf 84' lang='lat' dir='ltr'>ita</span> <span class='ocrx_word' id='word_1_163' title='bbox 703 1861 739 1882; x_wconf 87' lang='lat' dir='ltr'>se</span> <span class='ocrx_word' id='word_1_164' title='bbox 754 1861 851 1884; x_wconf 86' lang='lat' dir='ltr'>sacro</span> <span class='ocrx_word' id='word_1_165' title='bbox 868 1852 938 1884; x_wconf 92' lang='lat' dir='ltr'>Nili</span> 
     </span>
     <span class='ocr_line' id='line_1_33' title="bbox 238 1899 938 1941; baseline 0.003 -10"><span class='ocrx_word' id='word_1_166' title='bbox 238 1899 342 1932; x_wconf 84' lang='lat' dir='ltr'>fluvio</span> <span class='ocrx_word' id='word_1_167' title='bbox 357 1905 542 1941; x_wconf 82' lang='lat' dir='ltr'>mergeret,</span> <span class='ocrx_word' id='word_1_168' title='bbox 554 1906 593 1933; x_wconf 90' lang='lat' dir='ltr'>ut</span> <span class='ocrx_word' id='word_1_169' title='bbox 603 1900 743 1932; x_wconf 87' lang='lat' dir='ltr'>haustus</span> <span class='ocrx_word' id='word_1_170' title='bbox 757 1911 821 1932; x_wconf 88' lang='lat' dir='ltr'>non</span> <span class='ocrx_word' id='word_1_171' title='bbox 838 1901 938 1933; x_wconf 89' lang='lat' dir='ltr'>duce·</span> 
     </span>
     <span class='ocr_line' id='line_1_34' title="bbox 238 1952 938 1994; baseline 0.003 -11"><span class='ocrx_word' id='word_1_172' title='bbox 238 1955 294 1983; x_wconf 82' lang='lat' dir='ltr'>ret</span> <span class='ocrx_word' id='word_1_173' title='bbox 316 1953 415 1992; x_wconf 88' lang='lat' dir='ltr'>ullos,</span> <span class='ocrx_word' id='word_1_174' title='bbox 442 1952 501 1983; x_wconf 82' lang='lat' dir='ltr'>sed</span> <span class='ocrx_word' id='word_1_175' title='bbox 519 1963 538 1984; x_wconf 88' lang='lat' dir='ltr'>a</span> <span class='ocrx_word' id='word_1_176' title='bbox 554 1958 638 1994; x_wconf 85' lang='lat' dir='ltr'>potu</span> <span class='ocrx_word' id='word_1_177' title='bbox 656 1953 754 1993; x_wconf 88' lang='lat' dir='ltr'>plane</span> <span class='ocrx_word' id='word_1_178' title='bbox 770 1957 938 1993; x_wconf 80' lang='lat' dir='ltr'>tempera-</span> 
     </span>
     <span class='ocr_line' id='line_1_35' title="bbox 239 2003 938 2043; baseline 0.006 -12"><span class='ocrx_word' id='word_1_179' title='bbox 239 2006 305 2041; x_wconf 86' lang='lat' dir='ltr'>ret,</span> <span class='ocrx_word' id='word_1_180' title='bbox 329 2007 430 2043; x_wconf 87' lang='lat' dir='ltr'>prout</span> <span class='ocrx_word' id='word_1_181' title='bbox 454 2003 486 2034; x_wconf 90' lang='lat' dir='ltr'>ei</span> <span class='ocrx_word' id='word_1_182' title='bbox 505 2003 742 2043; x_wconf 72' lang='lat' dir='ltr'>praescriptum</span> <span class='ocrx_word' id='word_1_183' title='bbox 760 2008 835 2035; x_wconf 84' lang='lat' dir='ltr'>erat</span> <span class='ocrx_word' id='word_1_184' title='bbox 850 2014 870 2035; x_wconf 92' lang='lat' dir='ltr'>a</span> <span class='ocrx_word' id='word_1_185' title='bbox 886 2013 938 2035; x_wconf 89' lang='lat' dir='ltr'>sa-</span> 
     </span>
     <span class='ocr_line' id='line_1_36' title="bbox 238 2051 938 2095; baseline 0.007 -14"><span class='ocrx_word' id='word_1_186' title='bbox 238 2051 376 2085; x_wconf 82' lang='lat' dir='ltr'>crificis.</span> <span class='ocrx_word' id='word_1_187' title='bbox 398 2061 464 2084; x_wconf 92' lang='lat' dir='ltr'>non</span> <span class='ocrx_word' id='word_1_188' title='bbox 491 2052 582 2094; x_wconf 92' lang='lat' dir='ltr'>quod</span> <span class='ocrx_word' id='word_1_189' title='bbox 603 2062 723 2094; x_wconf 87' lang='lat' dir='ltr'>aquam</span> <span class='ocrx_word' id='word_1_190' title='bbox 741 2054 811 2085; x_wconf 90' lang='lat' dir='ltr'>Nili</span> <span class='ocrx_word' id='word_1_191' title='bbox 830 2055 938 2095; x_wconf 87' lang='lat' dir='ltr'>pollu-</span> 
     </span>
     <span class='ocr_line' id='line_1_37' title="bbox 237 2102 937 2144; baseline 0.006 -11"><span class='ocrx_word' id='word_1_192' title='bbox 237 2106 306 2133; x_wconf 85' lang='lat' dir='ltr'>tam</span> <span class='ocrx_word' id='word_1_193' title='bbox 320 2103 373 2134; x_wconf 79' lang='lat' dir='ltr'>vel</span> <span class='ocrx_word' id='word_1_194' title='bbox 389 2102 563 2144; x_wconf 86' lang='lat' dir='ltr'>profanam</span> <span class='ocrx_word' id='word_1_195' title='bbox 577 2112 653 2135; x_wconf 83' lang='lat' dir='ltr'>esse</span> <span class='ocrx_word' id='word_1_196' title='bbox 669 2110 861 2144; x_wconf 84' lang='lat' dir='ltr'>censerent,</span> <span class='ocrx_word' id='word_1_197' title='bbox 875 2105 937 2137; x_wconf 88' lang='lat' dir='ltr'>sed</span> 
     </span>
     <span class='ocr_line' id='line_1_38' title="bbox 237 2151 938 2196; baseline 0.006 -13"><span class='ocrx_word' id='word_1_198' title='bbox 237 2161 280 2184; x_wconf 89' lang='lat' dir='ltr'>ne</span> <span class='ocrx_word' id='word_1_199' title='bbox 295 2154 305 2171; x_wconf 88' lang='lat'>‘</span> <span class='ocrx_word' id='word_1_200' title='bbox 317 2151 412 2185; x_wconf 84' lang='lat' dir='ltr'>fibris</span> <span class='ocrx_word' id='word_1_201' title='bbox 428 2153 598 2185; x_wconf 85' lang='lat' dir='ltr'>increscat</span> <span class='ocrx_word' id='word_1_202' title='bbox 614 2153 764 2194; x_wconf 88' lang='lat' dir='ltr'>opimum</span> <span class='ocrx_word' id='word_1_203' title='bbox 782 2155 938 2196; x_wconf 84' lang='lat' dir='ltr'>Pingue,&#39;</span> 
     </span>
     <span class='ocr_line' id='line_1_39' title="bbox 239 2203 938 2237; baseline 0.006 -4"><span class='ocrx_word' id='word_1_204' title='bbox 239 2203 290 2234; x_wconf 87' lang='lat' dir='ltr'>ait</span> <span class='ocrx_word' id='word_1_205' title='bbox 318 2203 416 2236; x_wconf 84' lang='lat' dir='ltr'>Pers.</span> <span class='ocrx_word' id='word_1_206' title='bbox 441 2203 515 2235; x_wconf 84' lang='lat' dir='ltr'>Sat.</span> <span class='ocrx_word' id='word_1_207' title='bbox 529 2212 585 2235; x_wconf 82' lang='grc' dir='ltr'>ιιι.</span> <span class='ocrx_word' id='word_1_208' title='bbox 629 2203 684 2234; x_wconf 88' lang='lat' dir='ltr'>Sic</span> <span class='ocrx_word' id='word_1_209' title='bbox 709 2204 799 2235; x_wconf 91' lang='lat' dir='ltr'>enim</span> <span class='ocrx_word' id='word_1_210' title='bbox 815 2209 938 2237; x_wconf 82' lang='lat' dir='ltr'>cavent</span> 
     </span>
     <span class='ocr_line' id='line_1_40' title="bbox 238 2251 936 2294; baseline 0.007 -11"><span class='ocrx_word' id='word_1_211' title='bbox 238 2254 248 2270; x_wconf 89' lang='lat'>‘</span> <span class='ocrx_word' id='word_1_212' title='bbox 260 2251 410 2294; x_wconf 84' lang='lat' dir='ltr'>affligere</span> <span class='ocrx_word' id='word_1_213' title='bbox 423 2253 515 2284; x_wconf 90' lang='lat' dir='ltr'>humi</span> <span class='ocrx_word' id='word_1_214' title='bbox 526 2253 652 2285; x_wconf 84' lang='lat' dir='ltr'>divinae</span> <span class='ocrx_word' id='word_1_215' title='bbox 667 2255 865 2293; x_wconf 87' lang='lat' dir='ltr'>particulam</span> <span class='ocrx_word' id='word_1_216' title='bbox 878 2266 936 2288; x_wconf 83' lang='lat' dir='ltr'>au-</span> 
     </span>
     <span class='ocr_line' id='line_1_41' title="bbox 239 2302 937 2346; baseline 0.006 -12"><span class='ocrx_word' id='word_1_217' title='bbox 239 2302 312 2335; x_wconf 60' lang='grc' dir='ltr'>νει».1</span> <span class='ocrx_word' id='word_1_218' title='bbox 352 2303 470 2344; x_wconf 83' lang='lat' dir='ltr'>Atque</span> <span class='ocrx_word' id='word_1_219' title='bbox 505 2303 555 2335; x_wconf 83' lang='lat' dir='ltr'>ita</span> <span class='ocrx_word' id='word_1_220' title='bbox 591 2303 778 2336; x_wconf 84' lang='lat' dir='ltr'>Plutarcho</span> <span class='ocrx_word' id='word_1_221' title='bbox 819 2306 937 2346; x_wconf 85' lang='lat' dir='ltr'>placet</span> 
     </span>
     <span class='ocr_line' id='line_1_42' title="bbox 238 2352 935 2394; baseline 0.006 -11"><span class='ocrx_word' id='word_1_222' title='bbox 238 2352 307 2394; x_wconf 73' lang='grc' dir='ltr'>περὶ</span> <span class='ocrx_word' id='word_1_223' title='bbox 342 2352 467 2386; x_wconf 81' lang='grc' dir='ltr'><strong><em>Ἴσιδος.</em></strong></span> <span class='ocrx_word' id='word_1_224' title='bbox 517 2354 642 2386; x_wconf 81' lang='lat' dir='ltr'>Morell.</span> <span class='ocrx_word' id='word_1_225' title='bbox 687 2353 777 2386; x_wconf 86' lang='lat' dir='ltr'>Vide</span> <span class='ocrx_word' id='word_1_226' title='bbox 802 2355 935 2387; x_wconf 86' lang='lat' dir='ltr'>Herod.</span> 
     </span>
     <span class='ocr_line' id='line_1_43' title="bbox 237 2402 935 2443; baseline 0.004 -10"><span class='ocrx_word' id='word_1_227' title='bbox 237 2402 342 2434; x_wconf 87' lang='lat' dir='ltr'>Diod.</span> <span class='ocrx_word' id='word_1_228' title='bbox 353 2402 444 2434; x_wconf 83' lang='lat' dir='ltr'>Plin.</span> <span class='ocrx_word' id='word_1_229' title='bbox 461 2402 553 2435; x_wconf 86' lang='lat' dir='ltr'>Frid.</span> <span class='ocrx_word' id='word_1_230' title='bbox 569 2402 778 2443; x_wconf 81' lang='lat' dir='ltr'>Lindebrog.</span> <span class='ocrx_word' id='word_1_231' title='bbox 796 2404 837 2435; x_wconf 89' lang='lat' dir='ltr'>ad</span> <span class='ocrx_word' id='word_1_232' title='bbox 854 2403 935 2436; x_wconf 88' lang='lat' dir='ltr'>Am-</span> 
     </span>
     <span class='ocr_line' id='line_1_44' title="bbox 239 2452 936 2486; baseline 0.006 -4"><span class='ocrx_word' id='word_1_233' title='bbox 239 2452 340 2483; x_wconf 82' lang='lat' dir='ltr'>mian.</span> <span class='ocrx_word' id='word_1_234' title='bbox 357 2452 415 2484; x_wconf 90' lang='lat' dir='ltr'>lib.</span> <span class='ocrx_word' id='word_1_235' title='bbox 427 2461 525 2484; x_wconf 86' lang='lat' dir='ltr'>xxn.</span> <span class='ocrx_word' id='word_1_236' title='bbox 540 2452 767 2486; x_wconf 86' lang='lat' dir='ltr'>Joh.Selden.</span> <span class='ocrx_word' id='word_1_237' title='bbox 791 2455 848 2486; x_wconf 91' lang='lat' dir='ltr'>De</span> <span class='ocrx_word' id='word_1_238' title='bbox 861 2454 936 2486; x_wconf 89' lang='lat' dir='ltr'>Diis</span> 
     </span>
     <span class='ocr_line' id='line_1_45' title="bbox 238 2502 664 2543; baseline 0.005 -11"><span class='ocrx_word' id='word_1_239' title='bbox 238 2503 332 2542; x_wconf 80' lang='lat' dir='ltr'>Syris</span> <span class='ocrx_word' id='word_1_240' title='bbox 350 2502 409 2533; x_wconf 89' lang='lat' dir='ltr'>lib.</span> <span class='ocrx_word' id='word_1_241' title='bbox 424 2511 449 2534; x_wconf 85' lang='lat' dir='ltr'>r.</span> <span class='ocrx_word' id='word_1_242' title='bbox 465 2511 540 2543; x_wconf 87' lang='lat' dir='ltr'>cap.</span> <span class='ocrx_word' id='word_1_243' title='bbox 551 2506 583 2534; x_wconf 83' lang='grc'>4.</span> <span class='ocrx_word' id='word_1_244' title='bbox 599 2504 664 2534; x_wconf 84' lang='lat' dir='ltr'>&amp;c.</span> 
     </span>
    </p>

    <p class='ocr_par' dir='ltr' id='par_1_10' title="bbox 238 2552 937 2847">
     <span class='ocr_line' id='line_1_46' title="bbox 244 2552 935 2595; baseline 0.007 -14"><span class='ocrx_word' id='word_1_245' title='bbox 244 2572 247 2573; x_wconf 25' lang='grc' dir='ltr'><em>ν</em></span> <span class='ocrx_word' id='word_1_246' title='bbox 281 2554 342 2582; x_wconf 84' lang='grc'>117</span> <span class='ocrx_word' id='word_1_247' title='bbox 365 2552 419 2583; x_wconf 78' lang='lat' dir='ltr'>Ad</span> <span class='ocrx_word' id='word_1_248' title='bbox 433 2562 538 2584; x_wconf 71' lang='lat' dir='ltr'>manea</span> <span class='ocrx_word' id='word_1_249' title='bbox 548 2553 740 2595; x_wconf 72' lang='lat' dir='ltr'>AEmathios]</span> <span class='ocrx_word' id='word_1_250' title='bbox 753 2552 808 2585; x_wconf 90' lang='lat' dir='ltr'>Ad</span> <span class='ocrx_word' id='word_1_251' title='bbox 824 2558 935 2586; x_wconf 90' lang='lat' dir='ltr'>tumu-</span> 
     </span>
     <span class='ocr_line' id='line_1_47' title="bbox 239 2601 936 2642; baseline 0.007 -12"><span class='ocrx_word' id='word_1_252' title='bbox 239 2601 306 2631; x_wconf 85' lang='lat' dir='ltr'>lum</span> <span class='ocrx_word' id='word_1_253' title='bbox 323 2601 457 2642; x_wconf 87' lang='lat' dir='ltr'>quidem</span> <span class='ocrx_word' id='word_1_254' title='bbox 472 2601 714 2635; x_wconf 82' lang='lat' dir='ltr'>Alexandriae:</span> <span class='ocrx_word' id='word_1_255' title='bbox 737 2613 815 2634; x_wconf 85' lang='lat' dir='ltr'>nam</span> <span class='ocrx_word' id='word_1_256' title='bbox 831 2603 866 2634; x_wconf 92' lang='lat' dir='ltr'>in</span> <span class='ocrx_word' id='word_1_257' title='bbox 880 2613 936 2635; x_wconf 86' lang='lat' dir='ltr'>ur-</span> 
     </span>
     <span class='ocr_line' id='line_1_48' title="bbox 239 2651 936 2696; baseline 0.006 -14"><span class='ocrx_word' id='word_1_258' title='bbox 239 2651 283 2682; x_wconf 88' lang='lat' dir='ltr'>be</span> <span class='ocrx_word' id='word_1_259' title='bbox 301 2651 486 2683; x_wconf 81' lang='lat' dir='ltr'>Alexandri</span> <span class='ocrx_word' id='word_1_260' title='bbox 510 2653 674 2684; x_wconf 80' lang='lat' dir='ltr'>circuitus</span> <span class='ocrx_word' id='word_1_261' title='bbox 697 2653 833 2695; x_wconf 86' lang='lat' dir='ltr'>quidam</span> <span class='ocrx_word' id='word_1_262' title='bbox 849 2659 936 2696; x_wconf 88' lang='lat' dir='ltr'>erat,</span> 
     </span>
     <span class='ocr_line' id='line_1_49' title="bbox 238 2704 936 2745; baseline 0.004 -11"><span class='ocrx_word' id='word_1_263' title='bbox 238 2704 272 2734; x_wconf 87' lang='lat' dir='ltr'>in</span> <span class='ocrx_word' id='word_1_264' title='bbox 286 2712 353 2744; x_wconf 90' lang='lat' dir='ltr'>quo</span> <span class='ocrx_word' id='word_1_265' title='bbox 369 2712 485 2742; x_wconf 80' lang='lat' dir='ltr'>regum</span> <span class='ocrx_word' id='word_1_266' title='bbox 501 2704 677 2745; x_wconf 82' lang='lat' dir='ltr'>sepultura</span> <span class='ocrx_word' id='word_1_267' title='bbox 690 2709 766 2736; x_wconf 84' lang='lat' dir='ltr'>erat</span> <span class='ocrx_word' id='word_1_268' title='bbox 781 2709 816 2736; x_wconf 91' lang='lat' dir='ltr'>et</span> <span class='ocrx_word' id='word_1_269' title='bbox 832 2705 936 2737; x_wconf 90' lang='lat' dir='ltr'>Alex-</span> 
     </span>
     <span class='ocr_line' id='line_1_50' title="bbox 240 2753 936 2788; baseline 0.007 -5"><span class='ocrx_word' id='word_1_270' title='bbox 240 2753 348 2784; x_wconf 82' lang='lat' dir='ltr'>andri.</span> <span class='ocrx_word' id='word_1_271' title='bbox 391 2754 478 2784; x_wconf 81' lang='lat' dir='ltr'>Nam</span> <span class='ocrx_word' id='word_1_272' title='bbox 513 2754 721 2786; x_wconf 79' lang='lat' dir='ltr'>Ptolemaeus</span> <span class='ocrx_word' id='word_1_273' title='bbox 751 2755 813 2787; x_wconf 83' lang='lat' dir='ltr'>Lai</span> <span class='ocrx_word' id='word_1_274' title='bbox 847 2755 936 2788; x_wconf 80' lang='lat' dir='ltr'>filius</span> 
     </span>
     <span class='ocr_line' id='line_1_51' title="bbox 243 2803 937 2847; baseline 0.004 -11"><span class='ocrx_word' id='word_1_275' title='bbox 243 2803 426 2836; x_wconf 73' lang='lat' dir='ltr'>Alexandri</span> <span class='ocrx_word' id='word_1_276' title='bbox 452 2813 575 2845; x_wconf 75' lang='lat' dir='ltr'>corpus</span> <span class='ocrx_word' id='word_1_277' title='bbox 597 2804 755 2837; x_wconf 80' lang='lat' dir='ltr'>Perdicae</span> <span class='ocrx_word' id='word_1_278' title='bbox 781 2805 937 2847; x_wconf 84' lang='lat' dir='ltr'>abstulit,</span> 
     </span>
    </p>
   </div>
   <div class='ocr_carea' id='block_1_7' title="bbox 708 247 1231 280">
    <p class='ocr_par' dir='ltr' id='par_1_11' title="bbox 708 247 1231 280">
     <span class='ocr_line' id='line_1_52' title="bbox 708 247 1231 280; baseline 0.004 -3"><span class='ocrx_word' id='word_1_279' title='bbox 708 247 849 278; x_wconf 86' lang='lat' dir='ltr'>NOTAE</span> <span class='ocrx_word' id='word_1_280' title='bbox 882 247 1105 280; x_wconf 79' lang='lat' dir='ltr'>vARtoRU</span> <span class='ocrx_word' id='word_1_281' title='bbox 1114 250 1145 278; x_wconf 88' lang='lat' dir='ltr'><strong>M</strong></span> <span class='ocrx_word' id='word_1_282' title='bbox 1179 249 1231 279; x_wconf 85' lang='grc' dir='ltr'>ΙΝ</span> 
     </span>
    </p>
   </div>
   <div class='ocr_carea' id='block_1_8' title="bbox 987 341 1689 886">
    <p class='ocr_par' dir='ltr' id='par_1_12' title="bbox 987 341 1689 725">
     <span class='ocr_line' id='line_1_53' title="bbox 990 341 1689 384; baseline 0.007 -12"><span class='ocrx_word' id='word_1_283' title='bbox 990 341 1046 383; x_wconf 88' lang='lat' dir='ltr'>qni</span> <span class='ocrx_word' id='word_1_284' title='bbox 1062 351 1105 374; x_wconf 84' lang='lat' dir='ltr'>ex</span> <span class='ocrx_word' id='word_1_285' title='bbox 1128 342 1302 384; x_wconf 75' lang='lat' dir='ltr'>Babylone</span> <span class='ocrx_word' id='word_1_286' title='bbox 1323 342 1502 376; x_wconf 79' lang='lat' dir='ltr'>deferebat</span> <span class='ocrx_word' id='word_1_287' title='bbox 1515 353 1526 376; x_wconf 75' lang='lat' dir='ltr'><strong><em>z</em></strong></span> <span class='ocrx_word' id='word_1_288' title='bbox 1539 343 1689 382; x_wconf 64' lang='lat' dir='ltr'>‚detulit-</span> 
     </span>
     <span class='ocr_line' id='line_1_54' title="bbox 990 384 1689 435; baseline 0.007 -13"><span class='ocrx_word' id='word_1_289' title='bbox 990 400 1056 432; x_wconf 87' lang='lat' dir='ltr'>que</span> <span class='ocrx_word' id='word_1_290' title='bbox 1086 391 1338 433; x_wconf 79' lang='lat' dir='ltr'>Alexandriam,</span> <span class='ocrx_word' id='word_1_291' title='bbox 1361 384 1464 435; x_wconf 58' lang='lat' dir='ltr'>*eique</span> <span class='ocrx_word' id='word_1_292' title='bbox 1493 394 1689 435; x_wconf 76' lang='lat' dir='ltr'>parentavit</span> 
     </span>
     <span class='ocr_line' id='line_1_55' title="bbox 991 442 1688 485; baseline 0.006 -12"><span class='ocrx_word' id='word_1_293' title='bbox 991 443 1083 482; x_wconf 80' lang='lat' dir='ltr'>prius</span> <span class='ocrx_word' id='word_1_294' title='bbox 1102 442 1136 474; x_wconf 87' lang='lat' dir='ltr'>iu</span> <span class='ocrx_word' id='word_1_295' title='bbox 1148 452 1250 474; x_wconf 90' lang='lat' dir='ltr'>aureo</span> <span class='ocrx_word' id='word_1_296' title='bbox 1266 443 1418 475; x_wconf 81' lang='lat' dir='ltr'>alveolo:</span> <span class='ocrx_word' id='word_1_297' title='bbox 1443 452 1543 485; x_wconf 79' lang='lat' dir='ltr'>quem</span> <span class='ocrx_word' id='word_1_298' title='bbox 1558 444 1688 479; x_wconf 65' lang='lat' dir='ltr'>Coeus</span> 
     </span>
     <span class='ocr_line' id='line_1_56' title="bbox 993 490 1689 534; baseline 0.004 -11"><span class='ocrx_word' id='word_1_299' title='bbox 993 493 1101 525; x_wconf 84' lang='lat' dir='ltr'>vitreo</span> <span class='ocrx_word' id='word_1_300' title='bbox 1117 493 1294 534; x_wconf 83' lang='lat' dir='ltr'>supposito</span> <span class='ocrx_word' id='word_1_301' title='bbox 1309 493 1438 534; x_wconf 79' lang='lat' dir='ltr'>rapuit,</span> <span class='ocrx_word' id='word_1_302' title='bbox 1453 490 1492 526; x_wconf 83' lang='lat' dir='ltr'>u‘t</span> <span class='ocrx_word' id='word_1_303' title='bbox 1506 498 1587 526; x_wconf 81' lang='lat' dir='ltr'>ante</span> <span class='ocrx_word' id='word_1_304' title='bbox 1598 493 1689 527; x_wconf 82' lang='lat' dir='ltr'>dixi·</span> 
     </span>
     <span class='ocr_line' id='line_1_57' title="bbox 989 543 1687 586; baseline 0.003 -12"><span class='ocrx_word' id='word_1_305' title='bbox 989 552 1076 575; x_wconf 83' lang='lat' dir='ltr'>mus.</span> <span class='ocrx_word' id='word_1_306' title='bbox 1106 543 1179 575; x_wconf 85' lang='lat' dir='ltr'>Duc</span> <span class='ocrx_word' id='word_1_307' title='bbox 1189 545 1229 575; x_wconf 81' lang='lat' dir='ltr'>ad</span> <span class='ocrx_word' id='word_1_308' title='bbox 1238 544 1415 576; x_wconf 72' lang='lat' dir='ltr'>AEmathioo</span> <span class='ocrx_word' id='word_1_309' title='bbox 1428 545 1550 586; x_wconf 71' lang='lat' dir='ltr'>manes]</span> <span class='ocrx_word' id='word_1_310' title='bbox 1573 543 1687 578; x_wconf 67' lang='lat' dir='ltr'>Iden</span> 
     </span>
     <span class='ocr_line' id='line_1_58' title="bbox 990 592 1688 636; baseline 0.004 -12"><span class='ocrx_word' id='word_1_311' title='bbox 990 593 1024 624; x_wconf 88' lang='lat' dir='ltr'>iu</span> <span class='ocrx_word' id='word_1_312' title='bbox 1038 592 1294 634; x_wconf 78' lang='lat' dir='ltr'>Alexandriam,</span> <span class='ocrx_word' id='word_1_313' title='bbox 1307 594 1365 626; x_wconf 89' lang='lat' dir='ltr'>ubi</span> <span class='ocrx_word' id='word_1_314' title='bbox 1381 599 1436 626; x_wconf 81' lang='lat' dir='ltr'>est</span> <span class='ocrx_word' id='word_1_315' title='bbox 1451 603 1575 636; x_wconf 83' lang='lat' dir='ltr'>corpus</span> <span class='ocrx_word' id='word_1_316' title='bbox 1585 593 1688 627; x_wconf 69' lang='lat' dir='ltr'>Alex-</span> 
     </span>
     <span class='ocr_line' id='line_1_59' title="bbox 989 642 1689 678; baseline 0.003 -4"><span class='ocrx_word' id='word_1_317' title='bbox 989 642 1086 675; x_wconf 87' lang='lat' dir='ltr'>andri</span> <span class='ocrx_word' id='word_1_318' title='bbox 1103 644 1265 676; x_wconf 84' lang='lat' dir='ltr'>AEmathii</span> <span class='ocrx_word' id='word_1_319' title='bbox 1284 653 1346 676; x_wconf 88' lang='lat' dir='ltr'>seu</span> <span class='ocrx_word' id='word_1_320' title='bbox 1367 644 1689 678; x_wconf 73' lang='lat' dir='ltr'>Macedonici..Do-</span> 
     </span>
     <span class='ocr_line' id='line_1_60' title="bbox 987 693 1058 725; baseline -0.014 0"><span class='ocrx_word' id='word_1_321' title='bbox 987 693 1058 725; x_wconf 76' lang='lat' dir='ltr'>mit.</span> 
     </span>
    </p>

    <p class='ocr_par' dir='ltr' id='par_1_13' title="bbox 991 743 1688 886">
     <span class='ocr_line' id='line_1_61' title="bbox 1034 743 1684 787; baseline 0.003 -11"><span class='ocrx_word' id='word_1_322' title='bbox 1034 746 1097 776; x_wconf 80' lang='lat'>119</span> <span class='ocrx_word' id='word_1_323' title='bbox 1128 743 1397 787; x_wconf 57' lang='lat' dir='ltr'>Angutfermnque</span> <span class='ocrx_word' id='word_1_324' title='bbox 1421 744 1559 787; x_wconf 71' lang='lat' dir='ltr'>dmm]</span> <span class='ocrx_word' id='word_1_325' title='bbox 1590 746 1684 786; x_wconf 80' lang='lat' dir='ltr'>Duc,</span> 
     </span>
     <span class='ocr_line' id='line_1_62' title="bbox 991 793 1688 836; baseline 0.004 -11"><span class='ocrx_word' id='word_1_326' title='bbox 991 793 1115 836; x_wconf 85' lang='lat' dir='ltr'>inquit,</span> <span class='ocrx_word' id='word_1_327' title='bbox 1144 805 1165 826; x_wconf 89' lang='grc' dir='ltr'><strong>ο</strong></span> <span class='ocrx_word' id='word_1_328' title='bbox 1191 796 1238 827; x_wconf 84' lang='lat' dir='ltr'>lsi</span> <span class='ocrx_word' id='word_1_329' title='bbox 1258 796 1405 828; x_wconf 84' lang='lat' dir='ltr'>Metium</span> <span class='ocrx_word' id='word_1_330' title='bbox 1430 795 1534 827; x_wconf 80' lang='lat' dir='ltr'>etlam</span> <span class='ocrx_word' id='word_1_331' title='bbox 1556 795 1688 828; x_wconf 75' lang='lat' dir='ltr'>Necro-</span> 
     </span>
     <span class='ocr_line' id='line_1_63' title="bbox 993 845 1687 886; baseline 0.004 -10"><span class='ocrx_word' id='word_1_332' title='bbox 993 845 1117 885; x_wconf 83' lang='lat' dir='ltr'>polim:</span> <span class='ocrx_word' id='word_1_333' title='bbox 1143 845 1200 877; x_wconf 88' lang='lat' dir='ltr'>ubi</span> <span class='ocrx_word' id='word_1_334' title='bbox 1227 845 1392 886; x_wconf 81' lang='lat' dir='ltr'>anguibus</span> <span class='ocrx_word' id='word_1_335' title='bbox 1414 845 1687 879; x_wconf 52' lang='lat' dir='ltr'>extimarem·</span> 
     </span>
    </p>
   </div>
   <div class='ocr_carea' id='block_1_9' title="bbox 993 892 1747 937">
    <p class='ocr_par' dir='ltr' id='par_1_14' title="bbox 993 892 1747 937">
     <span class='ocr_line' id='line_1_64' title="bbox 993 892 1747 937; baseline 0 -11"><span class='ocrx_word' id='word_1_336' title='bbox 993 899 1106 935; x_wconf 83' lang='lat' dir='ltr'>patra.</span> <span class='ocrx_word' id='word_1_337' title='bbox 1155 895 1280 927; x_wconf 74' lang='lat' dir='ltr'>Blando</span> <span class='ocrx_word' id='word_1_338' title='bbox 1311 895 1442 937; x_wconf 74' lang='lat' dir='ltr'>veneno]</span> <span class='ocrx_word' id='word_1_339' title='bbox 1478 896 1592 928; x_wconf 68' lang='lat' dir='ltr'>Locus</span> <span class='ocrx_word' id='word_1_340' title='bbox 1612 895 1688 928; x_wconf 77' lang='lat' dir='ltr'>dis·</span> <span class='ocrx_word' id='word_1_341' title='bbox 1740 892 1747 895; x_wconf 68' lang='grc'><strong>“</strong></span> 
     </span>
    </p>
   </div>
   <div class='ocr_carea' id='block_1_10' title="bbox 991 944 1689 1138">
    <p class='ocr_par' dir='ltr' id='par_1_15' title="bbox 991 944 1689 1138">
     <span class='ocr_line' id='line_1_65' title="bbox 993 944 1688 985; baseline 0.006 -10"><span class='ocrx_word' id='word_1_342' title='bbox 993 948 1046 975; x_wconf 90' lang='lat' dir='ltr'>tat</span> <span class='ocrx_word' id='word_1_343' title='bbox 1074 944 1116 976; x_wconf 81' lang='lat' dir='ltr'>ab</span> <span class='ocrx_word' id='word_1_344' title='bbox 1141 944 1352 977; x_wconf 78' lang='lat' dir='ltr'>Alexandria</span> <span class='ocrx_word' id='word_1_345' title='bbox 1377 947 1434 977; x_wconf 72' lang='lat'>31).</span> <span class='ocrx_word' id='word_1_346' title='bbox 1468 944 1603 985; x_wconf 65' lang='lat' dir='ltr'>stadiis,</span> <span class='ocrx_word' id='word_1_347' title='bbox 1628 944 1688 979; x_wconf 72' lang='lat' dir='ltr'>nbi</span> 
     </span>
     <span class='ocr_line' id='line_1_66' title="bbox 993 994 1686 1037; baseline 0 -10"><span class='ocrx_word' id='word_1_348' title='bbox 993 995 1179 1036; x_wconf 83' lang='lat' dir='ltr'>Cleopatra</span> <span class='ocrx_word' id='word_1_349' title='bbox 1207 996 1262 1027; x_wconf 86' lang='lat' dir='ltr'>vel</span> <span class='ocrx_word' id='word_1_350' title='bbox 1284 994 1413 1037; x_wconf 81' lang='lat' dir='ltr'>aspidis</span> <span class='ocrx_word' id='word_1_351' title='bbox 1440 995 1686 1037; x_wconf 48' lang='lat' dir='ltr'>morsusquod</span> 
     </span>
     <span class='ocr_line' id='line_1_67' title="bbox 992 1044 1686 1085; baseline 0.004 -9"><span class='ocrx_word' id='word_1_352' title='bbox 992 1045 1125 1077; x_wconf 86' lang='lat' dir='ltr'>Plutar.</span> <span class='ocrx_word' id='word_1_353' title='bbox 1149 1044 1268 1085; x_wconf 82' lang='lat' dir='ltr'>refert,</span> <span class='ocrx_word' id='word_1_354' title='bbox 1288 1046 1343 1078; x_wconf 85' lang='lat' dir='ltr'>vel</span> <span class='ocrx_word' id='word_1_355' title='bbox 1363 1045 1570 1078; x_wconf 85' lang='lat' dir='ltr'>delibutorio</span> <span class='ocrx_word' id='word_1_356' title='bbox 1586 1054 1686 1079; x_wconf 76' lang='lat' dir='ltr'>vene-</span> 
     </span>
     <span class='ocr_line' id='line_1_68' title="bbox 991 1095 1689 1138; baseline 0.004 -11"><span class='ocrx_word' id='word_1_357' title='bbox 991 1105 1047 1133; x_wconf 82' lang='lat' dir='ltr'>no,</span> <span class='ocrx_word' id='word_1_358' title='bbox 1072 1096 1163 1138; x_wconf 84' lang='lat' dir='ltr'>quod</span> <span class='ocrx_word' id='word_1_359' title='bbox 1188 1095 1313 1128; x_wconf 86' lang='lat' dir='ltr'>Strabo</span> <span class='ocrx_word' id='word_1_360' title='bbox 1336 1095 1445 1128; x_wconf 86' lang='lat' dir='ltr'>tradit</span> <span class='ocrx_word' id='word_1_361' title='bbox 1470 1105 1514 1128; x_wconf 85' lang='lat' dir='ltr'>ex</span> <span class='ocrx_word' id='word_1_362' title='bbox 1541 1104 1689 1136; x_wconf 73' lang='lat' dir='ltr'>quorun·</span> 
     </span>
    </p>
   </div>
   <div class='ocr_carea' id='block_1_11' title="bbox 991 1145 1693 1188">
    <p class='ocr_par' dir='ltr' id='par_1_16' title="bbox 991 1145 1693 1188">
     <span class='ocr_line' id='line_1_69' title="bbox 991 1145 1693 1188; baseline 0.004 -12"><span class='ocrx_word' id='word_1_363' title='bbox 991 1148 1068 1177; x_wconf 85' lang='lat' dir='ltr'>dam</span> <span class='ocrx_word' id='word_1_364' title='bbox 1084 1145 1266 1185; x_wconf 87' lang='lat' dir='ltr'>sententia,</span> <span class='ocrx_word' id='word_1_365' title='bbox 1279 1155 1316 1177; x_wconf 84' lang='lat' dir='ltr'>se</span> <span class='ocrx_word' id='word_1_366' title='bbox 1331 1145 1518 1179; x_wconf 80' lang='lat' dir='ltr'>necavitin</span> <span class='ocrx_word' id='word_1_367' title='bbox 1533 1145 1693 1188; x_wconf 58' lang='lat' dir='ltr'>vinealia.</span> 
     </span>
    </p>
   </div>
   <div class='ocr_carea' id='block_1_12' title="bbox 989 1192 1688 1636">
    <p class='ocr_par' dir='ltr' id='par_1_17' title="bbox 989 1192 1688 1587">
     <span class='ocr_line' id='line_1_70' title="bbox 989 1192 1687 1241; baseline -0.001 -13"><span class='ocrx_word' id='word_1_368' title='bbox 989 1195 1116 1236; x_wconf 76' lang='lat' dir='ltr'>Actias]</span> <span class='ocrx_word' id='word_1_369' title='bbox 1129 1195 1404 1237; x_wconf 85' lang='lat' dir='ltr'>Patronymicnm</span> <span class='ocrx_word' id='word_1_370' title='bbox 1415 1192 1612 1241; x_wconf 59' lang='lat' dir='ltr'>affectatum</span> <span class='ocrx_word' id='word_1_371' title='bbox 1623 1202 1687 1236; x_wconf 65' lang='lat' dir='ltr'>pro</span> 
     </span>
     <span class='ocr_line' id='line_1_71' title="bbox 991 1244 1687 1287; baseline 0.001 -10"><span class='ocrx_word' id='word_1_372' title='bbox 991 1246 1179 1287; x_wconf 86' lang='lat' dir='ltr'>Cleopatra</span> <span class='ocrx_word' id='word_1_373' title='bbox 1202 1255 1279 1287; x_wconf 78' lang='lat' dir='ltr'>quae</span> <span class='ocrx_word' id='word_1_374' title='bbox 1303 1245 1346 1277; x_wconf 89' lang='lat' dir='ltr'>ad</span> <span class='ocrx_word' id='word_1_375' title='bbox 1369 1244 1508 1277; x_wconf 80' lang='lat' dir='ltr'>Actium</span> <span class='ocrx_word' id='word_1_376' title='bbox 1526 1245 1619 1278; x_wconf 68' lang='lat' dir='ltr'>victa</span> <span class='ocrx_word' id='word_1_377' title='bbox 1633 1244 1687 1278; x_wconf 75' lang='lat' dir='ltr'>fu-</span> 
     </span>
     <span class='ocr_line' id='line_1_72' title="bbox 990 1294 1687 1336; baseline 0 -8"><span class='ocrx_word' id='word_1_378' title='bbox 990 1301 1076 1329; x_wconf 85' lang='lat' dir='ltr'>erat.</span> <span class='ocrx_word' id='word_1_379' title='bbox 1116 1295 1275 1328; x_wconf 69' lang='lat' dir='ltr'>Ausonias</span> <span class='ocrx_word' id='word_1_380' title='bbox 1296 1294 1437 1336; x_wconf 72' lang='lat' dir='ltr'>catenas]</span> <span class='ocrx_word' id='word_1_381' title='bbox 1461 1294 1551 1327; x_wconf 81' lang='lat' dir='ltr'>Nam</span> <span class='ocrx_word' id='word_1_382' title='bbox 1573 1304 1611 1327; x_wconf 85' lang='lat' dir='ltr'>se</span> <span class='ocrx_word' id='word_1_383' title='bbox 1635 1294 1687 1328; x_wconf 80' lang='lat' dir='ltr'>in-</span> 
     </span>
     <span class='ocr_line' id='line_1_73' title="bbox 991 1344 1688 1387; baseline -0.004 -8"><span class='ocrx_word' id='word_1_384' title='bbox 991 1346 1142 1383; x_wconf 80' lang='lat' dir='ltr'>terfecit,</span> <span class='ocrx_word' id='word_1_385' title='bbox 1172 1356 1216 1378; x_wconf 89' lang='lat' dir='ltr'>ne</span> <span class='ocrx_word' id='word_1_386' title='bbox 1243 1346 1276 1377; x_wconf 92' lang='lat' dir='ltr'>iu</span> <span class='ocrx_word' id='word_1_387' title='bbox 1307 1350 1517 1387; x_wconf 83' lang='lat' dir='ltr'>potestatem</span> <span class='ocrx_word' id='word_1_388' title='bbox 1539 1344 1688 1386; x_wconf 66' lang='lat' dir='ltr'>Augusti</span> 
     </span>
     <span class='ocr_line' id='line_1_74' title="bbox 989 1395 1687 1436; baseline -0.003 -8"><span class='ocrx_word' id='word_1_389' title='bbox 989 1396 1137 1429; x_wconf 86' lang='lat' dir='ltr'>veniret.</span> <span class='ocrx_word' id='word_1_390' title='bbox 1182 1397 1319 1428; x_wconf 67' lang='lat' dir='ltr'>Cotem:</span> <span class='ocrx_word' id='word_1_391' title='bbox 1336 1395 1437 1436; x_wconf 79' lang='lat' dir='ltr'>dixit,</span> <span class='ocrx_word' id='word_1_392' title='bbox 1459 1395 1618 1436; x_wconf 82' lang='lat' dir='ltr'>quoniam</span> <span class='ocrx_word' id='word_1_393' title='bbox 1634 1403 1687 1426; x_wconf 77' lang='lat' dir='ltr'>re-</span> 
     </span>
     <span class='ocr_line' id='line_1_75' title="bbox 990 1444 1687 1487; baseline -0.003 -9"><span class='ocrx_word' id='word_1_394' title='bbox 990 1456 1068 1487; x_wconf 87' lang='lat' dir='ltr'>gum</span> <span class='ocrx_word' id='word_1_395' title='bbox 1100 1446 1234 1479; x_wconf 88' lang='lat' dir='ltr'>vincula</span> <span class='ocrx_word' id='word_1_396' title='bbox 1260 1450 1358 1477; x_wconf 87' lang='lat' dir='ltr'>erant</span> <span class='ocrx_word' id='word_1_397' title='bbox 1385 1450 1516 1478; x_wconf 61' lang='lat' dir='ltr'>catena!</span> <span class='ocrx_word' id='word_1_398' title='bbox 1550 1453 1570 1476; x_wconf 88' lang='lat' dir='ltr'>e</span> <span class='ocrx_word' id='word_1_399' title='bbox 1598 1444 1687 1485; x_wconf 84' lang='lat' dir='ltr'>collo</span> 
     </span>
     <span class='ocr_line' id='line_1_76' title="bbox 990 1494 1686 1541; baseline -0.001 -13"><span class='ocrx_word' id='word_1_400' title='bbox 990 1497 1178 1539; x_wconf 86' lang='lat' dir='ltr'>pendentes</span> <span class='ocrx_word' id='word_1_401' title='bbox 1193 1505 1269 1528; x_wconf 89' lang='lat' dir='ltr'>cum</span> <span class='ocrx_word' id='word_1_402' title='bbox 1285 1494 1497 1541; x_wconf 74' lang='lat' dir='ltr'>ducebantur</span> <span class='ocrx_word' id='word_1_403' title='bbox 1516 1494 1552 1526; x_wconf 88' lang='lat' dir='ltr'>in</span> <span class='ocrx_word' id='word_1_404' title='bbox 1567 1494 1686 1527; x_wconf 73' lang='lat' dir='ltr'>trium·</span> 
     </span>
     <span class='ocr_line' id='line_1_77' title="bbox 991 1546 1298 1587; baseline -0.003 -9"><span class='ocrx_word' id='word_1_405' title='bbox 991 1547 1105 1587; x_wconf 88' lang='lat' dir='ltr'>phum.</span> <span class='ocrx_word' id='word_1_406' title='bbox 1126 1546 1298 1579; x_wconf 74' lang='lat' dir='ltr'>Domitius.</span> 
     </span>
    </p>

    <p class='ocr_par' dir='ltr' id='par_1_18' title="bbox 1033 1594 1687 1636">
     <span class='ocr_line' id='line_1_78' title="bbox 1033 1594 1687 1636; baseline -0.003 -8"><span class='ocrx_word' id='word_1_407' title='bbox 1033 1599 1096 1628; x_wconf 84' lang='lat'>124</span> <span class='ocrx_word' id='word_1_408' title='bbox 1121 1597 1222 1629; x_wconf 73' lang='lat' dir='ltr'>Notus</span> <span class='ocrx_word' id='word_1_409' title='bbox 1243 1595 1344 1628; x_wconf 76' lang='lat' dir='ltr'>adhuc</span> <span class='ocrx_word' id='word_1_410' title='bbox 1368 1598 1503 1632; x_wconf 69' lang='lat' dir='ltr'>imam,</span> <span class='ocrx_word' id='word_1_411' title='bbox 1529 1594 1601 1636; x_wconf 59' lang='lat' dir='ltr'>elta]</span> <span class='ocrx_word' id='word_1_412' title='bbox 1630 1594 1687 1627; x_wconf 88' lang='lat' dir='ltr'>Ita</span> 
     </span>
    </p>
   </div>
   <div class='ocr_carea' id='block_1_13' title="bbox 990 1645 1689 1688">
    <p class='ocr_par' dir='ltr' id='par_1_19' title="bbox 990 1645 1689 1688">
     <span class='ocr_line' id='line_1_79' title="bbox 990 1645 1689 1688; baseline -0.007 -7"><span class='ocrx_word' id='word_1_413' title='bbox 990 1646 1093 1681; x_wconf 83' lang='lat' dir='ltr'>moris</span> <span class='ocrx_word' id='word_1_414' title='bbox 1109 1652 1183 1680; x_wconf 85' lang='lat' dir='ltr'>erat</span> <span class='ocrx_word' id='word_1_415' title='bbox 1194 1646 1238 1679; x_wconf 88' lang='lat' dir='ltr'>ab</span> <span class='ocrx_word' id='word_1_416' title='bbox 1250 1645 1440 1687; x_wconf 72' lang='lat' dir='ltr'>Augustino</span> <span class='ocrx_word' id='word_1_417' title='bbox 1455 1654 1542 1686; x_wconf 76' lang='lat' dir='ltr'>aevo,</span> <span class='ocrx_word' id='word_1_418' title='bbox 1553 1645 1610 1688; x_wconf 89' lang='lat' dir='ltr'>qui</span> <span class='ocrx_word' id='word_1_419' title='bbox 1626 1646 1637 1665; x_wconf 81' lang='lat'>⁶</span> <span class='ocrx_word' id='word_1_420' title='bbox 1650 1645 1689 1682; x_wconf 81' lang='lat' dir='ltr'>li·</span> 
     </span>
    </p>
   </div>
   <div class='ocr_carea' id='block_1_14' title="bbox 985 1694 1687 2243">
    <p class='ocr_par' dir='ltr' id='par_1_20' title="bbox 987 1694 1687 1930">
     <span class='ocr_line' id='line_1_80' title="bbox 990 1694 1685 1738; baseline -0.001 -9"><span class='ocrx_word' id='word_1_421' title='bbox 990 1699 1081 1730; x_wconf 84' lang='lat' dir='ltr'>beris</span> <span class='ocrx_word' id='word_1_422' title='bbox 1101 1698 1314 1737; x_wconf 87' lang='lat' dir='ltr'>Senatorum,</span> <span class='ocrx_word' id='word_1_423' title='bbox 1336 1705 1403 1738; x_wconf 85' lang='lat' dir='ltr'>quo</span> <span class='ocrx_word' id='word_1_424' title='bbox 1424 1696 1568 1730; x_wconf 77' lang='lat' dir='ltr'>celerius</span> <span class='ocrx_word' id='word_1_425' title='bbox 1582 1694 1685 1737; x_wconf 81' lang='lat' dir='ltr'>Reip.</span> 
     </span>
     <span class='ocr_line' id='line_1_81' title="bbox 990 1745 1687 1788; baseline -0.001 -9"><span class='ocrx_word' id='word_1_426' title='bbox 990 1748 1246 1788; x_wconf 78' lang='lat' dir='ltr'>adsuescerent,</span> <span class='ocrx_word' id='word_1_427' title='bbox 1262 1747 1417 1788; x_wconf 80' lang='lat' dir='ltr'>protinus</span> <span class='ocrx_word' id='word_1_428' title='bbox 1430 1745 1517 1779; x_wconf 83' lang='lat' dir='ltr'>virili</span> <span class='ocrx_word' id='word_1_429' title='bbox 1531 1750 1622 1787; x_wconf 74' lang='lat' dir='ltr'>togae</span> <span class='ocrx_word' id='word_1_430' title='bbox 1636 1747 1687 1780; x_wconf 86' lang='lat' dir='ltr'>la-</span> 
     </span>
     <span class='ocr_line' id='line_1_82' title="bbox 990 1796 1686 1838; baseline -0.001 -8"><span class='ocrx_word' id='word_1_431' title='bbox 990 1799 1196 1831; x_wconf 85' lang='lat' dir='ltr'>tumclavurn</span> <span class='ocrx_word' id='word_1_432' title='bbox 1216 1797 1370 1834; x_wconf 85' lang='lat' dir='ltr'>induere,</span> <span class='ocrx_word' id='word_1_433' title='bbox 1393 1800 1428 1829; x_wconf 87' lang='lat' dir='ltr'>et</span> <span class='ocrx_word' id='word_1_434' title='bbox 1452 1797 1556 1830; x_wconf 67' lang='lat' dir='ltr'>curin</span> <span class='ocrx_word' id='word_1_435' title='bbox 1571 1796 1686 1838; x_wconf 9' lang='lat' dir='ltr'>,inter-</span> 
     </span>
     <span class='ocr_line' id='line_1_83' title="bbox 987 1845 1686 1890; baseline -0.001 -11"><span class='ocrx_word' id='word_1_436' title='bbox 987 1858 1061 1880; x_wconf 82' lang='lat' dir='ltr'>esse</span> <span class='ocrx_word' id='word_1_437' title='bbox 1086 1846 1265 1890; x_wconf 80' lang='lat' dir='ltr'>permisit.&#39;</span> <span class='ocrx_word' id='word_1_438' title='bbox 1303 1846 1456 1881; x_wconf 22' lang='lat' dir='ltr'>*Consule</span> <span class='ocrx_word' id='word_1_439' title='bbox 1476 1845 1686 1881; x_wconf 70' lang='lat' dir='ltr'>Suetonium.</span> 
     </span>
     <span class='ocr_line' id='line_1_84' title="bbox 987 1898 1141 1930; baseline 0 0"><span class='ocrx_word' id='word_1_440' title='bbox 987 1898 1141 1930; x_wconf 77' lang='lat' dir='ltr'>Bemart.</span> 
     </span>
    </p>

    <p class='ocr_par' dir='ltr' id='par_1_21' title="bbox 985 1946 1685 2243">
     <span class='ocr_line' id='line_1_85' title="bbox 1031 1946 1685 1989; baseline -0.002 -9"><span class='ocrx_word' id='word_1_441' title='bbox 1031 1951 1095 1981; x_wconf 79' lang='lat'>136</span> <span class='ocrx_word' id='word_1_442' title='bbox 1117 1947 1254 1989; x_wconf 75' lang='lat' dir='ltr'>Bactra]</span> <span class='ocrx_word' id='word_1_443' title='bbox 1290 1946 1471 1985; x_wconf 74' lang='lat' dir='ltr'>Nar-rabis,</span> <span class='ocrx_word' id='word_1_444' title='bbox 1498 1946 1620 1988; x_wconf 75' lang='lat' dir='ltr'>inquit,</span> <span class='ocrx_word' id='word_1_445' title='bbox 1648 1951 1685 1979; x_wconf 88' lang='lat' dir='ltr'>et</span> 
     </span>
     <span class='ocr_line' id='line_1_86' title="bbox 986 1997 1684 2040; baseline -0.001 -8"><span class='ocrx_word' id='word_1_446' title='bbox 986 2000 1160 2032; x_wconf 82' lang='lat' dir='ltr'>describes</span> <span class='ocrx_word' id='word_1_447' title='bbox 1174 2000 1251 2031; x_wconf 85' lang='lat' dir='ltr'>loca</span> <span class='ocrx_word' id='word_1_448' title='bbox 1265 1998 1300 2030; x_wconf 90' lang='lat' dir='ltr'>in</span> <span class='ocrx_word' id='word_1_449' title='bbox 1312 1998 1432 2040; x_wconf 81' lang='lat' dir='ltr'>quibus</span> <span class='ocrx_word' id='word_1_450' title='bbox 1446 1997 1565 2030; x_wconf 78' lang='lat' dir='ltr'>fueris.</span> <span class='ocrx_word' id='word_1_451' title='bbox 1594 1998 1684 2031; x_wconf 68' lang='lat' dir='ltr'>Bue-</span> 
     </span>
     <span class='ocr_line' id='line_1_87' title="bbox 987 2047 1684 2091; baseline 0 -10"><span class='ocrx_word' id='word_1_452' title='bbox 987 2051 1031 2082; x_wconf 90' lang='lat' dir='ltr'>tri</span> <span class='ocrx_word' id='word_1_453' title='bbox 1046 2049 1164 2091; x_wconf 88' lang='lat' dir='ltr'>populi</span> <span class='ocrx_word' id='word_1_454' title='bbox 1179 2058 1320 2090; x_wconf 87' lang='lat' dir='ltr'>quorum</span> <span class='ocrx_word' id='word_1_455' title='bbox 1334 2048 1506 2081; x_wconf 72' lang='lat' dir='ltr'>Zariastes</span> <span class='ocrx_word' id='word_1_456' title='bbox 1519 2047 1684 2089; x_wconf 77' lang='lat' dir='ltr'>oppidum</span> 
     </span>
     <span class='ocr_line' id='line_1_88' title="bbox 986 2097 1685 2140; baseline -0.007 -7"><span class='ocrx_word' id='word_1_457' title='bbox 986 2104 1049 2134; x_wconf 84' lang='lat' dir='ltr'>est.</span> <span class='ocrx_word' id='word_1_458' title='bbox 1089 2099 1186 2132; x_wconf 87' lang='lat' dir='ltr'>Idem</span> <span class='ocrx_word' id='word_1_459' title='bbox 1203 2102 1327 2140; x_wconf 86' lang='lat' dir='ltr'>postea</span> <span class='ocrx_word' id='word_1_460' title='bbox 1337 2097 1650 2134; x_wconf 75' lang='lat' dir='ltr'>Bactrum-dictum</span> <span class='ocrx_word' id='word_1_461' title='bbox 1663 2107 1685 2130; x_wconf 86' lang='lat' dir='ltr'>a</span> 
     </span>
     <span class='ocr_line' id='line_1_89' title="bbox 985 2147 1685 2193; baseline -0.006 -10"><span class='ocrx_word' id='word_1_462' title='bbox 985 2150 1136 2183; x_wconf 88' lang='lat' dir='ltr'>flumine.</span> <span class='ocrx_word' id='word_1_463' title='bbox 1172 2149 1304 2182; x_wconf 78' lang='lat' dir='ltr'>Plinius</span> <span class='ocrx_word' id='word_1_464' title='bbox 1330 2153 1460 2181; x_wconf 79' lang='lat' dir='ltr'>auctor.</span> <span class='ocrx_word' id='word_1_465' title='bbox 1487 2147 1639 2193; x_wconf 80' lang='lat' dir='ltr'>Zeugma</span> <span class='ocrx_word' id='word_1_466' title='bbox 1663 2157 1685 2180; x_wconf 85' lang='lat' dir='ltr'>a</span> 
     </span>
     <span class='ocr_line' id='line_1_90' title="bbox 985 2198 1684 2243; baseline -0.007 -8"><span class='ocrx_word' id='word_1_467' title='bbox 985 2202 1141 2235; x_wconf 87' lang='lat' dir='ltr'>Seleucia</span> <span class='ocrx_word' id='word_1_468' title='bbox 1155 2201 1264 2243; x_wconf 80' lang='lat' dir='ltr'>Syriae</span> <span class='ocrx_word' id='word_1_469' title='bbox 1281 2199 1324 2232; x_wconf 87' lang='lat' dir='ltr'>ad</span> <span class='ocrx_word' id='word_1_470' title='bbox 1337 2203 1490 2232; x_wconf 84' lang='lat' dir='ltr'>nostrum</span> <span class='ocrx_word' id='word_1_471' title='bbox 1501 2200 1600 2232; x_wconf 85' lang='lat' dir='ltr'>littus</span> <span class='ocrx_word' id='word_1_472' title='bbox 1615 2198 1684 2231; x_wconf 83' lang='lat' dir='ltr'>dis-</span> 
     </span>
    </p>
   </div>
   <div class='ocr_carea' id='block_1_15' title="bbox 969 2251 1683 2292">
    <p class='ocr_par' dir='ltr' id='par_1_22' title="bbox 969 2251 1683 2292">
     <span class='ocr_line' id='line_1_91' title="bbox 969 2251 1683 2292; baseline -0.007 -6"><span class='ocrx_word' id='word_1_473' title='bbox 969 2259 1037 2286; x_wconf 70' lang='lat' dir='ltr'>⁴tat</span> <span class='ocrx_word' id='word_1_474' title='bbox 1059 2258 1198 2286; x_wconf 82' lang='lat' dir='ltr'>centum</span> <span class='ocrx_word' id='word_1_475' title='bbox 1222 2252 1341 2291; x_wconf 73' lang='lat' dir='ltr'>viginti</span> <span class='ocrx_word' id='word_1_476' title='bbox 1362 2251 1505 2283; x_wconf 88' lang='lat' dir='ltr'>duorum</span> <span class='ocrx_word' id='word_1_477' title='bbox 1523 2258 1683 2292; x_wconf 79' lang='lat' dir='ltr'>passuum</span> 
     </span>
    </p>
   </div>
   <div class='ocr_carea' id='block_1_16' title="bbox 986 2300 1683 2845">
    <p class='ocr_par' dir='ltr' id='par_1_23' title="bbox 986 2300 1683 2586">
     <span class='ocr_line' id='line_1_92' title="bbox 987 2300 1683 2345; baseline -0.007 -9"><span class='ocrx_word' id='word_1_478' title='bbox 987 2304 1142 2336; x_wconf 81' lang='lat' dir='ltr'>milibus:</span> <span class='ocrx_word' id='word_1_479' title='bbox 1173 2302 1336 2345; x_wconf 85' lang='lat' dir='ltr'>oppidum</span> <span class='ocrx_word' id='word_1_480' title='bbox 1374 2301 1424 2333; x_wconf 86' lang='lat' dir='ltr'>ita</span> <span class='ocrx_word' id='word_1_481' title='bbox 1458 2300 1683 2342; x_wconf 79' lang='lat' dir='ltr'>appellatum,</span> 
     </span>
     <span class='ocr_line' id='line_1_93' title="bbox 986 2348 1683 2396; baseline -0.009 -10"><span class='ocrx_word' id='word_1_482' title='bbox 986 2354 1143 2396; x_wconf 83' lang='lat' dir='ltr'>quoniam</span> <span class='ocrx_word' id='word_1_483' title='bbox 1172 2350 1372 2384; x_wconf 84' lang='lat' dir='ltr'>Alexander</span> <span class='ocrx_word' id='word_1_484' title='bbox 1402 2350 1449 2383; x_wconf 87' lang='lat' dir='ltr'>ibi</span> <span class='ocrx_word' id='word_1_485' title='bbox 1479 2352 1618 2390; x_wconf 87' lang='lat' dir='ltr'>pontem</span> <span class='ocrx_word' id='word_1_486' title='bbox 1647 2348 1683 2381; x_wconf 82' lang='lat' dir='ltr'>in</span> 
     </span>
     <span class='ocr_line' id='line_1_94' title="bbox 989 2396 1683 2444; baseline -0.007 -9"><span class='ocrx_word' id='word_1_487' title='bbox 989 2403 1198 2444; x_wconf 86' lang='lat' dir='ltr'>Euphratem</span> <span class='ocrx_word' id='word_1_488' title='bbox 1228 2400 1406 2442; x_wconf 84' lang='lat' dir='ltr'>junxerit:</span> <span class='ocrx_word' id='word_1_489' title='bbox 1441 2408 1518 2431; x_wconf 87' lang='lat' dir='ltr'>nam</span> <span class='ocrx_word' id='word_1_490' title='bbox 1547 2396 1683 2439; x_wconf 74' lang='grc' dir='ltr'>ζευγνύω</span> 
     </span>
     <span class='ocr_line' id='line_1_95' title="bbox 986 2448 1683 2492; baseline -0.009 -7"><span class='ocrx_word' id='word_1_491' title='bbox 986 2454 1124 2492; x_wconf 82' lang='lat' dir='ltr'>Graece‚</span> <span class='ocrx_word' id='word_1_492' title='bbox 1138 2451 1258 2484; x_wconf 82' lang='lat' dir='ltr'>Latine</span> <span class='ocrx_word' id='word_1_493' title='bbox 1272 2448 1442 2490; x_wconf 83' lang='lat' dir='ltr'>significat</span> <span class='ocrx_word' id='word_1_494' title='bbox 1450 2449 1577 2490; x_wconf 86' lang='lat' dir='ltr'>jungo:</span> <span class='ocrx_word' id='word_1_495' title='bbox 1594 2448 1683 2491; x_wconf 88' lang='lat' dir='ltr'>qnod</span> 
     </span>
     <span class='ocr_line' id='line_1_96' title="bbox 986 2499 1682 2535; baseline -0.006 -1"><span class='ocrx_word' id='word_1_496' title='bbox 986 2502 1119 2535; x_wconf 85' lang='lat' dir='ltr'>Plinius</span> <span class='ocrx_word' id='word_1_497' title='bbox 1135 2502 1223 2533; x_wconf 86' lang='lat' dir='ltr'>Nat.</span> <span class='ocrx_word' id='word_1_498' title='bbox 1238 2500 1332 2532; x_wconf 74' lang='lat' dir='ltr'>Hiot.</span> <span class='ocrx_word' id='word_1_499' title='bbox 1352 2499 1414 2532; x_wconf 86' lang='lat' dir='ltr'>lib.</span> <span class='ocrx_word' id='word_1_500' title='bbox 1427 2507 1557 2531; x_wconf 76' lang='lat' dir='ltr'>xxxiv.</span> <span class='ocrx_word' id='word_1_501' title='bbox 1571 2503 1682 2531; x_wconf 83' lang='lat' dir='ltr'>osten-</span> 
     </span>
     <span class='ocr_line' id='line_1_97' title="bbox 987 2552 1245 2586; baseline -0.012 0"><span class='ocrx_word' id='word_1_502' title='bbox 987 2555 1049 2586; x_wconf 87' lang='lat' dir='ltr'>dit.</span> <span class='ocrx_word' id='word_1_503' title='bbox 1074 2552 1245 2586; x_wconf 67' lang='lat' dir='ltr'>Domitius.</span> 
     </span>
    </p>

    <p class='ocr_par' dir='ltr' id='par_1_24' title="bbox 986 2598 1683 2845">
     <span class='ocr_line' id='line_1_98' title="bbox 1030 2598 1682 2642; baseline -0.008 -7"><span class='ocrx_word' id='word_1_504' title='bbox 1030 2606 1093 2635; x_wconf 78' lang='lat'>139</span> <span class='ocrx_word' id='word_1_505' title='bbox 1115 2603 1238 2634; x_wconf 67' lang='lat' dir='ltr'>Iterato</span> <span class='ocrx_word' id='word_1_506' title='bbox 1253 2599 1404 2642; x_wconf 73' lang='lat' dir='ltr'>purpura]</span> <span class='ocrx_word' id='word_1_507' title='bbox 1426 2598 1614 2640; x_wconf 77' lang='lat' dir='ltr'>Dibapham</span> <span class='ocrx_word' id='word_1_508' title='bbox 1631 2600 1682 2630; x_wconf 89' lang='lat' dir='ltr'>in-</span> 
     </span>
     <span class='ocr_line' id='line_1_99' title="bbox 986 2652 1681 2695; baseline -0.007 -9"><span class='ocrx_word' id='word_1_509' title='bbox 986 2654 1124 2695; x_wconf 81' lang='lat' dir='ltr'>telligit,</span> <span class='ocrx_word' id='word_1_510' title='bbox 1139 2653 1173 2684; x_wconf 86' lang='lat' dir='ltr'>id</span> <span class='ocrx_word' id='word_1_511' title='bbox 1189 2657 1244 2683; x_wconf 87' lang='lat' dir='ltr'>est</span> <span class='ocrx_word' id='word_1_512' title='bbox 1261 2652 1310 2683; x_wconf 85' lang='lat' dir='ltr'>bis</span> <span class='ocrx_word' id='word_1_513' title='bbox 1327 2652 1487 2683; x_wconf 84' lang='lat' dir='ltr'>tinctam:</span> <span class='ocrx_word' id='word_1_514' title='bbox 1512 2659 1589 2691; x_wconf 83' lang='lat' dir='ltr'>quae</span> <span class='ocrx_word' id='word_1_515' title='bbox 1606 2659 1681 2690; x_wconf 81' lang='lat' dir='ltr'>gra-</span> 
     </span>
     <span class='ocr_line' id='line_1_100' title="bbox 988 2700 1683 2737; baseline -0.004 -1"><span class='ocrx_word' id='word_1_516' title='bbox 988 2707 1056 2737; x_wconf 89' lang='lat' dir='ltr'>tior</span> <span class='ocrx_word' id='word_1_517' title='bbox 1084 2708 1172 2735; x_wconf 86' lang='lat' dir='ltr'>erat.</span> <span class='ocrx_word' id='word_1_518' title='bbox 1206 2702 1346 2734; x_wconf 76' lang='lat' dir='ltr'>Plinius.</span> <span class='ocrx_word' id='word_1_519' title='bbox 1397 2701 1489 2733; x_wconf 89' lang='lat' dir='ltr'>Huic</span> <span class='ocrx_word' id='word_1_520' title='bbox 1516 2700 1683 2735; x_wconf 74' lang='lat' dir='ltr'>successit</span> 
     </span>
     <span class='ocr_line' id='line_1_101' title="bbox 986 2749 1683 2795; baseline -0.007 -9"><span class='ocrx_word' id='word_1_521' title='bbox 986 2753 1134 2795; x_wconf 79' lang='lat' dir='ltr'>dibapha</span> <span class='ocrx_word' id='word_1_522' title='bbox 1146 2752 1250 2794; x_wconf 80' lang='lat' dir='ltr'>Tyria</span> <span class='ocrx_word' id='word_1_523' title='bbox 1265 2761 1341 2794; x_wconf 79' lang='lat' dir='ltr'>quoe</span> <span class='ocrx_word' id='word_1_524' title='bbox 1359 2751 1392 2783; x_wconf 93' lang='lat' dir='ltr'>in</span> <span class='ocrx_word' id='word_1_525' title='bbox 1415 2749 1510 2782; x_wconf 88' lang='lat' dir='ltr'>libris</span> <span class='ocrx_word' id='word_1_526' title='bbox 1534 2750 1683 2782; x_wconf 81' lang='lat' dir='ltr'>denariis</span> 
     </span>
     <span class='ocr_line' id='line_1_102' title="bbox 986 2801 1680 2845; baseline -0.004 -8"><span class='ocrx_word' id='word_1_527' title='bbox 986 2805 1076 2837; x_wconf 88' lang='lat' dir='ltr'>mille</span> <span class='ocrx_word' id='word_1_528' title='bbox 1095 2813 1163 2837; x_wconf 89' lang='lat' dir='ltr'>non</span> <span class='ocrx_word' id='word_1_529' title='bbox 1186 2806 1325 2845; x_wconf 86' lang='lat' dir='ltr'>poterat</span> <span class='ocrx_word' id='word_1_530' title='bbox 1338 2801 1416 2833; x_wconf 85' lang='lat' dir='ltr'>emi.</span> <span class='ocrx_word' id='word_1_531' title='bbox 1461 2801 1539 2834; x_wconf 86' lang='lat' dir='ltr'>Hac</span> <span class='ocrx_word' id='word_1_532' title='bbox 1553 2802 1680 2834; x_wconf 74' lang='lat' dir='ltr'>Lentu-</span> 
     </span>
    </p>
   </div>
   <div class='ocr_carea' id='block_1_17' title="bbox 1840 1998 1858 2393">
    <p class='ocr_par' dir='ltr' id='par_1_25' title="bbox 1840 1998 1858 2393">
     <span class='ocr_line' id='line_1_103' title="bbox 1840 1998 1858 2393; textangle 90"><span class='ocrx_word' id='word_1_533' title='bbox 1840 2161 1858 2393; x_wconf 31' lang='grc' dir='ltr'>,ΜΛΔ-.-.η</span> <span class='ocrx_word' id='word_1_534' title='bbox 1852 2108 1858 2142; x_wconf 26' lang='grc' dir='ltr'><em>...Α-</em></span> <span class='ocrx_word' id='word_1_535' title='bbox 1856 2080 1858 2084; x_wconf 29' lang='lat' dir='ltr'>s</span> <span class='ocrx_word' id='word_1_536' title='bbox 1853 1998 1858 2005; x_wconf 88' lang='lat'>.</span> 
     </span>
    </p>
   </div>
   <div class='ocr_carea' id='block_1_18' title="bbox 1838 2413 1858 3112">
    <p class='ocr_par' dir='ltr' id='par_1_26' title="bbox 1838 2413 1858 3112">
     <span class='ocr_line' id='line_1_104' title="bbox 1838 2413 1858 3112; textangle 90"><span class='ocrx_word' id='word_1_537' title='bbox 1841 2829 1858 3112; x_wconf 55' lang='lat' dir='ltr'>Qaass»Qffl—nu</span> <span class='ocrx_word' id='word_1_538' title='bbox 1838 2670 1858 2816; x_wconf 46' lang='lat' dir='ltr'>oms—⁴311</span> <span class='ocrx_word' id='word_1_539' title='bbox 1838 2458 1858 2656; x_wconf 45' lang='lat' dir='ltr'>Amo-...usn</span> <span class='ocrx_word' id='word_1_540' title='bbox 1853 2413 1858 2447; x_wconf 83' lang='grc'><strong>...-</strong></span> 
     </span>
    </p>
   </div>
  </div>
 </body>
</html>
