1846 3120
319 262 430 306 1504
808 273 850 306 r.
883 271 1071 306 mmm}
1105 274 1269 307 sum

313 368 558 417 PacificuS,
581 366 662 409 sed
682 367 800 410 bella
821 369 923 419 ciet,
944 369 1195 423 bellumque
1217 371 1420 422 minatur,

313 435 492 477 Grande
511 434 715 486 fremens,
735 436 1004 491 nimiumque
1023 448 1188 479 memor
1204 439 1466 490 mandantis,
1488 443 1531 482 et
1548 440 1694 496 ipsum

310 501 341 543 J
344 509 414 543 am
430 514 581 556 prope,
596 502 692 557 jam
708 503 876 545 medios
898 504 1071 558 operire
1092 505 1346 546 cohortibus
1365 519 1495 559 agros
1674 506 1761 557 68⁵

311 568 621 622 Ingeminans:
650 571 775 613 stetit
794 572 998 626 ambiguo
1013 571 1253 614 Thebanus
1273 574 1316 614 in
1338 577 1449 615 aestu
1708 575 1712 578 ’

311 634 541 688 curarum,
560 641 803 692 nutantque
821 639 967 690 minae,
984 643 1027 680 et
1044 639 1165 693 prior
1183 639 1249 681 ira
1269 641 1475 693 tepescit.

309 702 438 745 Tunc
458 704 601 746 firmat
619 717 732 756 sese,
752 705 1007 759 fictumque,
1025 717 1079 747 ac
1099 707 1224 748 triste
1243 707 1464 749 renidens:

309 768 510 812 Parvane
529 772 781 824 prostratis,
801 771 955 825 inquit,
974 771 1241 814 documenta
1255 772 1458 827 Mycenis

307 835 582 879 Sanximus'?
613 852 668 879 en
687 838 863 889 iterum,
883 840 961 893 qui
981 840 1145 882 moenia
1164 844 1313 882 nostra
1331 841 1569 883 lacessant.
1671 841 1758 885 690

306 902 595 958 Accipimus:
625 905 832 948 veniant:
863 906 940 947 sed
960 918 1015 947 ne
1037 911 1142 960 post
1157 907 1276 949 bella
1293 911 1540 962 querantur.

307 970 407 1012 Lex
424 971 579 1013 eadem
596 971 740 1014 victis.
799 973 953 1016 Dixit:
986 974 1066 1015 sed
1087 974 1265 1027 pulvere
1286 986 1438 1017 crasso

305 1036 511 1091 Caligare
527 1037 658 1089 diem,
678 1043 723 1080 et
741 1039 903 1094 Tyrios
918 1041 1028 1095 juga
1046 1040 1227 1094 perdere
1247 1045 1418 1083 montes

306 1103 511 1158 Aspicit:
543 1106 703 1147 armari
724 1107 913 1160 populos
932 1110 1091 1158 tamen,
1111 1119 1318 1161 armaque
1338 1107 1440 1150 ferri
1732 1161 1734 1164 y

305 1170 412 1225 Ipse
427 1171 561 1226 jubet
577 1172 766 1227 pallens,
787 1174 1032 1228 mediaeque
1053 1175 1096 1215 in
1114 1173 1292 1216 sedibus
1310 1175 1425 1217 aulae
1633 1178 1635 1181 ’
1669 1167 1755 1216 695

304 1238 579 1280 Eumenidas
600 1240 786 1290 subitas,
806 1240 1068 1295 flentemque
1090 1238 1323 1283 Menoecea
1342 1241 1482 1283 cernit
1512 1281 1515 1285 x

302 1305 539 1356 Turbidus,
558 1306 878 1361 impositosque
899 1307 1016 1360 rogis
1036 1307 1224 1360 gaudere
1245 1307 1471 1361 Pelasgos.

305 1372 418 1424 Quis
438 1373 522 1415 suit
541 1374 614 1415 ille
630 1375 741 1424 dieS‚
764 1379 886 1416 tanto
907 1387 1007 1416 cum
1029 1375 1240 1429 sanguine
1257 1375 1427 1417 Thebis
1453 1390 1455 1392 ’

301 1438 403 1482 Pax
423 1441 606 1483 inventa
624 1442 770 1495 perit?
802 1442 955 1496 patriis
975 1441 1109 1484 modo
1127 1442 1220 1484 fixa
1238 1443 1450 1484 revellunt

300 1506 439 1550 Arma
458 1509 587 1559 Deis,
607 1510 866 1564 clypeisque
887 1510 1109 1551 obducunt
1127 1515 1315 1564 pectora
1333 1509 1503 1561 fractis,
1665 1510 1751 1552 ‘700

298 1572 357 1616 Et
376 1575 529 1630 galeas
548 1576 754 1627 humiles,
774 1580 817 1619 et
836 1576 980 1619 adhuc
1002 1577 1217 1619 sordentia
1237 1577 1345 1619 tabo

297 1701 352 1733 sed
366 1701 428 1733 ciet
442 1701 566 1741 bellum,
587 1702 722 1734 intentat
737 1702 859 1741 bellum,
882 1704 1011 1734 multum
1021 1704 1175 1742 frendens
1188 1707 1220 1736 et
1232 1704 1363 1736 nimium
1377 1704 1565 1744 recor-datm,
1585 1703 1673 1743 cuius
1681 1707 1753 1747 emt

298 1744 444 1784 legatus;
465 1748 496 1776 et
510 1745 723 1786 repetensjam
738 1745 840 1786 ipsum
854 1745 915 1776 cito
926 1745 1038 1787 affore,
1050 1746 1120 1785 jam
1134 1747 1228 1787 copiis
1243 1751 1347 1787 legere
1363 1747 1478 1778 medios
1491 1755 1621 1788 campos.
1668 1747 1748 1780 The-

246 1793 248 1795 *
298 1786 395 1818 banus
408 1787 502 1819 haesit
512 1787 545 1819 in
559 1787 691 1828 ancipiti
705 1797 849 1819 curarum
862 1792 954 1827 «τείν,
975 1791 1006 1819 et
1021 1789 1112 1820 ηιξκιε
1131 1789 1247 1829 labant,
1267 1800 1304 1821 ιιι·
1323 1789 1444 1830 primus
1455 1788 1551 1828 sur-or
1565 1789 1748 1828 languescit.

302 1828 388 1860 Tunc
402 1829 523 1870 colligit
538 1838 581 1871 se,
603 1834 634 1862 et
644 1830 747 1862 tristis
756 1831 903 1862 simulate
916 1830 1077 1863 subridens
1091 1842 1102 1862 .·
1125 1832 1293 1870 Exiguane
1303 1832 1444 1863 dedimus
1457 1832 1558 1863 nostri
1571 1831 1748 1873 specimina,

296 1872 385 1902 coesis
401 1871 532 1912 Argivis
542 1876 556 1904 7
576 1874 627 1904 Εη
651 1872 806 1912 audimus,
829 1873 882 1913 qui
907 1874 1004 1905 denuo
1028 1874 1252 1913 aggrediantur
1274 1877 1394 1905 nostros
1409 1883 1521 1905 muron.
1563 1874 1723 1905 Accedant
1731 1883 1746 1911 ‚-

297 1915 352 1944 aed
366 1924 403 1945 ne
416 1918 486 1954 post
497 1915 613 1946 cladem
627 1919 814 1955 querantur:
828 1915 886 1954 jus
905 1915 986 1946 idem
1010 1915 1071 1947 erit
1091 1918 1124 1947 in
1142 1920 1309 1957 superatos.
1353 1916 1481 1956 Inquit:
1501 1919 1535 1948 at
1549 1916 1649 1947 cernit
1663 1915 1747 1947 diem

296 1955 454 1987 obscurari
469 1958 560 1988 denso
573 1959 708 1997 pulvere,
719 1961 750 1988 et
763 1957 920 1989 cacumina
934 1957 1143 1989 Thebanorum
1153 1959 1303 1989 montium
1317 1959 1412 1989 oculis
1425 1958 1514 1998 eripi.
1556 1958 1628 1998 Ipse
1642 1960 1746 1990 eumen

293 1999 412 2038 pallens
426 1999 561 2039 imperat
574 1999 655 2030 cives
668 2000 800 2038 armari,
817 2003 848 2031 et
861 2010 949 2031 arma
963 2000 1024 2031 sibi
1037 2000 1161 2041 afferri,
1182 2010 1218 2031 ac
1237 2001 1394 2039 perculsus
1407 1999 1623 2031 creditrnidere
1636 2009 1746 2040 repen-

295 2041 378 2072 tinas
383 2041 492 2080 furias
505 2042 538 2073 in
547 2042 757 2082 penetralibus
772 2042 882 2073 medioe
895 2044 987 2082 auloe,
1001 2046 1031 2073 et
1047 2043 1204 2082 lugentem
1214 2043 1415 2079 Menoeceum,
1423 2052 1459 2074 ac
1470 2042 1619 2081 Pelasgos
1629 2042 1745 2082 letari,

294 2084 376 2123 qnod
390 2093 446 2115 sua
457 2094 585 2124 corpora
599 2085 686 2124 rogis
700 2086 911 2125 imponantur.
936 2085 1091 2123 Quoesuit
1108 2085 1219 2116 Thebis
1230 2085 1295 2116 dies
1305 2085 1373 2122 illa,
1386 2094 1452 2116 cum
1461 2094 1527 2125 pax
1541 2087 1628 2116 tanto
1639 2093 1747 2116 maore

295 2130 472 2166 comparata
484 2127 632 2158 evanuit?
654 2127 826 2167 Deripiunt
840 2136 927 2158 arma
941 2128 1028 2158 modo
1039 2127 1138 2169 infixa
1154 2128 1274 2168 templis
1289 2127 1427 2159 Deorum
1441 2126 1626 2167 patriorum,
1647 2130 1678 2158 et
1692 2126 1744 2157 oh-

297 2170 407 2207 tegunt
419 2172 527 2209 pectus
545 2169 666 2207 fractis
689 2170 798 2210 scutis,
819 2174 848 2201 et
872 2173 996 2201 sumunt
1010 2169 1143 2202 cassides
1156 2170 1223 2202 sine
1236 2169 1331 2207 conis,
1353 2172 1383 2201 et
1403 2169 1522 2210 spicula
1542 2168 1643 2201 adhuc
1656 2168 1744 2200 sanie

899 2269 940 2281 Ν
942 2269 1138 2281 OOOOOOOOO

294 2343 366 2374 hot.
381 2345 413 2374 2.
439 2344 582 2383 Pegeus:
605 2343 684 2375 Put.
699 2347 735 2375 et
750 2343 874 2375 Behot.
890 2347 920 2375 1.
938 2345 1091 2384 Phegeus.
1101 2347 1200 2375 -684
1223 2345 1313 2376 Dan.
1331 2353 1443 2376 memor
1465 2342 1741 2375 mandatis-692

293 2386 303 2403 ‘
321 2386 445 2417 Melior
458 2386 561 2418 lectio
576 2386 609 2417 in
626 2387 756 2426 optimo
773 2387 905 2427 alioque
920 2386 1038 2418 codice
1052 2399 1059 2417 :
1084 2385 1197 2419 Dicit!
1212 2386 1333 2418 Barth.
1377 2386 1435 2418 Sic
1451 2388 1487 2416 et
1508 2385 1649 2417 Behott.
1666 2387 1697 2416 1.
1709 2386 1741 2416 2.

294 2430 401 2460 —696
425 2429 434 2446 ‘
452 2429 530 2460 Non
556 2433 610 2460 est
633 2429 780 2470 optimus
809 2439 911 2461 sonus
938 2430 1057 2461 horum
1078 2429 1279 2461 verborum:
1306 2428 1495 2460 Eumenidas
1515 2427 1655 2464 cabima,-
1678 2435 1741 2458 nec

943 2525 1082 2557 NOTAE

337 2595 400 2625 684
422 2593 544 2634 Ipsum]
574 2593 811 2631 Mandantem,
826 2603 887 2626 seu
902 2594 989 2626 The·
1042 2593 1241 2635 sperabant,
1257 2593 1356 2626 victis
1379 2597 1416 2626 et
1437 2593 1558 2626 occisis
1573 2592 1740 2634 hostibus,

294 2652 402 2675 seum.
1042 2643 1102 2674 sed
1119 2652 1225 2675 novus
1239 2644 1353 2684 prodit
1368 2644 1485 2676 hostis.

335 2695 400 2726 696
423 2693 615 2724 Eumenidae
633 2693 764 2735 subitas,
786 2694 854 2736 ξω]
889 2693 988 2728 Quod
1083 2696 1145 2725 701
1172 2693 1286 2725 Galeas
1299 2693 1444 2736 humiles]
1464 2693 1544 2726 Sine
1559 2692 1687 2734 cristis,
1702 2696 1740 2725 et

293 2747 370 2776 erat
383 2752 481 2774 omen
495 2742 785 2776 infaustissimum.
1040 2741 1182 2784 fractas,
1197 2742 1268 2775 sine
1283 2743 1388 2776 conis.

335 2796 399 2825 699
419 2793 494 2825 Pax
505 2793 738 2835 inventaperit]
759 2795 884 2827 Pacem
899 2794 987 2826 enim
