1846 3120
624 236 964 270 Acmnmssnos
998 240 1094 273 [ΑΒ.
1126 238 1159 271 l-

1506 206 1623 274 μ1547

166 329 295 375 Illius
313 333 359 374 et
375 343 504 377 roseo
522 331 771 376 flammatur
788 348 982 389 purpura
1001 336 1141 387 vultu,

166 399 228 442 Et
245 399 430 454 gemmis
447 400 528 442 lux
547 402 687 456 major
705 402 837 452 Inest,
857 407 903 444 et
920 403 1125 444 blandius
1146 415 1314 445 aurum.

165 465 318 523 Atque
337 467 426 522 ipsi
443 480 524 523 par
540 467 682 510 forma
697 468 824 519 Deae,
842 467 883 510 si
901 470 1093 522 pectoris
1114 482 1277 523 angues

167 533 329 586 Ponat,
348 538 391 577 et
409 539 588 578 exemta
607 535 802 590 placetur
820 535 999 578 casside
1020 536 1188 578 vultus.
1534 537 1621 580 300

167 600 303 644 Hanc
322 602 398 644 ubi
416 602 644 644 ducentem
663 602 794 655 longe
813 603 938 645 socia
958 605 1133 656 agmina
1154 603 1267 645 vidit

166 667 295 712 Trux
314 682 439 724 puer,
456 674 506 712 et
523 669 644 712 nullo
665 674 907 712 temeratus
925 675 1109 726 pectora
1125 675 1248 712 motu
1266 684 1278 723 3

169 735 378 792 Diriguit,
398 737 596 792 totisque
617 750 780 779 novum
799 738 914 780 bibit
933 739 1109 781 ossibus
1128 739 1289 792 ignem.

169 803 272 848 Nec
291 804 408 847 latet
420 804 608 847 haustus
627 817 763 856 amor,
781 805 861 847 sed
878 805 957 847 fax
979 807 1151 848 vibrata
1170 806 1373 848 medullis

167 871 222 915 In
241 871 390 915 vultus
410 876 543 927 atque
561 885 641 915 ora
658 872 786 923 redit,
806 873 1041 927 lucemque
1059 885 1266 927 genarum
1536 873 1624 918 305

166 938 332 994 Tingit,
351 942 397 981 et
413 939 656 994 impulsum
674 941 793 982 tenui
815 940 978 982 sudore
999 945 1206 994 pererrat.

168 1007 340 1050 Lactea
359 1006 633 1062 Massagetae
654 1007 794 1050 veluti
814 1021 915 1050 cum
931 1008 1097 1062 pocula
1114 1007 1291 1050 fuscant

166 1133 318 1184 Pupurs
332 1136 510 1168 accenditur
523 1146 563 1169 ex
577 1145 667 1168 rosea
680 1135 768 1168 illius
778 1136 879 1177 facie,
902 1139 933 1168 et
954 1147 1085 1177 gemmoe
1097 1138 1188 1180 fiunt
1209 1138 1441 1180 splendidiores,
1462 1140 1495 1169 et
1512 1146 1623 1169 aarum

162 1177 301 1216 gratiam
347 1179 393 1211 Et
414 1179 530 1211 similis
547 1179 783 1220 pulchritudine
807 1179 868 1221 ipsi
882 1179 1050 1220 Minervoe,
1064 1181 1094 1212 si
1106 1183 1241 1223 deponat
1262 1185 1418 1223 serpentes
1429 1180 1576 1222 pectoris,
1591 1182 1623 1212 et

285 1219 351 1260 eius
372 1222 515 1254 ”silescat
535 1223 657 1254 ademta
671 1222 800 1254 casside.
846 1222 927 1254 Cum
940 1223 1040 1261 ferox
1061 1233 1151 1265 puer,
1176 1225 1229 1266 qui
1250 1225 1368 1256 nullum
1392 1227 1485 1255 antea
1506 1226 1624 1254 motum

166 1261 284 1296 enoris
295 1267 444 1304 senserat,
455 1264 534 1297 Ιιιιιιι·
547 1274 564 1296 e
578 1264 746 1306 longinquo
758 1265 895 1306 aspexit,
910 1269 1054 1306 agentem
1067 1267 1183 1298 socium
1197 1267 1332 1307 turbam,
1348 1266 1483 1306 diriguit
1499 1268 1529 1298 et
1544 1265 1622 1296 Mu-

167 1304 214 1339 sit
225 1306 344 1338 metit
355 1307 472 1339 ossibus
485 1310 638 1340 recentem
654 1307 829 1349 flammam.
875 1307 945 1339 Nec
966 1317 1064 1349 arnor,
1106 1319 1174 1341 uem
1188 1309 1347 1349 hauserat,
1370 1310 1552 1358 occultatur,
1570 1307 1624 1339 sed

159 1343 227 1386 sax
240 1348 381 1381 medullis
393 1349 519 1390 iniecta,
534 1350 642 1381 redit
629 1360 663 1382 tn
677 1350 743 1390 ejus
756 1350 875 1382 vuuum
888 1354 921 1382 et
931 1360 976 1388 οε
985 1354 1016 1383 et
1031 1319 1187 1392 suffundit
1199 1352 1310 1384 rubore
1322 1352 1469 1384 candidas
1481 1349 1547 1390 eius
1557 1360 1625 1381 ma-

166 1390 227 1432 les,
240 1394 272 1424 el
283 1389 479 1434 pernegatur
491 1392 552 1425 levi
565 1393 675 1425 sudore
695 1395 888 1425 commotum.
938 1375 982 1425 ist
997 1404 1066 1426 cum
1078 1395 1274 1435 Massagetoe
1285 1395 1416 1434 fuscant
1429 1395 1543 1426 lacteos
1555 1401 1624 1424 cru-

773 1487 874 1501 Onu

168 1552 276 1583 —298
300 1551 410 1594 Lang.
431 1556 464 1589 et
486 1553 628 1586 blandior
651 1563 738 1587 curo.
740 1556 848 1586 —299
871 1554 954 1588 Pnt.
968 1554 1078 1594 soma
1102 1556 1198 1587 deest.
1200 1556 1306 1586 —300
1339 1554 1425 1586 Exc.
1455 1553 1562 1593 Burg.
1593 1556 1625 1584 et

168 1597 287 1634 erepta.
318 1595 408 1629 Dm.
433 1596 597 1628 Heinsius
621 1596 664 1628 ad
690 1597 870 1629 Claudian.
895 1597 1002 1638 Rapt.
1029 1598 1128 1629 Pros.
1145 1607 1188 1629 11.
1206 1600 1280 1629 147.
1308 1597 1339 1628 le
1343 1596 1488 1638 gendum
1514 1595 1621 1627 dicit:

167 1639 338 1669 κωκύει
361 1642 491 1680 pacetur
517 1639 639 1671 casside
658 1641 772 1673 cultus.
773 1642 880 1672 -306
906 1640 1016 1679 Tingit
1029 1641 1239 1679 etimpulscm
1254 1640 1405 1671 nonnulli
1421 1638 1523 1671 codd.
1539 1639 1625 1670 Ber-

167 1678 284 1720 nami,
298 1681 390 1714 Dan
405 1681 487 1714 Put.
503 1682 628 1714 Petav.
643 1681 749 1714 Aldd.
770 1682 882 1716 Colin.
905 1683 979 1724 Gry
982 1684 1036 1724 pli.
1058 1683 1164 1716 Basil.
1191 1683 1305 1714 Plant.
1331 1682 1550 1722 Lindeubrog
1528 1692 1562 1722 g.
1587 1684 1625 1712 et

168 1719 379 1756 eruc-3⁰7
400 1723 490 1757 nan.
510 1725 674 1758 Heinsius
697 1724 741 1757 ad
756 1725 931 1759 claudian.
950 1727 1053 1768 Rapt.
1067 1726 1164 1758 Pron.
1182 1734 1224 1757 ιι.
1235 1728 1290 1758 96.
1306 1724 1489 1768 legendum
1502 1728 1623 1766 putat.

821 1808 965 1842 NOTAE

167 1876 316 1906 vocant:
346 1874 437 1906 solus
462 1873 642 1906 Manasses
671 1872 870 1905 Constanti-

165 1931 229 1955 nus
243 1933 320 1956 eam
338 1923 604 1965 Hippodamiam
620 1924 784 1966 appellat.

969 1877 1032 1906 307
1055 1874 1266 1916 Massageta]
1300 1873 1510 1914 Massagetae
1544 1876 1624 1904 sunt

925 1925 1043 1966 populi
1070 1925 1222 1967 Scythiae
1249 1924 1412 1956 Asiaticae
1428 1924 1519 1955 ultra
1533 1932 1626 1955 mare

200 1972 275 2007 '298
299 1975 441 2007 Gemmis
455 1978 487 2007 et
511 1975 659 2007 blandius
679 1973 805 2015 aurum]
827 1973 871 2006 Id

167 2030 235 2065 est,
250 2026 395 2067 gemmis
411 2026 493 2068 ipsis
508 2035 549 2059 ac
566 2035 661 2066 auro,
679 2022 799 2068 quibus
815 2035 868 2057 or-

166 2075 316 2108 nubatur
331 2076 526 2116 Deidamia,
540 2076 687 2109 accessit
702 2076 816 2118 gratia
825 2086 869 2108 ex

170 2125 264 2158 illius
279 2126 551 2168 pulchritudine.

213 2178 279 2208 299
302 2175 394 2218 Deoe]
431 2177 472 2209 Id
504 2181 571 2217 est,
593 2178 743 2218 Palladi,
769 2188 870 2221 quum

170 2225 449 2259 formosissimam
478 2227 619 2260 tradunt
653 2228 777 2270 poe'tae.
831 2229 871 2261 Si

164 2277 302 2318 pectoris
314 2286 434 2317 angues
447 2277 566 2319 Ponat]
589 2278 757 2319 AEgidem,
772 2284 870 2319 tegu-

167 2330 320 2365 mentum
335 2328 501 2369 pectoris‚
526 2327 559 2359 in
573 2327 671 2370 cujus
686 2328 800 2360 medio
815 2338 871 2361 ca·

167 2382 232 2419 put
261 2382 336 2410 erat
377 2378 563 2420 Gorgonis,
607 2379 777 2421 anguibus
804 2380 869 2412 cri-

172 2427 269 2460 nita.

211 2480 275 2510 800
299 2478 436 2510 Exemta
456 2479 598 2520 placetur
619 2478 755 2520 casside]
779 2479 870 2511 Nam

152 2535 154 2537 '
169 2529 259 2570 Dea,
269 2538 348 2562 cnm
361 2529 512 2570 benigna
525 2530 597 2561 vult
611 2528 731 2570 videri,
744 2529 872 2562 dicitur

166 2580 339 2622 deponere
369 2580 492 2622 AEgida
529 2585 566 2613 et
595 2582 738 2623 galeam.
797 2581 868 2614 Pro

162 2631 317 2673 plnum,
333 2630 472 2672 quidam
488 2631 607 2671 legunt
619 2635 760 2672 pacetur.

208 2684 273 2714 8⁰3
297 2681 443 2722 rotisque
454 2691 566 2713 novum
586 2681 664 2713 bibit
685 2683 805 2716 ossibus
819 2684 869 2723 ig-

167 2731 253 2773 uem]
276 2731 462 2773 Virgilius:
486 2730 624 2773 ‘Atque
646 2732 779 2766 ossibus
806 2735 867 2766 im-

169 2781 275 2822 plicat
285 2781 423 2823 ignem,'
438 2782 471 2814 id
487 2785 551 2819 est,
566 2791 727 2815 amorem.
800 2786 803 2790 '

925 1974 1084 2015 Caspium
1101 1980 1138 2006 et
1164 1973 1304 2007 fluvium
1330 1973 1524 2012 Jaxsrtem‚
1546 1972 1625 2004 Ori-

923 2031 1040 2058 eutem
1058 2036 1188 2067 versus,
1214 2026 1270 2067 qui
1300 2035 1378 2056 cum
1402 2034 1463 2066 per
1489 2024 1625 2056 deserta

924 2076 1136 2115 discurrunt,
1163 2085 1327 2118 equorum
1344 2084 1479 2107 suorum
1493 2075 1628 2117 sangui-

923 2127 1052 2159 nemin
1081 2127 1212 2159 sinistri
1237 2126 1335 2168 pedis
1361 2135 1447 2158 vena
1470 2126 1626 2157 haustum

925 2182 1060 2219 potant.
1105 2178 1286 2209 Lucanus:
1310 2177 1320 2194 ‘
1338 2177 1525 2218 Longaque
1549 2176 1629 2208 Sar·

925 2228 1040 2259 marici
1055 2228 1169 2259 solves
1178 2227 1313 2269 jejunia
1329 2226 1426 2266 belli,
1451 2227 1627 2268 Massage-

925 2283 979 2311 tes
996 2288 1063 2320 quo
1080 2277 1171 2320 fugit
1190 2287 1293 2319 equs,
1318 2277 1541 2318 volucresque
1557 2276 1628 2309 Ge-

923 2328 1017 2362 loni?
1061 2328 1270 2360 Claudianus
1287 2328 1322 2359 in
1339 2326 1524 2360 Rufinum:
1553 2331 1562 2346 ‘
1581 2329 1628 2361 Et

924 2379 982 2422 qui
1007 2379 1213 2421 cornipedes
1243 2379 1277 2410 in
1309 2379 1435 2420 pocula
1470 2379 1629 2411 vulnerat

925 2434 1026 2462 atrox
1050 2428 1290 2470 Massagetes?
1333 2428 1430 2461 Idem
1447 2429 1491 2470 de
1516 2429 1628 2461 Bisal-

924 2481 982 2521 tis,
1010 2480 1194 2520 Sarmatis,
1235 2484 1271 2512 et
1301 2480 1443 2512 Gelonis
1484 2480 1639 2512 dicitur..

923 2528 1116 2563 Martialis:
1141 2532 1151 2548 ‘
1165 2530 1273 2562 Venit
1289 2534 1325 2562 et
1349 2534 1454 2571 epoto
1469 2530 1629 2563 Sarmata

923 2587 1041 2624 pastus
1070 2581 1185 2624 equo!
1238 2581 1424 2623 Virgilius:
1457 2583 1626 2614 ‘Bisaltae

922 2642 989 2674 quo
1021 2641 1115 2664 more
1146 2632 1270 2671 solent,
1295 2641 1450 2674 acerque
1475 2633 1627 2665 Gelonus

922 2682 1007 2714 Cum
1024 2680 1113 2722 sugit
1129 2681 1164 2712 in
1178 2680 1383 2723 Rhodopen,
1396 2686 1501 2724 atque
1515 2682 1550 2714 in
1567 2682 1626 2714 de·

921 2738 1011 2765 serta
1043 2732 1226 2772 Getarum,
1263 2732 1310 2764 Et
1341 2732 1396 2763 lac
1423 2736 1627 2764 concretum

920 2792 996 2815 cum
1028 2782 1190 2824 sanguine
1215 2786 1316 2824 potat
1340 2783 1489 2825 equino.'
1533 2783 1627 2815 Mas-
