1846 3120
300 219 416 265 1602
801 230 843 261 P.
877 228 1068 262 PAP1N11
1101 229 1266 263 s'rA'rn

300 327 442 372 Exuit
457 327 724 382 implicitum
743 325 936 368 tenebris
955 325 1233 370 humentibus
1254 326 1405 369 orbem

302 394 489 438 Oceano
512 394 683 449 prolata
702 392 815 444 dies,
836 393 1090 447 genitorque
1112 406 1312 436 coruscae

300 462 453 512 Lucis,
473 461 617 504 adhuc
637 461 843 503 hebetem
862 460 1013 503 vicina
1033 463 1180 510 nocte,
1199 460 1399 512 levabat,
1729 506 1737 512 ,

302 529 362 571 Et
381 529 577 571 nondum
596 540 789 570 excusso
810 530 1029 569 rorantem
1049 527 1260 582 lampade
1279 533 1431 582 ponto.
1677 527 1765 573 290

303 597 362 638 Et
375 597 469 651 jam
492 596 686 650 punicea
704 595 918 637 nodatum
938 598 1122 648 pectora
1141 595 1277 649 palla,
1400 599 1403 605 ’
1655 600 1657 603 “

303 664 617 718 Insignemque
635 663 750 717 ipsis
773 675 875 716 quae
896 662 1038 716 prima
1055 662 1285 705 invaserat
1302 662 1440 706 armis

303 731 524 774 AEaciden
542 730 733 786 (quippe
756 742 865 772 aura
883 734 1034 781 vocat,
1055 735 1333 784 cognataque
1355 729 1548 774 suadent

301 796 527 853 AEquora)
545 802 829 852 prospectant
850 797 1016 848 cuncti,
1029 796 1346 852 juvenemque,
1367 796 1617 854 ducemque

303 865 384 908 Nil
405 866 499 907 ausi
521 865 792 915 meminisse,
813 867 1002 919 pavent:
1034 864 1101 906 sic
1123 864 1272 906 omnia
1291 864 1391 906 visu
1677 864 1764 908 295

302 932 506 974 Mutatus
523 931 671 982 rediit,
690 944 790 982 ceu,
812 944 1035 985 nunquam
1053 930 1209 985 Scyria
1230 943 1395 986 passus

304 1000 487 1050 Littora,
507 999 690 1040 Peliaco
711 1002 864 1052 raptus
884 997 1126 1039 descendat
1145 998 1202 1039 ab
1223 1001 1364 1040 antro.

302 1067 430 1110 Tunc
452 1079 511 1108 ex
531 1079 651 1109 more
672 1066 786 1108 Deis
805 1064 893 1121 (ita
911 1078 1103 1120 namque
1123 1066 1332 1108 monebat
1352 1064 1534 1121 Ulixes)

302 1134 556 1190 AEquoreis,
577 1132 846 1187 Austrisque
867 1133 985 1183 litat,
1007 1131 1230 1187 fluctuque
1248 1133 1330 1174 sub
1350 1133 1453 1187 ipso

303 1201 559 1245 Coeruleum
580 1214 726 1256 regem
748 1205 876 1245 tauro
897 1204 1148 1250 veneratur,
1167 1212 1389 1254 avumque
1505 1251 1507 1254 y
1673 1202 1762 1247 300

307 1322 430 1353 Oceano
444 1320 588 1353 liberavit
597 1321 745 1352 mundum
757 1320 892 1352 humidis
905 1319 1052 1359 tenebris,
1067 1319 1178 1360 quibus
1192 1319 1347 1352 involutus
1357 1322 1439 1359 erat,
1454 1323 1486 1351 et
1499 1323 1589 1361 pater
1600 1321 1762 1362 splenden-

304 1364 347 1395 tis
359 1364 485 1396 luminis
498 1364 663 1396 extollebat
670 1363 775 1402 facem
790 1364 889 1394 adhuc
900 1362 1036 1394 hebetem
1044 1364 1189 1402 proxima
1199 1366 1297 1401 nocte,
1310 1366 1341 1394 et
1352 1365 1527 1394 manantem
1536 1364 1618 1395 mar-2·
1626 1365 1761 1396 nandum

302 1415 440 1438 excusso.
488 1407 533 1438 Et
547 1416 650 1438 omnes
664 1406 854 1447 conspiciunt
869 1405 1021 1436 AEaciden
1036 1404 1104 1443 jam
1121 1405 1261 1437 indutum
1275 1414 1431 1447 purpurea
1444 1405 1616 1447 chlamyde,
1636 1409 1668 1438 et
1689 1416 1761 1438 σοι·

300 1450 443 1489 spicuam
456 1449 566 1481 iisdem
579 1449 687 1487 armis,
708 1458 777 1489 quoe
797 1448 900 1489 prima
921 1447 1176 1488 apprehenderat,
1191 1446 1319 1489 (quippe
1331 1457 1409 1479 aura
1425 1447 1555 1488 invitat,
1574 1451 1607 1479 et
1628 1453 1762 1490 cognata

301 1493 403 1524 maria
418 1491 616 1532 hortantur,)
630 1495 661 1522 et
675 1491 881 1530 reformidant
887 1489 1034 1529 Juvenem
1047 1490 1165 1526 ducem,
1178 1490 1258 1522 nihil
1271 1490 1340 1522 ausi
1354 1489 1523 1522 recordari.
1553 1489 1610 1522 Sic
1622 1495 1763 1531 mutam

300 1534 438 1566 omnium
452 1535 549 1566 omdis
561 1534 718 1575 apparuit,
741 1543 796 1565 ceu
805 1542 962 1573 nunquam
975 1532 1137 1572 attigisset
1151 1532 1280 1574 Scyrias
1293 1542 1376 1573 oras,
1389 1536 1418 1564 et
1432 1533 1625 1565 descenderet
1635 1534 1762 1566 educens

300 1587 320 1607 a
335 1578 479 1618 spelunca
493 1578 630 1609 Peliaca.
674 1576 773 1613 Tunc,
791 1575 914 1617 Ulyssis
925 1575 1056 1615 muita,
1071 1584 1112 1606 ex
1126 1584 1210 1607 more
1223 1575 1380 1617 sacrificat
1395 1574 1472 1607 Diis
1482 1575 1625 1616 marinis,
1637 1579 1670 1607 et
1689 1585 1761 1607 ven-

303 1619 357 1662 tis,
380 1623 413 1652 et
426 1620 615 1663 qaafluctus
626 1619 731 1660 alluit,
744 1619 882 1651 immolat
897 1620 1023 1650 taurum
1036 1618 1165 1650 coerndeo
1179 1618 1261 1658 regi,
1274 1627 1389 1659 avoque
1406 1617 1523 1660 Nereo,
1535 1621 1567 1650 et
1580 1621 1681 1651 mater
1690 1619 1759 1661 pia·

903 1715 1145 1728 ‘OONMO‘

602 1769 751 1811 Explicat
768 1768 1045 1808 etjussusmoveat
1059 1779 1114 1802 cur
1131 1769 1259 1801 Groecia
1274 1769 1385 1802 bellum

599 1813 796 1853 Pellidesque
810 1821 875 1843 suae
887 1816 997 1844 narrat
1009 1813 1173 1854 priordina
1190 1813 1281 1854 [lege
1293 1811 1485 1854 primordia]
1501 1812 1588 1846 vitae.

234 1862 237 1864 ’
300 1856 371 1888 Pro
397 1855 555 1887 limtrata
580 1855 761 1896 legendum
783 1855 874 1886 litato
895 1864 938 1886 ex
954 1865 1002 1887 vs.
1016 1858 1092 1888 298.
1116 1857 1191 1887 299.
1218 1854 1262 1886 de
1285 1854 1411 1886 ceteris
1436 1864 1502 1886 non
1530 1855 1759 1896 liquem—290

302 1898 413 1931 Codd.
428 1897 603 1930 Bernartii
618 1908 627 1929 z
649 1907 780 1930 excurso
790 1908 802 1935 ,-
827 1896 931 1928 Aldd.
947 1897 1057 1930 Colin.
1073 1897 1206 1939 Gryph.
1222 1902 1259 1928 et
1282 1897 1389 1928 Basil.
1404 1906 1526 1928 excuso.
1549 1897 1637 1930 Exc.
1652 1897 1760 1939 Burg.

296 1951 427 1973 excusso
453 1940 743 1972 radiantem—291
767 1941 852 1971 Exc.
877 1940 983 1981 Burg.
1000 1945 1035 1971 et
1050 1938 1129 1971 edd.
1154 1942 1240 1971 vett.
1262 1940 1430 1970 nudantem
1449 1941 1694 1979 pectora—292
1716 1940 1759 1971 ln

299 1983 422 2024 iisdem
435 1983 522 2015 Exc.
537 1993 606 2023 quoe
620 1984 707 2014 modo
721 1983 998 2014 inraserat.—295
1022 1981 1187 2014 Nonnulli
1203 1980 1303 2013 codd.
1317 1982 1420 2021 palam
1434 1990 1497 2022 pro
1509 1985 1636 2022 pavent.
1668 1981 1759 2014 vide

301 2026 386 2058 Not.
400 2026 592 2057 Van—297
615 2025 702 2057 Exc.
720 2026 825 2065 Burg.
840 2023 976 2056 discebat
990 2023 1028 2055 ab
1042 2025 1255 2056 Μίνω-298
1278 2023 1318 2054 In
1331 2023 1448 2055 iisdem
1464 2034 1472 2055 :
1497 2024 1638 2056 monebat
1651 2023 1760 2056 Achil-

299 2069 463 2100 les.-—299
486 2068 593 2109 Lang.
610 2068 711 2099 Laur.
734 2067 866 2100 Buslid.
893 2067 1045 2108 Lipsian.
1061 2065 1165 2098 Aldd.
1190 2065 1300 2098 Colin.
1315 2065 1450 2107 Gryph.
1470 2066 1576 2098 Basil.
1593 2070 1629 2098 et
1645 2066 1759 2099 Plant.

299 2111 455 2153 matrique
468 2110 539 2142 litat
552 2122 565 2149 ,·
587 2110 673 2143 Exc.
687 2110 794 2151 Bur-g.
809 2109 964 2152 astrisque
978 2110 1050 2141 litat
1061 2119 1075 2147 ‚-
1096 2113 1130 2141 at
1146 2109 1180 2140 in
1204 2107 1355 2150 margine
1370 2117 1433 2150 pro
1450 2118 1482 2142 v,
1499 2109 1523 2141 1.
1537 2109 1548 2127 ⁴
1564 2109 1664 2142 aliter
1686 2119 1759 2141 aut-

957 2195 1099 2228 No'rAE

341 2262 406 2292 293
446 2260 663 2301 Cognataque]
699 2259 850 2301 Propter
878 2259 1002 2292 Thetin
1056 2258 1176 2300 gilius:
1194 2262 1210 2277 '⁸
1224 2257 1272 2290 Di
1287 2257 1411 2299 quibus
1426 2256 1606 2298 imperium
1622 2256 1758 2299 pangi,

298 2318 443 2344 matrem
458 2312 571 2343 Deam
587 2311 762 2342 marinam.
1056 2318 1199 2352 quorum
1228 2317 1367 2350 aequora
1391 2316 1504 2347 curro,
1526 2307 1634 2339 Vobis
1658 2308 1760 2340 laetus

341 2364 405 2394 295
445 2361 504 2393 Nil
546 2360 615 2392 ausi
649 2359 841 2400 meminisse]
876 2359 1002 2391 Mulie·
1055 2369 1120 2400 ego
1131 2357 1336 2391 candentem
1348 2357 1381 2389 in
1393 2356 1510 2389 littore
1521 2360 1656 2389 taurum
1669 2357 1758 2390 Con-
1807 2359 1811 2362 “

296 2411 368 2444 bris
384 2411 501 2452 vestis,
516 2420 584 2453 qua
595 2409 764 2442 Achillem
782 2409 937 2442 indutum
952 2409 1001 2440 vi-
1054 2409 1192 2441 stituam
1217 2411 1296 2439 ante
1319 2417 1395 2439 aras
1419 2407 1490 2439 voti
1504 2416 1594 2447 reus,
1611 2411 1758 2449 extaque

298 2461 434 2494 derant.
1056 2460 1161 2491 salsos
1190 2457 1378 2489 Porriciam
1401 2456 1435 2488 in
1461 2455 1598 2498 fluctus,
1617 2461 1655 2489 et
1679 2458 1758 2489 vina

340 2514 403 2543 297
429 2511 568 2552 Peliaco]
590 2511 632 2543 In
655 2520 722 2554 quo
747 2509 913 2542 educatus
927 2508 1002 2541 fue-
1054 2508 1219 2552 liquentia
1235 2506 1397 2540 fundam!

298 2565 353 2593 rat
369 2571 387 2592 a
403 2561 561 2593 Chirone.
1097 2561 1162 2592 299
1184 2559 1358 2599 Fluctuque
1371 2557 1427 2589 sub
1445 2556 1528 2599 ipso]
1549 2556 1591 2588 Id
1606 2559 1673 2595 est,
1690 2565 1757 2598 qun

340 2614 405 2643 298
429 2611 516 2643 Tunc
545 2621 586 2642 ex
615 2620 699 2643 more
728 2610 809 2643 Deis
838 2608 1003 2651 AEquoreis
1056 2609 1185 2643 fluctus
1198 2609 1305 2641 alluit.

297 2659 487 2702 Austrisque
501 2660 590 2701 litat]
615 2662 667 2692 Ex
687 2669 780 2692 more
795 2660 930 2692 scilicet
946 2669 1002 2691 na·
1098 2662 1162 2691 300
1187 2659 1361 2690 Coeruleum
1393 2656 1513 2698 regem]
1548 2655 1757 2697 Neptunum.

298 2710 502 2752 vigentium,
518 2711 575 2752 qui
588 2711 665 2743 Diis
681 2711 820 2743 marinis
836 2714 874 2743 et
890 2710 1002 2742 ventis
1059 2709 1160 2743 Tauro
1173 2708 1354 2749 veneratur]
1377 2706 1562 2748 Virgilius:
1586 2709 1595 2723 ‘
1607 2705 1756 2740 Taurum

266 2806 268 2808 v
295 2761 443 2794 litabant
459 2761 551 2803 vino,
567 2765 602 2794 et
618 2761 707 2794 extis
721 2761 879 2795 taurinis.
923 2760 1002 2794 Vir·
1055 2760 1372 2802 Neptuno‚taurum
1381 2753 1760 2800 tibi‚pulcherApollo.‘

1827 2650 1846 2684 ,ι

1825 2723 1846 2856 Ji

1836 2868 1846 2893 ‚E

1820 2921 1846 3120 ᾖ
