1846 3120
294 250 407 293 1470
796 262 839 298 Ρ.
871 260 1060 292 PAPINH
1091 260 1257 293 srA'ru

295 355 482 398 Penthei
504 356 675 398 devexa
689 355 800 410 jugi,
822 369 921 397 cum
942 360 1127 410 pectore
1148 356 1307 399 anhelo

294 423 325 465 J
330 437 398 465 am
420 437 558 478 prope
577 423 798 474 deficiens,
820 424 886 466 sic
906 425 1084 467 inchoat
1105 438 1208 467 orsa
1229 425 1477 468 Menoetes:
1661 426 1749 470 24⁵

296 492 435 534 Haud
455 491 611 545 procul
631 491 803 546 (exacti
822 493 861 533 si
878 491 988 546 ¹spes
1003 506 1091 533 non
1108 489 1278 535 blanda
1290 491 1479 548 laboris)

295 559 504 615 Ogygias,
524 557 674 612 Argia,
695 559 867 609 domos,
889 563 935 600 et
955 572 1093 612 egena
1112 560 1302 614 sepulcri

294 627 439 668 Busta
451 625 599 679 jacere
618 638 742 668 reor:
774 639 905 679 grave
930 627 1130 668 cominus
1147 628 1308 670 aestuat
1328 627 1403 669 aer

294 693 525 744 Sordidus,
541 697 587 735 et
605 706 775 747 magnae
795 693 974 734 redeunt
992 707 1070 748 per
1089 695 1216 735 inane
1236 694 1450 736 volucres.

299 760 413 803 Haec
434 761 513 803 illa
534 764 602 803 est
622 761 817 802 crudelis
835 761 996 805 humus
1014 775 1024 803 ε
1054 774 1134 802 nec
1154 762 1320 803 moenia
1339 762 1480 815 longe.
1658 761 1746 819 250

295 827 468 878 Cernis,
490 833 538 870 ut
556 829 753 881 ingentes
773 839 995 869 murorum
1018 829 1212 882 porrigat
1229 829 1409 870 umbras
1731 825 1745 841 ’·

294 895 503 950 Campus,
523 900 570 937 et
591 909 616 937 e
637 895 832 949 speculis
854 896 1041 936 moriens
1061 896 1307 937 intermicet
1325 896 1439 948 ignis
1453 897 1474 937 ‘t

295 962 468 1006 Moenia
487 967 587 1005 sunt
600 963 739 1017 juxta
757 976 767 1004 :
796 962 931 1004 modo
953 975 1045 1003 nox
1062 964 1202 1015 magis
1224 963 1326 1017 ipsa
1344 963 1532 1014 tacebat,

294 1030 490 1085 Solaque
509 1032 727 1084 nigrantes
746 1030 966 1071 laxabant
984 1028 1106 1071 astra
1127 1031 1348 1071 tenebras.

294 1098 479 1140 Horruit
498 1098 649 1151 Argia,
670 1098 959 1152 dextramque
981 1098 1039 1139 ad
1058 1098 1223 1139 moenia
1242 1097 1453 1140 tendens:
1654 1098 1740 1142 255

293 1165 413 1207 Urbs
435 1170 594 1219 optata
613 1165 750 1219 prius,
769 1178 883 1206 nunc
905 1169 1022 1207 tecta
1041 1165 1222 1207 hostilia
1240 1165 1424 1216 Thebae,

293 1233 353 1275 Et
371 1237 516 1275 tamen
535 1233 703 1274 illaesas
723 1232 762 1272 si
778 1231 928 1273 reddis
950 1232 1148 1286 conjugis
1169 1233 1360 1283 umbras,

294 1301 370 1342 Sic
391 1313 569 1354 quoque
591 1299 723 1341 dulce
747 1299 919 1351 solum;
950 1300 1106 1350 cernis,
1129 1312 1217 1354 quo
1238 1300 1428 1354 praedita
1448 1273 1587 1351 cultu,

295 1367 399 1418 Qua
421 1368 587 1421 stipata
605 1380 751 1417 manu,
765 1366 902 1420 juxta
922 1374 1002 1407 tua
1022 1367 1187 1408 moenia
1202 1368 1390 1421 primum

294 1434 538 1489 OEdipodis
559 1434 709 1487 magni
731 1433 860 1474 venio
881 1434 1050 1476 nurus?
1082 1433 1286 1488 improba
1305 1426 1393 1475 non
1414 1437 1517 1479 sunt
1657 1433 1744 1477 260

294 1501 415 1544 Vota
432 1515 442 1543 :
473 1514 605 1555 rogos
625 1500 807 1554 hospes,
829 1500 1155 1554 planctumque,
1176 1505 1221 1541 et
1239 1500 1395 1542 funera
1413 1495 1571 1556 posco.

291 1569 439 1620 Illum,
462 1582 556 1621 or0,
577 1572 796 1611 extorrem
816 1568 953 1621 regni,
973 1567 1179 1622 belloque
1198 1567 1410 1623 fugatum,

290 1716 478 1753 cuperantur
492 1712 682 1752 asatigatis,
693 1714 723 1742 et
740 1711 826 1741 late
814 1711 855 1742 iis
868 1709 1086 1749 subjiciuntur,
1099 1720 1166 1741 cum
1173 1720 1243 1749 Jum
1253 1710 1399 1760 deficiens
1410 1711 1562 1744 Menoetes
1574 1711 1621 1745 εἰσ
1633 1711 1744 1753 incipit

286 1758 412 1794 pectore
426 1755 609 1786 anhelanti.
630 1753 746 1793 Argia,
759 1753 788 1783 si
802 1753 965 1793 spesfiniti
980 1753 1094 1784 laboris
1108 1762 1168 1784 non
1180 1763 1227 1784 me
1234 1751 1339 1792 fallit,
1351 1756 1427 1793 puto
1443 1753 1563 1786 Thebas
1577 1763 1638 1787 non
1651 1754 1742 1794 longe
1775 1766 1777 1768 “

290 1806 369 1837 esse,
382 1807 438 1829 nec
451 1798 561 1835 locum,
575 1797 627 1828 ubi
640 1797 749 1836 jacent
761 1795 914 1843 insepulta
929 1795 1090 1827 cadaveima
1137 1795 1304 1835 Squalidus
1316 1795 1370 1826 ais'r
1388 1795 1532 1835 graviter
1551 1797 1690 1837 exhalat,
1709 1799 1742 1828 et

288 1840 433 1879 ingentes
445 1849 517 1871 aves
527 1839 774 1870 circumvolitant
787 1848 842 1878 per
856 1838 968 1868 aerem.
1004 1838 1085 1868 Hoec
1100 1841 1145 1868 est
1160 1838 1215 1868 illa
1229 1837 1361 1869 crudelis
1375 1841 1478 1869 terra:
1491 1848 1548 1880 nec
1561 1839 1652 1880 longe
1664 1838 1742 1870 civi-

290 1885 352 1914 tas.
396 1882 534 1922 Aspicis,
557 1885 592 1912 ut
611 1891 732 1921 magnoe
745 1881 890 1912 moenium
904 1879 1020 1910 umbrae
1042 1889 1099 1920 per
1112 1889 1171 1919 agr
1172 1889 1222 1910 um
1236 1881 1458 1919 extendantur,
1471 1883 1504 1911 et
1517 1890 1533 1911 e
1546 1880 1678 1921 speculis
1689 1881 1742 1913 de-

280 1924 397 1966 ficiens
417 1924 503 1964 ignis
525 1925 731 1955 interluceat?
753 1923 843 1953 Muri
867 1925 940 1953 sunt
959 1931 1074 1962 prope.-
1097 1922 1165 1962 ipsu
1188 1931 1252 1953 nox
1276 1923 1363 1953 modo
1385 1922 1456 1962 plus
1477 1921 1604 1963 silebat,
1624 1922 1741 1955 Λιβία

288 1968 385 1998 steltoe
400 1967 575 1998 minuebant
597 1970 700 1997 atram
721 1965 952 1996 obscuritatem.
997 1964 1168 1996 Intremuit
1182 1963 1298 2004 Argw,
1313 1968 1342 1995 et
1358 1965 1484 1996 tendens
1494 1974 1606 1997 manus
1617 1965 1658 1997 ad
1671 1974 1741 1996 nu·

289 2019 353 2048 ros,
374 2010 440 2041 ait.-
466 2009 588 2047 Thebae,
603 2009 714 2040 civitas
728 2011 820 2038 antea
835 2007 1022 2042 desiderata,
1043 2016 1123 2038 nunc
1145 2009 1231 2037 terra
1250 2006 1384 2046 hostilis,
1406 2009 1438 2037 et
1459 2009 1556 2047 grata
1577 2010 1692 2047 tamen,
1711 2006 1742 2039 si

289 2051 368 2083 mihi
381 2052 529 2083 restituas
542 2052 701 2091 integrum
720 2051 851 2081 cadaver
868 2049 927 2081 mei
942 2048 1073 2086 mariti,·
1093 2048 1180 2080 vides
1193 2059 1250 2089 quo
1263 2049 1416 2080 instructa
1431 2052 1556 2089 ornatu,
1570 2059 1630 2090 quo
1649 2049 1743 2081 comi-

290 2097 358 2125 tata
372 2094 507 2134 agmine,
528 2104 625 2125 nurus
640 2093 780 2143 ingentis
797 2091 910 2131 OEdipi
923 2092 1058 2132 primum
1073 2092 1181 2122 accedo
1195 2092 1236 2123 ad
1251 2094 1319 2123 tuos
1338 2095 1463 2123 maros?
1480 2092 1578 2124 nimr'a
1592 2101 1652 2124 non
1665 2095 1740 2123 mt

289 2140 371 2168 vota.
407 2137 530 2178 Hospes
541 2139 622 2176 peto,
643 2136 730 2167 sinas
744 2145 792 2166 me
805 2138 927 2166 strueve
939 2143 1060 2173 rogum,
1078 2135 1239 2173 plangere,
1259 2137 1291 2165 et
1304 2134 1451 2173 exequias
1466 2134 1588 2172 facere.
1632 2133 1740 2166 anae

289 2179 379 2220 mihi,
397 2189 517 2222 precor,
530 2179 618 2210 illum
630 2188 726 2218 regno
738 2177 918 2219 profugum,
940 2179 971 2208 et
984 2176 1080 2207 armis
1095 2177 1270 2217 repulsum.-
1291 2176 1380 2207 illum
1394 2185 1483 2219 quem
1493 2186 1554 2208 non
1563 2177 1697 2217 dignata
1709 2185 1743 2208 es

889 2280 1006 2294 ΟΟΟΝΙ
1010 2279 1131 2294 ΜΟ,

290 2360 341 2391 nit
370 2359 405 2391 in
435 2360 564 2400 optimo
593 2359 799 2391 libra—244
832 2359 967 2391 Penthei
995 2369 1128 2391 convexa
1146 2358 1220 2398 jugi
1248 2358 1346 2391 codd.
1377 2357 1738 2399 Lindenbrogii.—245

292 2401 409 2433 Codex
430 2403 570 2434 Daumii
584 2413 592 2433 :
616 2402 728 2443 incipit
743 2411 813 2433 orsa
828 2402 997 2439 Menoetes,·
1019 2402 1181 2434 Barthius
1197 2411 1239 2432 ex
1261 2400 1398 2441 optimis
1413 2400 1619 2432 membranis
1633 2400 1717 2440 legit
1731 2411 1739 2430 ε

289 2445 414 2476 inchoat
428 2455 479 2476 ore
494 2445 763 2476 Menoecea—246
785 2445 922 2475 Beliott.
941 2447 971 2475 1.
992 2447 1025 2476 2.
1042 2444 1154 2475 blanda
1167 2444 1281 2475 doloris
1290 2453 1303 2480 ;
1327 2443 1386 2474 sed
1402 2443 1435 2473 in
1451 2447 1596 2484 utroque
1610 2450 1740 2474 corree-

293 2492 364 2519 tum
380 2497 389 2518 ε
410 2487 639 2519 laboris.-—24⁷
664 2486 706 2518 ln
728 2486 847 2518 iisdem
863 2486 964 2518 codd.
989 2489 1019 2518 et
1035 2496 1131 2526 egena
1144 2486 1431 2526 septenaria-261
1456 2486 1553 2519 Unus
1569 2485 1691 2518 Behot.
1706 2484 1740 2516 in

943 2571 1086 2604 NOTIE

334 2638 397 2670 2-14
421 2635 556 2667 Penthei
562 2635 654 2677 jugi]
676 2637 719 2668 Id
735 2641 798 2678 est,
826 2637 988 2669 Cithaero-
1042 2636 1156 2668 fallax.
1733 2654 1737 2657 Δ

291 2687 358 2727 nis,
376 2687 508 2718 Penthei
523 2687 601 2726 jugi
616 2687 700 2719 dicti
718 2698 737 2720 a
753 2688 919 2724 Pentheo,
932 2687 989 2729 qui
1083 2689 1146 2718 258
1171 2685 1241 2721 Quo
1253 2686 1391 2726 praedita
1402 2685 1503 2726 cultu]
1518 2683 1653 2718 Ironice
1667 2683 1736 2717 dic-

290 2737 337 2771 ibi
353 2747 373 2768 a
387 2736 640 2768 Bacchantibus
649 2737 843 2778 discerptus
855 2737 932 2769 fuit.
1042 2741 1091 2769 ta.
1116 2736 1270 2778 Guyetus.

333 2789 398 2821 246
433 2787 505 2818 Non
530 2786 656 2827 blanda]
692 2787 769 2819 Non
806 2785 904 2827 falsa,
930 2796 988 2819 seu
