1846 3120
263 207 377 250 1202

762 217 803 247 Ρ.
834 215 1026 247 ΡΑΡΙΝΠ
1059 215 1224 248 8ΤΑΤΙΙ

263 313 470 365 Quercus
486 312 646 354 anhela
664 311 694 353 J
697 311 812 362 ovis,
831 310 1112 366 Trojanaque
1129 311 1354 366 Thymbra
1369 313 1547 356 tacebit.

264 382 359 435 Ipsi
380 393 544 430 amnes,
566 380 767 434 ipsaeque
787 379 938 420 volent
957 391 1157 420 arescere
1174 380 1339 421 laurus.

262 449 369 502 Ipse
390 447 496 488 nihil
517 451 684 488 certum
701 446 822 499 sagis
842 446 1122 499 clangoribus
1143 446 1279 488 aether

261 515 493 565 Praecinet,
510 520 555 555 et
571 513 696 554 nulla
711 513 918 555 ferientur
934 514 991 555 ab
1008 513 1115 555 alite
1131 514 1286 555 nubes.

1630 515 1717 559 205

257 581 447 635 Jamque
466 581 547 622 erit
565 580 639 622 ille
660 580 773 631 dies,
795 583 947 634 quote
968 593 1144 634 quoque
1165 581 1346 623 conscia
1364 581 1448 624 fati

255 648 443 703 Templa
462 648 625 697 colant,
643 647 887 702 reddatque
904 652 1007 690 tuus
1026 660 1245 702 responsa
1264 649 1484 692 sacerdos.

259 784 291 811 et
304 782 392 822 sylva
406 780 529 812 cornuti
542 780 684 819 auguris,
699 783 730 812 et
744 789 872 820 quercus
886 779 999 811 anhela
1020 778 1114 810 Jovis
1133 779 1278 819 Molossi,
1291 782 1323 812 et
1340 779 1495 822 ssymbm

1513 781 1648 831 Mena
1659 782 1714 813 ob-

258 826 441 855 mutescent.
485 822 553 864 Ipsi
568 822 666 863 fluvii
691 823 791 854 volent
812 822 940 860 siccari,
957 826 989 853 et
1012 821 1090 862 ipsae
1116 821 1221 853 laurus
1243 832 1437 855 marcescere.
1481 823 1556 864 Ipse
1567 824 1624 856 ae'r
1636 824 1717 857 nihil

255 866 406 906 predicet
436 865 647 897 indubitatum
668 865 768 896 doctis
787 864 912 896 vocibus
933 864 1049 903 urium,
1069 873 1125 895 nec
1147 864 1242 896 nubes

1262 865 1468 905 pulsabuntur
1485 866 1524 899 ab
1544 867 1608 899 nlla
1627 867 1714 900 alite.

258 908 393 949 Jamque
403 908 482 947 ulmi
495 911 613 949 tempus
626 907 741 949 ueniet,
755 917 813 948 quo
828 910 864 939 tu
876 916 992 948 quoque
1002 906 1139 939 coleris
1127 916 1161 939 ιη
1174 908 1295 949 templis
1305 907 1479 947 ubisutura
1489 909 1713 951 predicentur,

872 1007 991 1020 eeeee

258 1084 353 1115 Dan.
368 1083 449 1115 Put.
463 1084 586 1116 Petav.
601 1083 829 1123 Lindenbrog.
844 1086 880 1115 et
896 1083 998 1115 Cruc.
1012 1081 1188 1121 feriuntur.
1191 1085 1297 1116 -207
1323 1084 1447 1126 Templa

993 1005 1111 1019 000000

1467 1086 1579 1127 colent,
1591 1087 1713 1119 reddet·

258 1136 315 1166 que
331 1127 421 1159 Dan.
437 1126 518 1158 Put.
530 1126 653 1158 Petav.
669 1125 773 1158 Aldd.
786 1125 896 1158 Colin.
910 1124 1043 1166 Gryph.
1058 1124 1162 1156 Basil.
1178 1125 1292 1158 Plant.
1310 1126 1539 1171 Lindenbrog.
1556 1133 1592 1160 et
1607 1128 1713 1161 Cruc-

260 1168 387 1210 Templa
411 1169 525 1209 colant,
552 1170 722 1210 reddatque
748 1166 855 1210 Lang.
878 1167 982 1200 Laur.
1007 1167 1139 1200 Buslid.
1158 1168 1310 1210 Lipsian.
1324 1169 1464 1203 Behott.
1482 1173 1510 1202 1.
1523 1173 1554 1204 2.
1569 1163 1710 1205 Venett-

919 1262 1060 1294 NOTAE

257 1337 350 1380 apud
375 1338 549 1380 Hyginum
566 1338 737 1370 volumine
758 1337 908 1370 secundo
923 1337 956 1369 in

260 1387 391 1427 Ariete,
407 1397 483 1420 cum
505 1388 563 1420 siti
578 1387 756 1420 confectus
774 1397 958 1429 peragran-

258 1438 302 1470 do
328 1437 484 1479 Libyam,
513 1447 670 1478 magnam
696 1448 793 1480 aquae
815 1438 957 1479 ‘copiam

255 1491 377 1519 nactus
389 1487 523 1528 fuisset,
546 1487 632 1519 duce
650 1487 759 1519 ariete
781 1497 882 1528 quem
897 1487 956 1519 ob-

254 1537 347 1569 vium
377 1537 554 1569 babuerat.
598 1539 646 1569 Et
672 1547 748 1569 cum
779 1538 838 1569 ille
867 1538 956 1569 aries

257 1588 370 1620 subito
402 1588 607 1628 evanuisset,
638 1588 806 1628 templum
836 1587 956 1619 eodem

254 1639 332 1670 loeo
359 1638 456 1672 Jovis
483 1637 657 1670 Ammonis
695 1647 770 1669 cum
803 1637 955 1669 arietinis

256 1689 415 1721 cornibus
431 1688 609 1720 simulacro
626 1687 718 1719 facto
734 1687 903 1728 condidit,
918 1691 956 1720 et

255 1739 398 1770 arietem
422 1738 514 1770 inter
539 1737 654 1769 sidera
668 1737 842 1778 figuravit.
888 1738 954 1769 Ea-

255 1790 333 1821 dem
364 1788 470 1821 refert
496 1787 723 1820 Germanieus
745 1797 789 1819 ex
812 1787 954 1830 Nigidio

256 1839 299 1871 ad
332 1838 433 1871 Arati
463 1838 616 1870 arietem.
662 1836 837 1869 Diodorus
872 1846 953 1869 vero

252 1888 388 1921 Siculus
416 1889 580 1929 templum
612 1887 686 1929 ejus
712 1887 755 1918 ab
791 1888 950 1928 AEgyptio

252 1940 372 1971 Danao
387 1938 562 1971 conditum
577 1938 709 1970 scribit.
753 1937 850 1969 Idem
877 1937 954 1969 Am-

253 1998 389 2021 monem
410 1988 528 2029 Libyae
559 1997 674 2029 regem
703 1987 810 2019 fuisse
835 1987 954 2029 tradit,

253 2048 419 2080 usumque
434 2038 469 2069 in
486 2038 575 2069 bello
587 2038 695 2079 galea,
706 2037 804 2078 cujus
818 2037 954 2079 insigne

251 2088 320 2121 fuit
342 2095 448 2131 caput
463 2090 593 2129 arietis,
619 2094 655 2122 et
672 2090 836 2131 quosdam
863 2088 953 2121 affir-

252 2149 345 2171 mare
360 2144 484 2171 natura
500 2140 534 2171 in
547 2145 693 2181 utroque
710 2142 864 2180 tempore
877 2148 953 2180 par-

251 2189 330 2220 vula
345 2188 503 2220 habuisse
525 2198 663 2228 cornua,
678 2189 823 2230 ideoque
849 2187 952 2219 filium

252 2239 324 2280 ejus
339 2239 543 2281 Dionysium
569 2239 644 2280 pari
669 2238 771 2270 fuisse
788 2243 953 2280 aspectu:

252 2289 470 2331 posterisque
511 2290 687 2329 traditum,
725 2290 834 2321 Deum
864 2289 954 2322 hunc

252 2349 379 2372 cornua
407 2344 572 2380 gestasse.
615 2341 815 2382 Extantque
849 2340 949 2372 hodie

251 2389 393 2429 nummi,
414 2390 448 2421 in
471 2400 612 2431 quorum
635 2400 701 2421 una
727 2394 826 2431 parte
842 2390 949 2422 caulis

251 2440 418 2480 laserpitii
434 2440 617 2480 impressus
630 2445 696 2482 est,
707 2441 739 2472 in
752 2441 861 2472 altera
876 2451 950 2472 cor-

250 2489 349 2530 niger
363 2488 517 2521 Ammon.
554 2490 646 2522 Hinc
665 2490 860 2523 Alexander
874 2491 949 2523 Ma-

251 2539 348 2578 cedo,
372 2539 428 2580 qui
453 2538 543 2570 filius
563 2539 735 2572 Ammonis
762 2541 951 2573 existimari

250 2588 397 2629 volebat,
419 2589 572 2621 arietinis
595 2590 755 2623 cornibus
781 2592 815 2622 in
837 2591 951 2632 capite

251 2639 390 2680 depingi
403 2649 442 2671 ac
460 2639 539 2671 cudi
551 2641 659 2672 voluit
675 2640 717 2672 ad
733 2641 834 2673 {idem
848 2651 951 2683 gene-

249 2689 318 2720 ris:
342 2689 431 2720 unde
455 2690 499 2721 ab
529 2690 701 2722 Arabibus
729 2691 952 2733 Zoulcurnai'n,

250 2746 310 2771 seu
333 2739 461 2771 liabens
492 2739 559 2772 duo
584 2750 709 2773 cornua
732 2749 871 2775 vocatus
888 2747 952 2775 est.

1013 1336 1113 1370 Quod
1131 1341 1166 1370 et
1181 1338 1289 1370 ceteri
1314 1339 1525 1372 Macedoniae
1549 1349 1647 1383 reges
1663 1341 1712 1374 fe-

1011 1396 1101 1423 cere,
1127 1395 1166 1419 ut
1190 1398 1318 1421 cornua
1341 1394 1516 1430 gestarent
1539 1389 1573 1422 in
1599 1391 1711 1432 galea.

1012 1437 1140 1469 Molossi
1170 1438 1309 1474 Quercus
1332 1440 1442 1471 anhela
1456 1440 1566 1482 Jovis]
1589 1440 1710 1474 Innuit

1010 1487 1182 1518 oraculum
1197 1487 1219 1520 J
1223 1488 1293 1519 ovis
1317 1488 1486 1521 Dodonaei
1500 1489 1535 1521 in
1550 1490 1713 1523 Molossia

1011 1537 1107 1578 Epiri
1123 1538 1308 1578 provincia.
1332 1539 1420 1571 Vide
1434 1539 1541 1573 Theb.
1562 1549 1619 1574 ιιι.
1633 1543 1711 1577 475.

1010 1587 1274 1628 Elegantissime
1289 1594 1402 1621 autem
1419 1590 1430 1607 ⁴
1444 1590 1599 1622 anhelam
1611 1590 1620 1605 ’
1634 1590 1710 1622 dix-

1009 1637 1038 1669 it
1052 1647 1114 1679 per
1130 1638 1385 1672 similitudinem
1401 1643 1530 1681 vatum,
1551 1640 1611 1683 qui
1632 1641 1711 1674 Deo

1010 1687 1102 1728 pleni
1123 1691 1161 1720 et
1184 1689 1381 1722 anhelantes
1397 1700 1558 1732 responsa
1571 1690 1711 1725 dabant.

1010 1739 1107 1779 Virg.
1145 1738 1288 1772 AEn.vt.
1333 1741 1343 1759 ‘
1360 1740 1427 1772 Sed
1457 1746 1579 1783 pectus
1607 1741 1711 1774 anhe-

1009 1788 1077 1820 lum
1096 1789 1140 1820 Et
1153 1789 1248 1821 rabie
1262 1789 1337 1822 fera
1352 1790 1456 1823 corda
1467 1789 1626 1824 tument!

1050 1841 1114 1870 202
1154 1839 1343 1881 Troianaque
1380 1840 1535 1882 Thymbra
1578 1841 1708 1884 tacebit]

1008 1889 1126 1922 Innuit
1139 1892 1315 1923 oraculum
1335 1890 1502 1932 Apollinis
1516 1892 1709 1933 Thymbraei

1006 1949 1114 1982 prope
1140 1941 1288 1982 Trojam.
1331 1941 1420 1973 Vide
1446 1941 1552 1974 Theb.
1575 1952 1601 1975 1.
1630 1945 1708 1975 698.

1007 1990 1170 2023 Ceterum
1202 1991 1360 2033 Guyetus
1397 1992 1459 2024 hos
1502 2002 1563 2024 sex
1592 1989 1708 2026 ven-'sus

1007 2042 1245 2082 praecedentes
1260 2045 1438 2084 suspectos
1453 2043 1570 2075 habet·
1591 2044 1708 2078 Quare

1006 2089 1044 2122 τὸ
1052 2092 1185 2133 Delphis
1195 2103 1271 2125 cum
1285 2092 1348 2134 ipsi
1361 2103 1467 2126 amnes
1480 2094 1512 2126 ei
1524 2099 1708 2127 annecten-

1008 2141 1087 2172 dum
1102 2142 1251 2175 videtur.

1050 2194 1114 2223 203
1130 2193 1199 2233 Ipsi
1210 2191 1330 2234 amnes]
1344 2193 1386 2225 Id
1410 2197 1476 2236 est,
1490 2192 1584 2226 fluvii
1602 2194 1708 2235 Apol-

1007 2241 1070 2273 lini
1095 2242 1197 2283 sacri,
1226 2252 1370 2284 quorum
1408 2243 1548 2276 haustus
1574 2243 1706 2276 faciunt

1007 2291 1136 2323 Poetae
1152 2297 1188 2324 et
1204 2293 1320 2325 vates.
1341 2293 1482 2334 Laurus]
1497 2293 1587 2328 Quia
1601 2293 1709 2336 Apol·

1002 2340 1062 2373 lini
1076 2351 1195 2374 sacrae.

1044 2393 1108 2422 204
1132 2392 1203 2433 Ipse
1222 2391 1303 2424 nihil
1315 2396 1445 2435 certum,
1473 2393 1542 2436 φὴ]
1565 2394 1705 2427 Mortuo
1736 2405 1740 2410 ·

1003 2441 1136 2473 seilicet
1152 2441 1359 2483 Amphiarao
1375 2443 1578 2485 interprete.

1046 2494 1111 2523 206
1131 2492 1265 2534 Jamque
1279 2492 1341 2525 erit
1355 2493 1409 2525 ille
1423 2493 1500 2535 dies,
1513 2503 1572 2535 quo
1584 2497 1615 2526 te
1632 2503 1705 2535 quo-

1003 2553 1060 2584 que
1080 2543 1201 2575 conscia
1222 2544 1307 2586 salgi.
1331 2544 1458 2585 Templa
1485 2546 1600 2586 colant,
1633 2540 1704 2586 ὅτ]

1004 2593 1146 2625 Relatus
1161 2593 1252 2625 enim
1279 2593 1346 2626 fuit
1370 2594 1599 2636 Amphiaraus
1614 2595 1705 2628 inter

1005 2644 1128 2684 Divos,
1150 2643 1252 2687 eique
1281 2646 1448 2686 templum
1474 2650 1628 2678 erectum
1660 2656 1701 2678 eo

1004 2693 1080 2726 loco
1102 2703 1170 2735 quo
1195 2693 1376 2736 absorptus
1402 2694 1482 2736 fuit,
1505 2696 1564 2738 qui
1590 2695 1635 2728 ob
1666 2696 1703 2728 id

1007 2743 1151 2785 Harma,
1165 2744 1229 2777 hoe
1245 2748 1309 2786 est,
1320 2754 1453 2788 currus,
1470 2750 1610 2780 vocatu·
1625 2744 1703 2780 fuit.
