1846 3120
304 212 418 255 1562

794 227 835 256 P.
867 227 1055 259 PAPINu
1089 227 1254 262 STATu

302 315 486 368 Atridae,
507 317 760 371 famamque
782 319 902 361 avidi
922 321 1080 364 virtute
1100 328 1327 377 paternam

300 382 496 438 Tydides
516 384 838 440 Sthenelusque
855 393 1066 441 premant,
1087 402 1166 432 nec
1188 392 1347 445 cogitet
1367 406 1506 438 annos

299 449 578 501 Antilochu5‚
600 455 854 507 septemque
873 452 994 508 Ajax
1014 457 1204 498 umbone
1223 464 1430 502 coruscet

1658 464 1746 507 470

300 514 497 558 Armenti
515 530 653 572 reges»,
673 523 808 574 atque
827 534 1001 576 aequum
1021 525 1244 565 moenibus
1263 526 1428 578 orbem,

300 582 513 625 Consiliis
530 585 750 640 armisque
769 587 876 641 vigil
894 589 1127 632 contendat
1150 590 1333 644 Ulixe-‘33

299 649 455 693 Omnis
474 652 520 693 in
541 652 769 695 absentem
791 654 891 696 belli
910 668 1070 697 manus
1091 656 1216 699 ardet
1234 657 1448 702 Achillem
1466 674 1477 714 ς

298 717 478 759 Nomen
498 717 686 761 Achillis
706 723 864 771 amant,
884 722 987 771 etin
1007 722 1204 765 Hectora
1221 725 1346 767 solus
1363 725 1563 772 Achilles

298 783 531 827 Poscitur:
562 786 686 827 illum
706 799 840 828 unum
860 787 1043 831 Teucris
1062 789 1328 845 Priamoque
1346 792 1585 848 loquuntur

1656 799 1745 843 475

296 850 520 894 Fatalem:
551 853 649 907 quis
668 854 780 895 enim
800 854 1051 898 Haemoniis
1072 858 1157 898 sub
1178 858 1366 901 vallibus
1386 860 1495 903 alter

294 917 506 969 Creverit,
527 918 690 961 effossa
707 924 886 975 reptans
906 922 1037 966 nive?
1068 923 1196 979 cujus
1217 925 1274 967 ab
1294 931 1393 968 ortu

1621 990 1624 994 .
1679 976 1692 993 Ι

294 1046 353 1077 duo
365 1047 490 1080 Atridoe
504 1048 615 1082 bellum
627 1061 684 1092 pro
695 1061 728 1083 se
740 1051 862 1092 pariter
872 1055 1000 1091 gerant,
1021 1055 1052 1083 et
1076 1053 1219 1086 ardentes
1233 1053 1400 1087 Sthenelus
1420 1058 1452 1088 et
1466 1055 1742 1099 Tydides‘obruont

292 1097 348 1121 aua
362 1090 479 1123 virtute
489 1096 653 1133 paternam
659 1093 792 1134 famam,
805 1105 861 1126 nec
875 1094 1060 1127 Antilochus
1073 1097 1190 1136 cogitet
1201 1106 1287 1128 suam
1299 1101 1436 1138 oetatem,
1449 1102 1481 1130 et
1487 1098 1575 1139 Aiax
1582 1106 1748 1132 coruscare·

282 1131 390 1168 saciat
403 1134 553 1174 clypeum,
574 1140 689 1176 septem
702 1137 796 1168 coriis
809 1136 932 1168 bubulis
946 1140 1126 1178 contectum,
1147 1141 1179 1170 et
1199 1148 1252 1170 suo
1272 1140 1389 1171 ambitu
1412 1142 1563 1183 oequalem
1582 1141 1741 1183 militis,

292 1177 325 1204 et
339 1175 434 1206 solers
453 1177 483 1207 U
485 1177 581 1218 lysses
593 1181 688 1210 certet
701 1179 839 1210 consiliis
853 1182 884 1210 et
894 1179 1054 1220 praeclark
1059 1180 1161 1219 sactis
1168 1192 1181 1219 ;
1199 1185 1327 1214 cunctus
1341 1186 1444 1215 tamen
1458 1183 1615 1216 exercitu·
1626 1185 1739 1216 arden·-

290 1218 341 1246 ter
353 1218 510 1250 desiderat
523 1220 677 1252 absentem
691 1221 843 1253 Achillem
851 1232 865 1258 ;
886 1221 1024 1261 diligunt
1044 1232 1152 1255 nomen
1167 1223 1311 1264 Achillis,
1332 1228 1364 1256 et
1376 1226 1458 1257 solus
1471 1225 1609 1258 Achilles
1619 1226 1740 1267 expeti·-

290 1260 342 1289 tur
353 1261 501 1293 adversus
513 1262 693 1294 Hectorem.
740 1264 885 1295 Clamant
898 1264 986 1296 illum
997 1266 1094 1296 solum
1108 1265 1244 1304 fatalem
1260 1266 1401 1304 Troianis
1422 1271 1454 1299 et
1468 1268 1611 1300 Priamo.
1658 1269 1740 1305 Quis

289 1301 371 1332 enim
385 1303 553 1335 adoleverit
565 1305 600 1336 in
614 1305 744 1337 vallibus
759 1305 949 1346 Hoemoniis,
963 1310 1091 1347 reptans
1101 1317 1158 1348 per
1174 1312 1340 1340 excavatas
1353 1306 1464 1342 nives?
1486 1321 1506 1342 a
1519 1310 1607 1350 cilius
1620 1311 1741 1343 nativi-

896 1398 1132 1412 ”NM‘OOOOO

285 1457 327 1493 Τ.
343 1458 384 1490 R.
410 1460 593 1500 contempsit
614 1464 822 1494 cerum—470
845 1462 1010 1494 Nonnulli
1033 1463 1134 1495 codd.
1157 1464 1421 1507 Lindenbrogii:
1443 1470 1625 1508 septenoque
1639 1467 1738 1508 Aias,

283 1500 448 1538 ‹Ru—471
467 1503 611 1535 Armenti
634 1513 748 1544 greges
771 1504 863 1536 Dan.
888 1505 972 1536 Put.
995 1505 1117 1538 Petav.
1144 1505 1249 1539 Aldd.
1278 1508 1387 1540 Colin.
1414 1509 1545 1551 Gryph.
1567 1510 1674 1542 Basil.
1699 1516 1737 1542 et

287 1542 404 1575 Plant.
429 1543 578 1576 Armenti
602 1555 692 1586 reges
719 1547 804 1578 Exc.
826 1547 933 1587 Burg.
954 1547 1112 1579 Petrens.
1137 1549 1243 1590 Lang.
1268 1550 1368 1583 Laur.
1384 1551 1517 1584 Buslid.
1534 1551 1683 1593 Lipsian.
1699 1557 1736 1585 et

284 1584 428 1619 Venett.
450 1588 606 1620 viantibus
627 1589 729 1621 orbem
755 1589 844 1621 Dan.
873 1589 994 1621 Petav.
1025 1590 1131 1631 Lang.
1155 1592 1257 1624 Laur.
1280 1592 1418 1625 Busiid.
1434 1594 1586 1634 Lipsian.
1603 1599 1639 1626 et
1653 1594 1735 1626 edd.

286 1631 366 1659 ante
394 1629 544 1662 Gronov.
568 1630 657 1662 Vide
679 1632 762 1664 Not.
779 1631 965 1663 Van—472
987 1632 1255 1674 Lindenbrogius
1278 1634 1347 1676 legi
1369 1635 1476 1677 jussit
1500 1646 1545 1668 ex
1566 1640 1636 1669 vet.
1659 1637 1735 1669 cod.

280 1669 452 1713 animisque
465 1672 664 1712 vigil.—4⁷7
689 1674 773 1705 Exc.
788 1674 896 1715 Burg.
910 1677 1038 1716 raptans
1062 1675 1254 1708 nina—4⁷9
1275 1677 1399 1711 Petav.
1419 1679 1531 1711 semita
1543 1679 1733 1711 centn-480

939 1769 1081 1803 NOTAE

325 1841 390 1870 469
414 1838 563 1880 Tydides]
586 1839 770 1872 Diomedes
797 1839 886 1872 tilius
910 1839 981 1881 Ty-
1033 1850 1212 1873 coruscare
1226 1841 1345 1874 faciat.
1389 1843 1509 1884 Reges]
1528 1843 1570 1875 Id
1584 1849 1647 1881 est,
1662 1845 1734 1885 pel-

280 1887 339 1920 dei
358 1898 400 1919 ex
426 1888 572 1929 Deipyle
600 1889 740 1921 Adrasti
761 1889 842 1922 filia.
885 1889 978 1922 Sthe-

280 1939 444 1979 nelusque]
477 1939 657 1971 Sthenelus
683 1940 835 1981 Capanei
865 1949 909 1971 ex
935 1940 978 1970 E-

281 1987 393 2020 vadne
421 1987 521 2025 filius,
539 1989 631 2021 inter
653 1988 857 2021 fortissimos
873 1989 978 2021 duces

280 2043 478 2070 numeratur
493 2048 513 2070 a
528 2038 652 2079 poetis.
696 2039 768 2071 Nec.
785 2038 901 2078 cogitet
922 2049 978 2070 an-

279 2097 336 2119 nos
350 2088 549 2129 Antilochus]
571 2088 772 2121 Antilochus
788 2088 877 2120 filius
890 2089 977 2121 Nes-

280 2138 377 2178 toris,
392 2139 449 2179 qui
466 2138 645 2170 admodum
664 2138 802 2180 juvenis
829 2139 923 2170 venit
941 2138 976 2169 in

279 2192 395 2219 castra
424 2187 637 2221 Graecorum.
681 2188 808 2220 Postea
843 2189 975 2221 occisus

277 2238 346 2270 fuit
360 2248 380 2270 a
403 2239 595 2280 Memnone,
621 2243 659 2271 ut
686 2239 770 2271 dicit
793 2239 976 2271 Homerum

278 2288 423 2321 Ovidius
441 2293 553 2320 tamen
576 2289 703 2321 victum
729 2293 766 2321 et
787 2294 975 2330 peremtum

277 2338 320 2370 ab
346 2338 502 2370 Hectore
525 2338 641 2370 tradit.
685 2338 841 2379 Epistola
865 2339 975 2371 Pene-

277 2389 394 2429 lopes:
417 2388 427 2405 ‘
443 2388 523 2420 Sive
536 2388 610 2429 quis
628 2387 845 2420 Antilochum
860 2397 974 2419 narra-

276 2438 339 2469 bat
354 2438 396 2469 ab
419 2438 573 2470 Hectore
600 2438 747 2477 victum3
774 2436 974 2469 Antilochus

276 2488 383 2519 nostri
399 2495 500 2519 causa
513 2488 641 2519 timoris
654 2487 752 2519 erat!

317 2539 380 2568 470
404 2536 586 2577 Septemque
605 2536 693 2577 Ajax
712 2537 840 2569 umbone
866 2546 971 2568 corus-

272 2590 322 2620 cet
336 2587 482 2618 Armenti
506 2596 607 2627 reges,
625 2590 717 2628 atque
730 2597 851 2628 oequum
865 2587 972 2619 moeni·

274 2639 331 2670 bus
344 2636 461 2677 orbem]
495 2636 582 2678 Ajax
593 2638 783 2671 Telamonis
798 2637 899 2678 filius,
913 2637 971 2680 qui

273 2700 350 2723 cum
387 2689 567 2720 duodecim
597 2689 738 2720 navibus
770 2689 970 2722 Salaminio-

273 2750 347 2773 rum
362 2739 505 2772 venitin
520 2738 656 2772 bellum.
704 2739 869 2781 coruscet]
901 2740 970 2772 Pro

1031 1890 1082 1921 les
1106 1894 1277 1922 taurorum
1307 1891 1510 1933 principum,
1541 1893 1729 1934 praecipuo-

1032 1948 1118 1971 rum.
1140 1940 1198 1972 Sic
1215 1940 1344 1972 Noster
1358 1941 1463 1973 Theb.
1476 1950 1536 1973 111.
1582 1942 1731 1983 clypeum

1029 1988 1160 2020 vestisse
1177 1988 1325 2030 juvenco]
1363 1989 1592 2022 Immodernte
1617 1992 1728 2033 nimis,

1031 2042 1068 2070 et
1089 2038 1322 2080 hyperbolice.
1365 2039 1466 2072 Unde
1485 2039 1580 2081 Ajax
1602 2041 1729 2074 Ovidio

1030 2087 1171 2128 dicitur,
1197 2091 1206 2106 ‘
1220 2089 1344 2130 Clypei
1360 2089 1514 2121 dominus
1531 2091 1728 2132 septempli-

1030 2136 1103 2170 cis!
1146 2138 1283 2179 AEquum
1293 2139 1443 2172 moenibus
1456 2138 1575 2181 orbem]
1603 2140 1732 2173 Home:

1030 2197 1088 2219 rus
1104 2186 1146 2218 de
1162 2185 1272 2228 Ajace
1288 2188 1447 2230 loquens:
1470 2187 1546 2227 ἦλθε
1556 2187 1656 2231 φέρων
1669 2188 1727 2221 σά-

1028 2248 1082 2269 κος
1095 2235 1170 2275 ἠΰτε
1183 2235 1318 2277 πύργων.

1070 2289 1134 2319 473
1156 2286 1326 2328 Achillem]
1363 2287 1405 2319 In
1428 2286 1507 2319 fatis
1530 2287 1621 2320 enim
1651 2293 1725 2321 erat

1027 2337 1164 2377 Trojam
1199 2337 1391 2377 expugnari
1427 2346 1495 2369 non
1525 2347 1623 2379 posse
1650 2339 1724 2372 sine

1028 2386 1174 2418 Achille.

1069 2439 1134 2468 474
1157 2435 1311 2477 Hectora]
1322 2435 1467 2477 Hector,
1478 2436 1610 2470 Primi
1618 2437 1723 2480 (filius,

1026 2488 1116 2519 solus
1129 2490 1204 2519 erat
1217 2487 1509 2528 propugnaculum
1523 2487 1648 2528 Trojae.

1066 2540 1131 2570 476
1153 2536 1347 2577 Hoemoniis]
1370 2537 1587 2569 Thessalicis.

1065 2589 1128 2619 477
1152 2586 1279 2628 Effossa
1305 2590 1431 2627 reptans
1451 2587 1539 2628 nive]
1569 2588 1721 2620 Exordia

1023 2636 1180 2678 pueritiae
1209 2635 1351 2670 Achillis
1375 2636 1552 2669 describit.
1595 2637 1650 2669 Sic
1666 2648 1721 2670 su·

1021 2696 1104 2728 pra:
1137 2686 1146 2704 ‘
1165 2686 1267 2718 Nunc
1291 2686 1384 2718 illum
1406 2696 1473 2719 non
1500 2686 1589 2730 Qua
1616 2689 1721 2729 capit,

1022 2746 1088 2770 non
1115 2735 1236 2769 Pelion
1253 2735 1371 2778 ingens
1385 2736 1656 2781 Thessalicamque
1672 2739 1722 2771 ni·
