1846 3120
265 222 380 266 1594
766 234 806 264 Ρ.
837 231 1032 265 vAmNu
1065 231 1230 264 surii

266 328 508 370 Solvuntur
521 325 702 370 laudata
721 324 897 379 cohors,
918 332 1203 384 repetuntque
1224 333 1409 384 paterna

266 394 454 446 Limina,
474 395 555 436 ubi
575 396 617 437 in
637 395 795 445 mediae
810 395 1071 449 jamdudum
1092 395 1271 438 sedibus
1291 395 1406 439 aulae

267 461 471 513 Munera,
490 462 710 515 virgineos
732 462 854 506 visus
874 466 1080 513 tractura,
1099 463 1271 505 locarat

265 529 481 583 Tydides,
502 529 675 582 signum
695 530 890 584 hospitii,
909 531 1184 584 pretiumque
1202 530 1370 572 laboris
1386 545 1398 584 ς
1639 527 1726 570 170

267 596 570 652 Hortaturque
588 598 749 652 legant,
779 611 862 640 nec
881 612 961 640 rex
983 598 1316 652 placidissimus
1331 601 1463 640 arcet.

266 663 376 705 Heu
397 664 603 718 simplex,
621 665 891 719 nimiumque
910 665 1047 715 rudis,
1070 665 1149 719 qui
1167 665 1332 707 callida
1347 664 1477 715 dona,

266 730 591 785 Graiorumque
609 731 751 782 dolos,
771 732 1026 786 variumque
1048 732 1220 785 ignorat
1241 731 1445 773 Ulixem!

267 797 392 840 Hinc
414 799 530 850 aliae,
552 812 668 852 quas
690 811 828 840 sexus
847 800 977 850 iners,
997 803 1239 853 naturaque
1260 798 1395 849 ducit,
1610 839 1614 843 .

266 864 362 907 Aut
379 870 538 907 teretes
555 865 746 919 thyrsoS,
763 870 841 907 aut
859 866 1174 920 respondentia
1189 869 1359 907 tentant
1591 913 1594 919 ,
1641 863 1727 907 175

265 931 516 987 Tympana,
535 933 764 985 gemmatis
787 937 863 974 aut
881 936 1063 975 nectunt
1077 937 1275 987 tempora
1293 931 1467 974 limbis:

267 997 408 1041 Arma
427 998 592 1049 vident,
612 1012 858 1054 magnoque
878 1002 1038 1054 putant
1058 999 1220 1042 donata
1237 1000 1441 1054 parenti.—

266 1065 331 1107 At
349 1065 467 1107 ferus
487 1065 717 1117 AEacides,
737 1067 976 1109 radiantem
996 1071 1047 1108 ut
1067 1066 1270 1108 cominus
1290 1067 1442 1111 orbem

267 1131 484 1175 Caelatum
504 1134 665 1188 pugnis
686 1134 837 1185 saevis,
857 1138 902 1175 et
918 1134 1030 1176 forte
1048 1134 1274 1176 rubentem

267 1201 494 1249 Bellorum
512 1201 713 1252 maculis,
733 1201 949 1243 acclinem
971 1205 1014 1243 et
1033 1201 1257 1256 conspicit
1274 1201 1470 1254 hastam3
1499 1230 1501 1233 v
1543 1256 1547 1259 .
1642 1200 1726 1246 180

266 1268 514 1319 Infremuit,
535 1268 752 1324 torsitque
772 1281 917 1322 genas,
929 1272 973 1310 et
990 1268 1131 1310 fronte
1151 1268 1310 1310 relicta
1728 1274 1730 1276 ’

266 1327 506 1378 Surrexere
527 1348 693 1378 comae:
724 1347 938 1390 nusquam
959 1334 1170 1377 mandata
1188 1336 1401 1390 parentis,

267 1402 505 1457 Nusquam
526 1401 724 1444 occultus
744 1403 883 1452 amor,
902 1404 1089 1456 totoque
1109 1402 1153 1443 in
1170 1406 1349 1457 pectore
1367 1401 1508 1457 Troja
1527 1406 1610 1444 est.
1658 1407 1659 1411 ’

266 1514 330 1543 tem
351 1510 494 1552 thyrsum
519 1513 550 1542 et
577 1513 726 1552 tympana
746 1520 767 1542 a
785 1512 885 1542 matre
901 1510 987 1542 data.
1031 1510 1206 1542 Discedunt
1226 1510 1337 1551 puellae
1351 1509 1493 1542 laudibus
1505 1509 1684 1548 celebrata,
1696 1511 1728 1542 et

266 1554 398 1585 redeunt
413 1554 454 1584 ad
476 1557 642 1594 paternam
656 1553 789 1593 regiam,
802 1553 856 1584 ubi
877 1553 975 1594 Tydei
989 1551 1084 1594 filius
1095 1520 1283 1591 jamdudum
1304 1556 1447 1594 posuerat
1461 1552 1495 1583 in
1517 1532 1729 1592 penetralibus

266 1595 377 1627 medioe
390 1596 472 1628 auloe
485 1596 566 1627 dona
580 1605 763 1627 conversura
778 1596 878 1626 oculos
893 1595 1087 1644 puellarum,
1093 1605 1221 1628 munera
1235 1595 1400 1636 hospitalia
1411 1598 1442 1627 et
1455 1594 1634 1627 saltationis
1645 1604 1729 1636 prae-

265 1638 374 1679 mum,
397 1641 550 1687 rogatque
563 1634 700 1679 capiant,
714 1648 769 1670 nec
784 1647 843 1669 rex
857 1637 1041 1669 mitissimus
1060 1637 1336 1679 prohibet.11eu
1358 1638 1518 1678 incautus,
1537 1637 1728 1678 nimiumque

264 1681 442 1722 imperitus,
466 1681 520 1722 qui
542 1681 642 1712 nescit
663 1680 814 1712 insidiosa
835 1689 974 1720 munera,
988 1680 1182 1721 fraudesque
1209 1680 1403 1720 Graecorum,
1418 1690 1454 1711 ac
1469 1680 1620 1721 duplicem
1637 1677 1729 1720 Ulys-

264 1732 339 1755 sem.
387 1721 473 1755 Hinc
498 1723 586 1762 aliae,
610 1732 686 1771 quas
710 1722 843 1754 imbellis
864 1732 970 1762 sexus,
997 1725 1028 1754 et
1048 1726 1163 1754 natura
1186 1722 1332 1763 impellit,
1354 1723 1519 1763 explorant
1539 1724 1595 1753 aut
1618 1725 1729 1753 teretes

265 1765 402 1807 thyrsos,
417 1769 473 1797 aut
488 1765 664 1798 resonantia
680 1768 842 1807 tympana,
861 1768 917 1796 aut
932 1765 1064 1804 cingunt
1079 1768 1218 1814 tempora
1237 1767 1406 1804 gemmatis
1419 1764 1551 1796 coronis.
1597 1764 1729 1805 Compi·

265 1808 356 1840 ciunt
369 1818 469 1847 arma,
490 1811 521 1839 et
540 1807 737 1839 arbitrantur
753 1808 858 1839 oblata
872 1816 936 1839 esse
949 1807 1073 1847 ingenti
1097 1807 1196 1849 patri.
1240 1808 1287 1839 At
1300 1807 1399 1846 ferox
1411 1807 1563 1844 Achilleo,
1578 1809 1613 1838 ut
1627 1806 1728 1838 cernit

263 1850 393 1891 propius
404 1851 585 1891 fulgentem
598 1851 747 1891 clypeum,
762 1849 796 1881 in
819 1860 876 1891 quo
895 1859 978 1881 soeva
999 1849 1110 1890 praelia
1136 1850 1291 1890 insculpta
1312 1853 1413 1891 erant,
1440 1852 1471 1881 et
1483 1849 1573 1887 sorte
1594 1849 1727 1881 finctum

265 1892 428 1933 sanguine,
443 1897 474 1924 et
488 1893 638 1924 hastam
626 1893 769 1924 annixam
793 1893 922 1933 parieti,
942 1891 1118 1931 infremuit,
1132 1896 1162 1923 et
1177 1892 1273 1924 vertit
1287 1873 1413 1931 oculos,’
1423 1891 1583 1933 crinesque
1596 1890 1662 1930 eine
1674 1895 1726 1922 ar-

264 1935 346 1967 recti
366 1935 508 1974 frontem
523 1937 734 1967 deseruerunt.
779 1934 986 1966 Obliviscitur
998 1935 1091 1974 ,iussa
1105 1935 1218 1966 matris
1232 1937 1264 1966 et
1276 1935 1427 1966 occultum
1440 1943 1586 1974 amorem,
1596 1937 1628 1965 et
1642 1937 1726 1966 totus

874 2017 1119 2031 Oto-“NON“

265 2084 341 2106 cum
359 2074 527 2106 nonnullis
543 2073 643 2107 codd.
650 2075 720 2115 'am
733 2077 956 2107 trucem—174
980 2074 1046 2106 Hic
1071 2075 1144 2107 alioe
1158 2085 1219 2116 qua
1234 2074 1344 2107 codex
1358 2075 1399 2107 Τ.
1414 2074 1460 2107 R.
1483 2074 1550 2107 Hic
1563 2073 1636 2106 alia
1651 2083 1727 2115 quas

264 2118 384 2150 Burm.
408 2117 495 2149 Hinc
518 2117 590 2149 alioe
603 2121 681 2158 quas
699 2127 806 2149 sensus
831 2118 916 2149 Exc.
932 2118 1042 2159 Burg.
1044 2120 1152 2150 -176
1173 2118 1281 2158 Lang-
1297 2114 1547 2153 Laur.13u'slid.
1573 2116 1723 2158 Lipsinu.

264 2160 370 2192 Aldd.
383 2160 492 2192 Colin.
508 2160 643 2201 Gryph.
659 2160 763 2191 Basil.
779 2164 816 2191 et
832 2160 950 2192 Plant.
966 2164 1023 2192 aut
1043 2161 1175 2201 cingunt
1191 2163 1328 2201 tempora
1341 2160 1455 2198 omis,-
1475 2159 1629 2192 nonnulli
1642 2159 1721 2191 Lin-

264 2202 510 2244 denbrogiani:
534 2207 589 2235 aut
608 2203 751 2243 jungunt
776 2205 914 2244 tempora
936 2202 1052 2240 vittis,·
1075 2204 1213 2245 optimae
1238 2203 1373 2235 Heinsii
1394 2203 1614 2242 membranae,
1635 2202 1724 2234 Exe-

264 2245 374 2287 Burg.
391 2252 427 2277 et
442 2245 522 2277 edd.
546 2250 695 2277 recentt.
709 2248 765 2276 aut
789 2248 917 2277 nectunt
942 2248 1080 2287 tempora
1105 2246 1218 2277 limbis.
1262 2245 1351 2277 Vide
1378 2245 1530 2277 Gronov.
1559 2244 1673 2276 Diatr.
1691 2253 1725 2284 p.

264 2290 321 2320 94.
323 2290 429 2320 —176
452 2288 575 2319 Petav.
588 2289 677 2329 patri
701 2289 817 2319 donata
838 2288 1004 2329 putabant.
1007 2290 1113 2320 -179
1133 2288 1143 2305 ‘
1163 2289 1317 2320 C'aelatum
1337 2297 1475 2343 pugnae,
1488 2286 1578 2318 soevie
1590 2289 1623 2318 et
1637 2285 1726 2325 sorte

265 2331 415 2371 eleganti
431 2330 622 2363 Graecismo
639 2334 794 2362 vetustus
808 2330 917 2362 codex
941 2330 1101 2362 exhibet:
1124 2330 1254 2371 vulgati
1275 2329 1413 2371 pugnis!
1435 2330 1528 2361 Dan.
1544 2328 1666 2361 Heius.
1681 2328 1725 2360 ad

266 2373 445 2406 Claudian.
462 2373 594 2414 Paneg.
609 2374 642 2405 in
668 2372 773 2406 Prob.
788 2377 824 2404 et
840 2372 946 2414 Olyb.
962 2373 1063 2405 Cous.
1078 2375 1110 2406 4.
1124 2372 1173 2404 ita
1195 2382 1328 2415 quoque
1343 2371 1446 2405 codd.
1469 2370 1725 2413 Lindenbrogii,

922 2457 1066 2491 NOTAE

308 2525 372 2555 170
395 2522 531 2562 Signum
549 2522 693 2564 hospitii]
715 2523 794 2555 Mos
811 2526 966 2556 veterum
1064 2525 1125 2554 173
1153 2521 1296 2562 Varium]
1335 2521 1438 2554 Unde
1460 2521 1610 2554 δαίδαλος
1632 2519 1724 2563 saepe

264 2578 379 2610 notus,
408 2582 475 2614 quo
503 2573 668 2614 hospites,
691 2578 782 2605 tam
797 2574 968 2615 recipiens
1021 2577 1164 2605 vocatur
1177 2573 1222 2604 ab
1239 2572 1404 2609 Homero,
1419 2572 1484 2605 hoe
1497 2577 1551 2604 est
1565 2569 1683 2604 οιιήιιι.

264 2632 368 2666 quam
397 2626 570 2663 receptus,
595 2622 661 2654 sibi
703 2623 850 2655 invicem
880 2623 971 2655 dona
1067 2625 1128 2654 176
1152 2621 1399 2663 Responderuia]
1426 2621 1605 2662 sonantia,
1631 2619 1723 2663 quod

263 2672 430 2706 facerent.
474 2672 621 2713 Laboris]
642 2672 855 2705 Saltationis.
1023 2672 1215 2704 reclament
1230 2671 1375 2712 pulsata.

298 2718 372 2755 '172
395 2722 515 2763 Rudis]
539 2722 630 2756 Quia
651 2732 718 2755 non
740 2722 970 2765 cognoscebat
1065 2723 1124 2753 181
1155 2720 1276 2762 Genas]
1298 2720 1442 2760 Oculos,
1455 2723 1495 2752 ut
1509 2729 1607 2761 saepe.
1617 2720 1725 2762 Papi-

265 2783 402 2806 causam
418 2772 595 2806 donorum.
1022 2772 1109 2805 nius.
1155 2769 1294 2812 Relicta]
1316 2769 1384 2803 Alii
1398 2770 1518 2812 legunt
1531 2771 1670 2803 reducta.
