1846 3120
291 241 403 287 1500

291 347 409 388 Isset
429 349 472 388 et
491 344 680 386 Arctoas
702 342 902 389 Cadmea
918 343 975 385 ad
998 343 1159 389 moenia
1178 343 1347 388 ducens

294 413 539 467 Hippolyte
562 416 729 452 turmas
746 424 756 453 ι
783 412 935 453 retinet
947 411 1042 465 jam
1059 415 1178 452 certa
1197 410 1404 454 tumentis

766 247 1042 282 -1’.:1³API·N11
1076 247 1241 280 STA'r-ll
1270 259 1281 262 ¹*

294 480 408 533 Spes
428 479 553 529 uteri,
573 478 825 532 conjuxque
845 481 970 530 rogat
989 477 1208 519 dimittere
1228 489 1359 520 curas

295 546 469 596 Martis,
491 549 534 587 et
552 547 757 588 emeritas
775 545 968 587 thalamo
989 557 1162 587 sacrare
1182 545 1422 599 pharetras,

295 613 394 655 Hos
414 613 489 654 ubi
510 612 620 654 velle
640 613 773 662 acies,
791 616 834 654 et
853 611 973 653 dulci
991 612 1174 664 gliscere
1194 612 1304 653 ferro

295 680 404 721 Dux
423 679 557 727 videt,
579 685 709 733 utque
729 680 818 732 piis
839 680 999 733 raptim
1020 679 1128 720 dent
1147 680 1298 722 oscula
1315 680 1432 722 natis

1656 680 1745 725 640

294 746 634 800 Amplexusque
652 747 823 796 breves,
845 758 973 787 curru
994 746 1058 787 sic
1079 746 1191 788 fatur
1211 747 1268 788 ab
1289 747 1376 788 alto
1393 760 1403 788 :

293 813 524 854 Terrarum
543 813 659 865 leges
679 814 721 853 et
740 811 889 853 mundi
907 811 1071 854 foedera
1093 825 1267 855 mecum

298 880 544 924 Defensura
562 891 736 928 manuS,
755 879 909 932 dignas
930 879 1133 922 insumite
1153 884 1315 922 mentes
1528 929 1531 932 Α

296 946 559 1000 Coeptibus:
589 946 671 987 hac
694 958 868 987 omnem
892 946 1145 1000 Divumque
1165 947 1474 1003 hominumque
1493 948 1704 1001 favorem,

295 1066 386 1106 long-a
400 1065 508 1097 umbra
522 1065 623 1105 coegit
636 1075 720 1097 mare
747 1067 898 1098 recedere.
943 1066 1116 1108 Hippolyte
1139 1068 1279 1108 profecta
1291 1068 1409 1107 fuisset
1434 1069 1476 1100 ad
1501 1078 1605 1101 muros
1622 1069 1747 1112 Cadmi,

295 1118 392 1148 agens
406 1108 679 1149 Septemtrionales
693 1112 813 1140 turmas
823 1119 834 1140 :
856 1110 910 1140 sed
931 1119 1001 1150 spes
1023 1114 1107 1141 cerea
1128 1111 1354 1151 proegnationis
1367 1120 1434 1142 eam
1447 1111 1547 1151 sistit,
1570 1115 1602 1144 et
1615 1106 1746 1145 muricus

292 1154 438 1191 precatur
453 1150 584 1190 abjicere
595 1151 731 1182 studium
746 1151 828 1191 belli,
848 1155 880 1183 et
903 1151 1009 1183 dicare
1031 1152 1164 1192 nuptiali
1186 1154 1321 1185 thalamo
1341 1154 1486 1186 emeritas
1509 1155 1653 1192 sagittas.
1672 1163 1675 1166 ⁴
1702 1155 1746 1186 Ue

295 1202 354 1225 rex
367 1194 451 1224 videt
465 1203 516 1224 eos
526 1193 694 1234 praeliundi
709 1193 828 1233 avidos,
843 1198 873 1225 et
885 1195 1023 1225 incensos
1034 1195 1178 1235 cupidine
1191 1205 1359 1235 armorum,
1369 1199 1402 1228 et
1412 1196 1526 1237 raptim
1539 1198 1616 1228 dare
1629 1197 1746 1237 oscum,

296 1238 327 1266 et
348 1235 453 1267 breves
467 1236 627 1276 amplexus
640 1236 704 1276 piis
717 1237 811 1275 natis,
831 1237 876 1267 sic
891 1246 940 1268 eos
953 1238 1118 1277 alloquitur
1133 1248 1151 1269 a
1165 1239 1242 1269 celso
1255 1248 1366 1270 curru.-
1392 1239 1422 1270 Ο
1436 1240 1530 1280 copioe
1544 1249 1662 1271 mecum
1671 1249 1746 1281 pro-

297 1280 426 1309 τεθέαται
431 1278 510 1317 jura
522 1279 676 1317 gentium,
691 1283 721 1309 et
737 1279 843 1310 mundi
859 1278 996 1318 foedera,
1011 1280 1110 1320 capite
1125 1281 1241 1312 animos
1255 1281 1386 1321 inceptis
1401 1283 1628 1323 respondentes.
1663 1283 1746 1314 Con-

294 1323 360 1353 scat
374 1331 429 1353 nos
442 1321 551 1353 habere
566 1331 685 1352 omnem
702 1321 842 1353 Deorum
856 1324 886 1353 et
900 1322 1056 1354 hominum
1071 1322 1231 1364 favorem,
1253 1327 1283 1355 et
1299 1324 1458 1357 Naturam
1473 1325 1591 1364 ducem,
1605 1328 1635 1356 et
1650 1327 1746 1358 εαξη.

903 1411 1141 1424 WOOmmO

297 1475 525 1507 membranae:
549 1479 581 1508 et
604 1475 748 1507 emeritas
775 1476 923 1507 thalamis
931 1487 944 1513 ;
978 1477 1052 1508 alise
1079 1477 1251 1518 ejusdem:
1283 1481 1316 1510 et
1342 1478 1486 1510 emeritas
1515 1477 1745 1510 Veneri-⁴64³

296 1517 474 1556 Defensura
490 1518 596 1549 cohors
619 1518 721 1550 codd.
748 1519 1109 1559 Lindenhrogii.—644
1135 1521 1272 1561 Goeptis:
1295 1521 1351 1552 hac
1375 1531 1494 1552 omnem
1516 1521 1620 1558 Lang.
1643 1520 1748 1553 Laur.

299 1559 427 1592 Buslid.
442 1561 593 1602 Lipsian.
611 1561 693 1592 Put.
710 1561 834 1593 Petav.
850 1560 953 1595 Aldd.
981 1562 1088 1594 Colin.
1105 1563 1237 1604 Gryph.
1254 1564 1358 1595 Basil.
1375 1569 1411 1596 et
1439 1563 1556 1595 Plant.
1581 1562 1748 1604 Cepeibus:

954 1647 1096 1680 NOTAE

301 1722 412 1756 utrius
427 1721 496 1754 Dei
519 1721 656 1753 nomine
681 1721 798 1753 urbem
825 1721 1002 1763 appellan-

299 1772 378 1804 dam
392 1772 522 1803 vellent
533 1771 732 1804 decernere.
761 1772 929 1814 Cecrops,
939 1773 1002 1804 hoe

303 1827 449 1864 accepto
471 1831 646 1863 responso,
662 1832 779 1855 omnes
799 1823 907 1863 cives,
931 1828 1001 1855 tam

302 1875 392 1908 viros
408 1885 507 1917 quam
528 1875 696 1915 mulieres,
706 1875 805 1918 (tunc
817 1876 907 1907 enim
922 1881 1003 1908 tem-

299 1924 393 1966 poris
418 1925 579 1956 mulieres
606 1924 753 1965 publicis
778 1925 924 1959 consiliis
950 1925 1000 1957 in-

299 1973 480 2017 taren-anu)
492 1974 534 2007 ad
550 1973 728 2006 ferendum
743 1975 807 2007 hac
824 1975 868 2007 de
880 1985 918 2007 re
932 1975 1000 2008 suf-

298 2027 444 2069 fragium
470 2031 648 2060 convocat.
691 2028 862 2061 Vicerunt
882 2028 1000 2060 mulie-

300 2089 368 2118 res,
384 2088 460 2120 quae
477 2088 544 2110 una
559 2079 673 2120 plures
685 2083 796 2111 erant.
839 2079 1000 2119 Indigna-

300 2134 356 2162 tus
386 2129 570 2170 Neptunus
599 2133 708 2161 totam
740 2129 999 2161 Atheniensium

302 2184 427 2212 terram
444 2179 541 2220 aquis
556 2179 658 2211 maris
682 2180 860 2221 cooperit:
885 2189 1000 2212 verum

300 2233 361 2264 has
379 2231 504 2273 repulit
517 2231 686 2263 Minerva.
730 2230 879 2262 Innuens
896 2231 1001 2271 igitur

300 2282 388 2315 hene
403 2282 564 2314 fabellam
586 2281 752 2321 Papinius
769 2280 858 2312 dixit
865 2280 1001 2320 frange-

301 2337 365 2373 ret,
390 2333 424 2365 id
451 2337 516 2372 est,
538 2332 706 2371 vinceret,
736 2330 881 2371 refugum
903 2340 1001 2370 mare,

302 2385 337 2416 id
353 2390 420 2424 est,
434 2383 564 2415 victum
580 2382 791 2423 Neptunum,
806 2382 864 2422 qui
891 2391 1002 2412 erum·

302 2444 383 2476 pere
398 2443 516 2476 aquam
526 2433 694 2474 jusserat,
706 2432 799 2471 longa
809 2431 928 2470 umbra,
938 2431 1002 2464 hoe

303 2489 369 2525 est,
384 2485 460 2517 olea
476 2483 630 2521 victrice,
646 2491 746 2523 quam
770 2481 893 2513 victrix
910 2481 1002 2512 exci-

303 2539 395 2567 tarat
421 2534 550 2567 Pallas.
591 2533 641 2565 Ut
668 2536 783 2563 tamen
810 2531 1004 2572 placaretur

304 2585 502 2625 Neptunus,
521 2584 599 2624 lege
624 2588 763 2614 cautum
783 2580 859 2622 fuit,
883 2586 920 2613 ut
946 2590 1004 2612 ne-

303 2637 378 2677 quis
394 2635 553 2667 mulieres
575 2635 584 2652 ‘
596 2633 764 2665 Athenias
776 2632 786 2647 ’
801 2636 952 2671 vocaret,
966 2636 1004 2664 nt

305 2687 415 2718 nullus
439 2684 650 2716 nascentium
673 2688 824 2714 materno
848 2691 1003 2714 censere-

305 2742 362 2769 tur
376 2736 523 2775 nomine,
548 2744 634 2766 neve
650 2734 719 2765 ulla
734 2743 848 2764 earum
862 2733 1003 2774 posthae

1055 1721 1236 1764 Acropolis
1256 1727 1310 1755 est
1335 1723 1558 1756 Athenarum.
1601 1722 1750 1758 Quidam

1055 1773 1188 1814 dicunt,
1203 1783 1280 1806 cum
1292 1774 1473 1815 Neptunus
1486 1777 1525 1806 et
1534 1773 1691 1808 Minerva
1704 1773 1750 1808 de

1055 1823 1200 1857 Athenis
1250 1824 1510 1866 contenderent,
1558 1823 1751 1857 decrevisse

1056 1875 1152 1906 Deos
1182 1875 1289 1908 locum
1324 1874 1357 1907 ei
1385 1873 1646 1916 adjudicandum
1673 1871 1748 1907 fore

1054 1924 1111 1966 qui
1137 1934 1207 1956 rem
1231 1924 1399 1956 utiliorem
1423 1923 1607 1965 proferret·
1652 1923 1749 1965 Nep·

1055 1979 1175 2007 tunum
1192 1973 1314 2015 igitur,
1335 1982 1497 2016 percussa
1514 1972 1667 2007 tridente
1683 1978 1750 2019 [οι-ς

1054 2034 1092 2056 ra
1113 2024 1248 2056 dedisse
1270 2034 1408 2066 equum,
1427 2023 1559 2064 signum
1574 2023 1669 2064 beni,
1682 2023 1751 2056 Mi.

1053 2084 1192 2107 nervam
1218 2084 1300 2107 vero
1325 2074 1510 2116 protulisse
1538 2073 1675 2106 Olivam
1702 2073 1753 2105 in-

1053 2125 1147 2166 signe
1173 2124 1279 2166 pacis,
1306 2124 1423 2165 sicque
1450 2123 1593 2156 vicisse:
1631 2131 1750 2165 pacem

1054 2175 1144 2207 enim
1156 2184 1230 2206 esse
1246 2174 1336 2206 bello
1352 2173 1538 2208 meliorem.

1095 2229 1158 2258 635
1172 2225 1321 2266 Arctoas]
1331 2224 1645 2266 septemtrionales.
1668 2223 1750 2257 Ged-

1053 2278 1133 2310 meia
1147 2279 1187 2309 ud
1202 2275 1329 2316 moenio]
1350 2274 1496 2308 Thebas.

1073 2345 1076 2349 -
1097 2330 1161 2360 639
1184 2325 1271 2366 Hos]
1292 2324 1535 2357 Athenienses-

1097 2381 1161 2410 640
1183 2376 1278 2417 Dux]
1299 2376 1464 2408 Theseus.

1097 2431 1160 2461 642
1187 2428 1353 2459 Terrarum
1364 2426 1446 2465 leges
1456 2428 1486 2456 et
1501 2423 1754 2465 muudisoedem]

1056 2477 1223 2512 Eusebius
1250 2476 1340 2508 Hist.
1371 2474 1465 2507 Eccl.
1504 2482 1586 2506 xix.
1611 2483 1688 2515 cap.
1719 2477 1752 2506 8.

1057 2532 1157 2562 vocnt
1182 2525 1304 2568 φύσεως
1332 2523 1471 2564 Θεσμοὺς,
1497 2525 1583 2564 leges
1616 2528 1751 2556 naturae.

1055 2578 1226 2619 ,Iosephus
1242 2580 1279 2608 et
1294 2575 1393 2607 Philo
1405 2573 1513 2615 νόμους
1525 2575 1656 2615 βροτῶν,
1669 2574 1754 2613 leges

1056 2628 1234 2661 hominum.-
1277 2625 1461 2667 Euripides
1499 2622 1602 2656 κοινὸν
1646 2622 1750 2664 νόμον,

1055 2687 1241 2713 communem
1267 2677 1388 2716 legem.-
1426 2674 1597 2707 Aristides
1625 2678 1662 2706 et
1691 2674 1753 2705 So-

1055 2730 1192 2774 phocles
1206 2727 1298 2768 νόμον
1312 2725 1469 2766 δαιμόνων,
1494 2723 1585 2764 νόμον
1605 2725 1690 2766 θεῶν,
1708 2724 1753 2756 ἔθ-

303 2788 500 2830 suffragium
515 2786 635 2819 ferret.
682 2787 750 2818 Hic
774 2790 887 2818 autem
911 2785 999 2817 collis
1049 2791 1106 2827 ges
1120 2782 1304 2820 «hemmam,
1318 2778 1402 2818 leges
1415 2776 1565 2808 Demm.
