1846 3120
259 200 372 244 1648

722 209 866 242 NOTAE
902 209 1165 242 vAluoRUM
1199 209 1253 241 ΙΝ

265 307 392 349 phorus
409 304 588 336 adversam
607 303 740 345 patitur
759 302 980 336 Chalcedona
1008 312 1100 336 norae
1117 302 1256 345 vocalis,
1270 305 1308 336 et
1323 305 1511 346 propterea
1529 302 1581 338 nic
1601 303 1708 340 cotri-

259 355 380 389 cerni.'
405 356 414 374 ‘
431 353 584 387 Chalcis'
613 362 708 391 vero,
737 353 782 386 de
812 363 882 396 qua
906 353 960 387 liic

257 406 404 445 Statius,
417 404 498 436 urbs
513 407 567 435 est
578 403 732 444 Euboeae,
746 413 846 445 quam
862 403 960 436 Euri-

259 465 324 497 pus
340 453 635 495 reciprocantibus
652 452 815 486 fluctibus
831 453 874 485 ab
891 452 961 485 Au·

258 504 329 537 lide
352 504 497 536 Boeotiae
517 508 624 545 portu
647 502 801 536 divulsit.
845 502 961 537 Quare

260 554 382 596 Euripi
399 553 521 596 fluctus
549 553 675 586 merito
704 553 759 585 hic
787 552 960 594 adjective

258 606 269 622 ‘
283 603 423 637 fluvius'
446 604 611 645 appellat,
625 603 660 640 id
676 606 730 635 est
749 603 809 646 qui
831 603 960 645 septies

258 654 304 687 de
316 654 372 686 die
388 664 428 687 ac
443 658 547 686 nocte
571 652 700 686 ‘fluunt
717 652 961 695 renuuntque:

259 709 352 737 teste
382 704 511 737 Plinio.
554 703 648 736 Hinc
677 703 800 736 Cicero
828 712 887 735 ιιι.
914 703 959 735 de

261 755 348 788 Nat.
363 755 468 787 Deor.
490 757 500 772 ‘
514 753 604 787 Quid
620 752 816 785 Chalcidico
828 752 959 793 Euripo

258 805 295 838 in
310 811 406 838 motu
431 804 619 837 identidem
636 802 882 845 reciprocando
897 812 959 844 pu-

259 861 314 889 tes
328 855 402 887 fieri
419 865 520 896 posse
535 854 747 887 constantius
759 853 781 885 ?'
826 853 886 886 Ait
900 863 958 894 ye-

259 916 312 946 ro,
330 905 453 947 fluctus
474 904 626 946 expellere
650 903 812 943 Chalcida,
835 902 869 934 id
893 908 959 940 est,

259 955 438 995 divellere,
461 959 499 987 et
519 954 728 996 disjungere.
773 955 863 987 Nam
879 954 960 986 dum

259 1005 459 1038 Chalcidem
475 1014 496 1036 a
509 1004 701 1036 continenti
715 1003 878 1045 disjungit
895 1003 961 1036 Eu·

258 1055 369 1096 ripus,
390 1053 584 1086 necessario
599 1053 840 1086 intermedium
855 1053 961 1085 solum

259 1104 427 1137 fluctuum
450 1104 667 1136 vehementia
691 1103 888 1145 expellitur,
910 1108 962 1136 at·

259 1164 326 1197 que
338 1154 491 1196 ejicitur.
535 1153 615 1185 Hoc
630 1162 712 1185 vero
724 1153 767 1185 de
782 1153 963 1194 Bosphoro

259 1205 354 1239 nulla
370 1204 502 1236 ratione
524 1203 591 1236 dici
614 1207 753 1245 potest3
774 1213 852 1235 nam
876 1212 963 1234 sum-

260 1254 384 1286 maille
400 1254 542 1286 lenitate
561 1252 639 1285 fluit
654 1253 727 1284 sine
744 1253 813 1284 ulla
826 1253 963 1285 omnino

259 1304 547 1347 reciprocatione.
590 1303 632 1335 Id
654 1301 833 1335 confirmat
849 1303 963 1335 ocula-

261 1358 316 1386 tus
342 1354 443 1386 testis
473 1352 646 1393 Augerius
674 1352 889 1394 Busbequius
918 1353 962 1385 V.

260 1404 316 1436 Cl.
332 1403 367 1435 in
382 1403 537 1445 Epistola
553 1411 581 1436 1.
608 1402 783 1435 Itinerarii
797 1403 860 1435 sui.
896 1402 962 1436 Ge·

260 1456 343 1485 cart.

302 1505 344 1534 85
369 1503 482 1534 Poste-e
503 1501 652 1543 Mauros]
673 1501 808 1545 Auctor
823 1508 877 1536 est
892 1502 962 1536 Po·

259 1552 387 1594 lybius,
415 1552 451 1584 in
480 1553 644 1584 extremis
680 1552 808 1586 Africae
839 1554 962 1586 dentes

259 1602 522 1644 elephantorum
559 1603 706 1644 postium
736 1614 833 1636 usum
870 1614 960 1646 prae-

259 1652 356 1685 bere.
400 1652 500 1686 Quod
522 1657 638 1684 autem
664 1654 770 1686 valvae
794 1663 838 1686 ex
855 1654 961 1686 ebore

260 1703 353 1746 apud
380 1703 550 1735 Romanos
573 1708 788 1745 ornarentur,
811 1705 963 1745 Proper-

260 1753 331 1785 tius
361 1751 493 1784 indicat
521 1761 562 1784 eo
588 1762 708 1785 versu:
734 1753 853 1786 ‘Auro
883 1753 962 1785 solis

260 1806 362 1835 erant
376 1812 478 1844 supra
500 1801 639 1844 fastigia
656 1813 795 1836 currus:
821 1805 868 1837 Et
891 1804 962 1836 val-

260 1863 314 1885 vae
330 1852 451 1894 Lybici
467 1853 580 1885 nobile
603 1853 716 1886 dentis
738 1853 844 1896 opus!
888 1854 962 1895 Ego

261 1907 376 1935 tamen
404 1902 633 1936 intellexerim
657 1904 772 1945 potius
801 1903 844 1936 de
872 1904 961 1936 citro

261 1952 405 1992 arbore;
429 1962 518 1993 nam,
540 1959 578 1985 ut
600 1954 723 1986 Strabo
746 1958 904 1994 testatur,
926 1960 961 1985 et

260 2002 396 2035 Plinius
412 2002 583 2043 copiosius
610 2003 745 2043 scribit,
768 2004 802 2035 in
828 2003 961 2035 Mauris

260 2052 408 2093 plurima
422 2052 525 2084 arbor
540 2052 619 2084 citri
642 2058 708 2094 est,
730 2054 819 2085 unde
835 2063 960 2086 mensae

259 2102 391 2134 fiebant
419 2103 551 2144 magnis
580 2103 760 2145 impendiis
785 2109 822 2136 et
849 2104 959 2135 luxu:

261 2152 353 2194 quod
378 2153 412 2184 in
434 2153 687 2185 commentariis
702 2154 872 2186 Martialis
888 2154 961 2195 plu-

260 2201 355 2234 ribus
383 2202 536 2234 versibus
564 2203 682 2235 testati
707 2213 835 2237 sumus,
876 2204 962 2235 Vult

258 2251 427 2294 Papinius
458 2252 579 2289 videri,
602 2257 720 2294 postes
743 2263 786 2285 ex
807 2254 895 2286 citro
909 2252 962 2284 fu-

259 2303 328 2336 isse
353 2304 387 2335 in
412 2303 494 2336 villa
519 2304 669 2345 Vopisci.
691 2305 862 2337 Domitius.
906 2304 962 2336 An

260 2354 395 2386 Mauros
408 2355 551 2395 undique,
566 2354 636 2395 ἃμκ]
674 2355 743 2387 Ms.
758 2355 960 2396 Medicaeus,

261 2404 358 2445 cujus
390 2409 426 2436 et
451 2404 663 2437 Wouwerius
686 2406 720 2437 in
747 2406 893 2448 quadam
916 2406 960 2439 ad

260 2453 470 2495 Scaligcrum
485 2454 631 2495 epistola
644 2455 812 2497 meminit,
832 2466 895 2498 pro
910 2466 960 2489 ve-

260 2514 303 2536 no
316 2504 422 2536 habet
445 2505 531 2537 luna.
577 2505 676 2538 Quod
699 2506 778 2539 mihi
796 2516 960 2548 spernere

260 2554 393 2595 religio.
438 2554 624 2597 Conjungit
652 2556 742 2587 enim
773 2560 887 2597 postes
916 2566 959 2589 ex

261 2604 447 2637 Numidico
470 2610 507 2637 et
528 2606 675 2638 Lunensi
706 2617 885 2649 marmore,
916 2607 960 2640 de

262 2664 330 2697 quo
345 2655 482 2686 Strabo.
511 2655 611 2688 Gron.
626 2656 662 2688 in
677 2656 787 2689 Diutr.

305 2708 348 2737 36
374 2704 429 2737 An
451 2707 611 2746 picturata
633 2707 782 2748 lucentia,
805 2707 875 2749 fisa]
898 2706 962 2740 Of-

260 2753 374 2789 fendit
388 2765 443 2789 me
459 2757 623 2791 continua
641 2757 699 2790 illa
724 2758 887 2801 repetitio
907 2769 960 2793 so-

1010 363 1077 396 go:
1109 353 1164 387 An
1197 354 1364 396 picturata
1393 352 1539 389 lucenaria
1555 359 1711 390 m

1010 413 1096 436 venoe
1120 404 1246 436 Mirer?
1267 403 1346 436 Hoc
1371 407 1441 445 est,
1464 413 1509 436 an
1530 402 1711 446 prasinus

1010 453 1162 486 mirabor
1172 463 1340 487 marmora
1354 454 1424 491 illa,
1434 463 1510 496 quas
1522 453 1710 496 picturatas

1012 513 1126 542 venas,
1151 502 1187 536 id
1211 508 1280 544 est,
1297 503 1422 536 ductus
1436 503 1711 540 colomanno.

1010 560 1107 597 gatos
1131 555 1281 588 habent?
1324 555 1501 588 Marmora
1521 555 1627 590 duum
1651 564 1712 598 μ·

1010 614 1142 647 nerum,
1170 605 1278 637 Venae
1309 604 1345 637 in
1374 604 1711 648 quibusdamsutifl-

1010 655 1129 688 ciales.
1164 656 1222 687 De
1237 654 1290 687 his
1305 655 1378 696 agit
1388 655 1533 693 statius.
1543 659 1580 688 et
1593 656 1711 691 momi-

1011 704 1064 737 nit
1081 704 1214 738 Seneca
1227 704 1287 737 lib.
1309 713 1395 737 xur.
1410 705 1563 747 Epist.1.
1594 704 1712 745 {Pub

1010 765 1075 797 per
1110 755 1174 787 sibi
1207 755 1359 796 videtur,
1384 755 1451 790 nisi
1476 755 1714 796 Alexandrina

1012 814 1179 838 marmora
1195 804 1387 837 Numidicis
1402 805 1526 838 crustis
1547 800 1714 846 distincta

1012 857 1094 895 sint,
1115 855 1180 888 nisi
1195 855 1262 887 illis
1278 854 1428 898 undique
1446 864 1596 897 ,operosa
1615 858 1658 891 ,ot
1674 855 1711 888 in

1013 907 1159 949 picturae
1195 906 1330 939 modum
1358 906 1492 941 variata·
1517 905 1713 944 circumitio

1014 955 1251 998 praetexatur!
1294 955 1392 989 Nihil
1421 965 1521 998 aeque
1549 955 1637 990 facit
1659 955 1711 990 ad

1014 1011 1164 1039 mentem
1189 1005 1301 1038 Statii.
1323 1006 1488 1039 Boxhorn.
1511 1006 1619 1048 Epist.
1633 1015 1711 1048 qna-

1013 1057 1087 1088 dam
1107 1057 1149 1088 ud
1173 1056 1250 1088 Joh.
1277 1055 1374 1088 Fred·
1398 1056 1603 1091 amonium.
1632 1057 1712 1100 ,Per

1013 1109 1124 1139 cuneta
1136 1105 1250 1138 cubilia
1270 1105 1422 1148 lymphas]
1451 1106 1574 1140 Lectio
1592 1106 1669 1144 bno
1691 1116 1712 1141 ⁸

1011 1156 1035 1191 J
1038 1167 1116 1190 oan.
1128 1156 1324 1189 Brittanico
1337 1160 1404 1198 est,
1414 1166 1492 1190 cum
1501 1157 1712 1199 ante-lew

1012 1211 1127 1239 retur:
1161 1206 1275 1239 cubilia
1302 1206 1490 1249 Nymphon
1523 1217 1592 1240 non
1618 1208 1712 1242 male

1013 1257 1130 1297 etiam,
1144 1266 1221 1288 nam
1245 1260 1282 1288 et
1296 1261 1434 1301 veteres
1448 1257 1567 1290 Graeci
1589 1265 1712 1300 aquam

1010 1307 1176 1349 nympham
1207 1306 1442 1348 appellabant,
1470 1317 1571 1350 quam
1597 1308 1710 1341 Latini

1011 1361 1145 1388 mutata
1180 1356 1299 1389 littera
1325 1356 1501 1398 Lympham
1533 1358 1710 1392 vocarunt.

1011 1406 1185 1439 caeterum
1206 1410 1299 1438 errat
1316 1406 1387 1449 ille,
1409 1417 1486 1440 meo
1502 1408 1651 1450 judicio,
1675 1408 1711 1441 in

1011 1456 1240 1498 explicatione
1252 1456 1352 1498 hujus
1368 1466 1496 1492 versus.
1539 1457 1602 1491 Ait
1619 1459 1710 1493 onim

1011 1507 1067 1540 hic
1092 1516 1114 1539 a
1140 1506 1250 1539 Poeta
1274 1506 1423 1540 describi
1448 1517 1554 1550 aquas
1569 1507 1711 1546 calidas,

1011 1567 1089 1600 quae
1102 1566 1163 1597 per
1174 1557 1326 1599 parietes,
1343 1557 1577 1591 cubiculorum
1597 1557 1713 1591 mitte·

1011 1608 1136 1640 bantur
1151 1606 1195 1639 ad
1210 1605 1448 1640 calefacienda
1462 1607 1600 1640 cubilia.
1644 1608 1711 1641 Sed

1011 1657 1147 1689 omniuo
1162 1655 1373 1688 contrarium
1396 1660 1476 1696 est;
1498 1665 1577 1688 nam
1601 1656 1713 1695 Poeta

1010 1707 1124 1739 villam
1140 1707 1228 1738 hanc
1243 1715 1264 1737 a
1277 1705 1405 1748 frigore
1418 1710 1453 1738 et
1463 1711 1568 1738 aestus
1582 1711 1714 1748 tempe-

1011 1757 1061 1789 rie
1083 1756 1214 1795 laudat,
1230 1755 1272 1788 ad
1288 1766 1388 1798 quam
1404 1756 1449 1788 ad
1465 1756 1641 1789 vitandum
1655 1766 1712 1790 ca-

1009 1808 1115 1839 lorem
1127 1806 1353 1839 secedebant.
1396 1805 1497 1838 Unde
1519 1815 1623 1848 supra
1636 1806 1711 1845 dix·

1010 1858 1061 1890 it:
1081 1857 1194 1889 ‘Talis
1213 1857 1330 1898 hyems
1347 1856 1462 1898 tectis,
1474 1855 1637 1898 frangunt
1660 1856 1711 1890 sic

1010 1906 1168 1948 improba
1192 1907 1298 1938 solem
1329 1906 1492 1948 Frigora:
1529 1908 1602 1945 διο.
1637 1905 1710 1939 lta-

1010 1967 1076 2000 que
1092 1957 1204 1999 potius
1225 1966 1311 1998 aqua
1338 1956 1466 1998 frigida
1486 1956 1712 1998 intelligenda

1011 2012 1077 2048 est,
1091 2017 1192 2050 quam
1208 2007 1302 2039 tubis
1313 2007 1479 2040 inclusam
1494 2007 1536 2039 ad
1553 2007 1710 2040 aestivurn

1011 2059 1158 2090 calorem
1174 2057 1394 2091 minuendum
1410 2067 1471 2100 per
1486 2057 1637 2099 singulos
1651 2067 1710 2090 cu-

1011 2107 1201 2140 biculorum
1229 2116 1367 2140 suorum
1392 2107 1541 2149 parietes
1563 2102 1712 2145 deduce?

1011 2157 1108 2190 bant.
1140 2157 1271 2189 Seneca
1286 2157 1398 2198 Epist.
1413 2160 1487 2190 llo.
1499 2161 1535 2190 et
1546 2157 1591 2190 de
1603 2159 1710 2190 Tran-

1011 2207 1107 2250 quill.
1132 2207 1238 2247 Vitae,
1267 2217 1300 2240 c.
1324 2209 1355 2240 1.
1382 2207 1565 2241 Gemi-tim.
1608 2207 1709 2241 Coos.

1012 2267 1088 2299 quae
1111 2257 1333 2289 Casaubonus
1361 2261 1458 2290 notat
1486 2257 1528 2290 ad
1553 2257 1654 2290 Suet.
1673 2257 1709 2291 in

1012 2308 1165 2349 Augusto
1182 2317 1213 2340 c.
1226 2309 1278 2341 82.
1303 2311 1340 2340 et
1354 2317 1432 2349 quae
1446 2307 1527 2342 Joh.
1542 2308 1710 2342 Brodaeus

1011 2358 1161 2394 Miscell.
1175 2357 1237 2390 lib.
1249 2367 1285 2390 v.
1299 2367 1330 2390 c.
1337 2361 1369 2390 6.

1053 2411 1096 2443 39
1118 2407 1273 2440 Lucanam
1290 2407 1425 2449 senium]
1451 2408 1540 2441 Laus
1554 2408 1660 2449 sylva
1672 2412 1709 2441 et

1011 2457 1158 2491 nemoris
1167 2461 1250 2490 esta
1262 2462 1438 2490 vetustate
1450 2457 1586 2494 Tiburi.
1605 2459 1709 2492 Certo

1011 2511 1082 2540 tres
1098 2512 1198 2540 erant
1209 2512 1364 2550 quercus‚‘
1378 2511 1418 2540 ut
1432 2508 1553 2542 scribit
1565 2509 1710 2550 Plinius,

1010 2558 1111 2599 longe
1127 2557 1335 2599 antiquiores
1349 2559 1424 2600 ipso
1439 2559 1578 2600 oppido.
1620 2559 1709 2592 Nam

1011 2607 1103 2650 apud
1132 2617 1190 2639 eas
1213 2607 1383 2641 Tiburnus
1409 2608 1564 2642 conditor
1582 2608 1710 2643 dicitur

1011 2659 1244 2700 inauguratus.
1266 2658 1440 2691 Domitius.

1053 2710 1096 2741 42
1120 2709 1243 2749 Nigr-os
1263 2708 1434 2750 imitantia,
1448 2709 1520 2751 lfa]
1550 2709 1710 2751 Suspicor

1012 2759 1191 2804 scripsisse
1210 2759 1383 2793 Statium:
1405 2764 1436 2794 et
1453 2760 1560 2802 nigros
1573 2760 1709 2794 invitm

1836 2802 1846 2818 ’-
1823 2642 1846 2788 ιιῒέω.ᾰ”ιῖ.·..·;
1837 2619 1843 2628 ι·
1831 2538 1846 2605 ἐωἵὶ
1836 2514 1846 2527 n
1838 2461 1846 2492 »a
1840 2436 1846 2451 ,;
1844 2384 1846 2386 .

1828 2912 1846 2955 -Ὶι
1834 2889 1846 2902 «ξ.
