1846 3120
260 226 374 268 1512
748 235 787 265 r.
819 234 1008 265 nemu
1042 233 1206 265 s'rA'rn

261 329 442 372 Arcada
462 332 689 370 consumto
707 330 951 369 servantem
971 328 1180 381 sanguine
1200 328 1361 379 vultus,

260 396 455 445 Arcada,
476 408 606 449 quem
626 394 808 447 geminae
829 394 992 448 pariter
1009 395 1171 436 flevere
1189 395 1400 437 cohortes.

259 463 357 505 Vix
375 475 512 504 novus
531 461 619 503 ista
637 461 770 510 furor,
791 461 1063 514 veniensque
1080 461 1310 514 implesset
1329 460 1515 516 Apollo:

262 530 321 571 Et
339 542 440 571 mea
452 528 549 582 jam
567 529 697 582 longo
715 528 875 569 meruit
894 529 1002 570 ratis
1021 540 1195 582 aequore
1215 532 1406 582 portum.

262 596 511 639 Durabisne
530 595 699 648 procul,
720 594 982 649 dominoque
1000 595 1143 648 legere
1164 598 1402 649 superstes,

262 663 302 704 Ο
324 662 432 703 mihi
449 662 646 703 bissenos
666 661 851 702 multum
872 661 1051 714 vigilata
1069 674 1147 715 per
1166 674 1305 703 annos

260 728 463 771 Thebai?
488 729 584 783 jam
603 731 720 771 certe
740 740 937 782 praesens
956 727 1038 771 tibi
1057 728 1175 770 fama
1193 727 1424 780 benignum

261 795 426 838 Stravit
444 796 541 846 iter,
561 796 786 848 coepitque
806 806 966 835 novam
984 797 1224 835 monstrare
1242 793 1416 836 futuris.

260 860 291 902 J
294 874 365 903 am
383 865 426 903 te
443 860 743 915 magnanimus
763 860 964 913 dignatur
981 872 1166 902 noscere
1182 858 1351 910 Caesar,

260 927 377 969 Itala
390 927 486 982 jam
508 926 655 968 studio
674 927 819 976 discit,
839 929 1139 981 memoratque
1152 926 1372 981 juventus.

260 994 392 1044 Vive,
406 1006 582 1048 precor:
612 1006 696 1035 nec
715 998 766 1035 tu
785 993 980 1035 divinam
1000 993 1185 1035 AEneida
1204 997 1340 1044 tenta,

261 1059 349 1101 Sed
369 1061 494 1114 longe
512 1072 709 1113 sequere,
730 1063 774 1101 et
795 1060 977 1114 vestigia
993 1073 1164 1114 semper
1182 1060 1332 1102 adora.

261 1125 378 1170 Mox
397 1128 488 1177 tibi,
506 1126 546 1168 si
565 1127 666 1182 quis
685 1126 826 1168 adhuc
845 1125 1082 1181 praetendit
1099 1127 1247 1169 nubila
1264 1127 1394 1177 livor,

1613 559 1700 639 elo

1614 925 1701 973 815

259 1255 470 1296 Erymanthia
491 1255 603 1298 defleat
621 1254 785 1295 Arcadem,
805 1255 969 1292 Arcadem,
991 1255 1047 1295 qui
1067 1258 1243 1286 servaverat
1256 1255 1395 1294 sormam
1415 1256 1563 1289 exhausto
1581 1265 1703 1305 eruore²

258 1307 348 1337 quem
369 1297 524 1330 exercitus
548 1298 635 1330 ambo
655 1298 816 1339 «equaliter
834 1298 1042 1338 ploraverunt.
1091 1297 1154 1329 Vix
1179 1307 1214 1328 ea
1238 1299 1332 1338 digne
1356 1308 1535 1340 exequerer,
1552 1299 1648 1330 etiam
1671 1307 1701 1330 st

259 1340 370 1380 Apollo
390 1340 467 1371 mihi
485 1341 653 1382 inspiraret
665 1350 776 1371 novum
789 1339 945 1378 furorem.
988 1340 1033 1371 Et
1056 1349 1122 1371 mea
1139 1339 1270 1372 Thebais
1283 1341 1354 1380 Jam
1367 1341 1481 1373 meruit
1489 1344 1616 1382 portum
1626 1343 1698 1381 pont

258 1382 381 1421 longam
394 1382 634 1422 navigationem.
680 1383 709 1413 Ο
725 1382 850 1421 Thebai,
872 1392 892 1413 a
915 1391 963 1413 me
983 1382 1140 1413 elaborata
1160 1392 1217 1422 per
1229 1383 1386 1414 duodecim
1400 1393 1508 1419 annos.
1521 1384 1614 1415 diune
1628 1392 1700 1423 per-

257 1424 404 1460 manebis,
427 1428 458 1456 et
475 1426 595 1457 auctori
615 1425 810 1466 supervivens
831 1423 1018 1457 evolvet-id.
1046 1425 1123 1455 Jam
1137 1428 1218 1455 certe
1235 1435 1370 1465 presens
1382 1425 1474 1464 sama
1494 1425 1555 1457 tibi
1575 1425 1699 1457 concin-

257 1467 346 1497 navit
361 1466 524 1506 benignum
537 1468 612 1506 iter,
634 1471 666 1498 et
686 1467 777 1508 coepit
791 1467 824 1498 in
839 1471 891 1498 tao
905 1470 976 1498 ortu
990 1470 1027 1499 te
1037 1467 1194 1498 ostendere
1206 1468 1348 1507 posteris.
1388 1468 1464 1498 Jam
1625 1467 1632 1474 “

260 1508 368 1540 Caesar
378 1509 529 1548 dignatur
543 1513 574 1542 te
589 1511 702 1549 legere.
744 1510 820 1541 Jam
835 1509 919 1540 Itala
930 1508 1025 1549 pubes
1037 1509 1174 1540 studiose
1188 1512 1218 1540 te
1231 1509 1365 1541 addiscit
1379 1513 1411 1541 et
1424 1509 1568 1541 celebrae.
1609 1509 1697 1549 Vive,

257 1559 311 1581 oro
322 1562 336 1588 ;
355 1555 501 1591 ceterum,
516 1562 554 1583 ne
569 1556 602 1583 tu
615 1552 758 1583 aemulare
766 1551 904 1582 divinam
917 1551 1092 1591 AEneidem,
1107 1552 1161 1582 sed
1169 1552 1275 1591 procul
1287 1561 1423 1592 sequere,
1436 1555 1469 1583 et
1480 1561 1598 1593 semper
1611 1560 1699 1583 vene-

256 1601 328 1624 rare
340 1593 406 1633 qius
418 1595 563 1635 vestigia.
607 1595 741 1635 Deinde,
752 1594 781 1625 si
792 1593 911 1625 invidia
925 1593 1025 1625 adhuc
1036 1593 1097 1624 tibi
1110 1593 1232 1625 obducit
1246 1595 1386 1635 quoedam
1400 1593 1517 1636 nubila,
1537 1594 1698 1632 naor-‘etum

862 1686 1097 1699 ”nudate-000

258 1752 389 1785 Buslid.
413 1752 562 1794 Lipsian.
579 1756 614 1785 et
639 1752 717 1784 edd.
742 1755 827 1785 vett.
848 1756 1022 1784 servantem
1044 1751 1192 1792 sanguine
1213 1753 1419 1783 vultu—808
1446 1751 1507 1783 Vix
1524 1760 1619 1783 novus
1639 1750 1699 1783 iste

256 1796 380 1826 Behot.
409 1798 439 1827 l.
466 1800 502 1827 et
529 1805 591 1836 pro
612 1804 644 1827 v.
658 1795 682 1827 l.
705 1795 778 1827 ista.
800 1795 960 1826 Bai-thius
986 1804 1048 1836 pro
1073 1795 1196 1826 veniens
1223 1794 1438 1834 conjectabat
1458 1794 1696 1825 rediens—81³

257 1837 482 1869 Marklandus
503 1837 546 1869 ad
560 1848 592 1869 v.
607 1838 702 1878 Sylv,
717 1840 748 1869 3.
762 1840 836 1869 231.
853 1837 903 1869 ita
917 1837 1054 1869 scribit:
1077 1837 1088 1854 ⁴
1104 1836 1297 1868 Monendus
1312 1844 1361 1876 es,
1381 1844 1460 1877 pro:
1482 1835 1630 1877 coepitque
1643 1844 1697 1866 no-

255 1889 326 1911 vam
339 1883 511 1912 monstrare
515 1879 653 1920 suturis,
662 1879 728 1919 legi
744 1879 896 1911 debere:
918 1880 1065 1920 coepitque
1079 1878 1162 1910 viam
1175 1882 1347 1909 monstrare
1352 1877 1475 1916 suturis
1487 1888 1498 1909 .-
1520 1881 1619 1918 patet
1631 1877 1697 1909 hoe

254 1926 327 1954 tum
342 1932 384 1953 ex
406 1932 519 1961 sensu,
534 1923 591 1964 qui
607 1922 641 1953 in
659 1921 764 1954 altera
787 1922 933 1953 lectione
958 1923 1071 1953 nullus
1086 1925 1152 1959 est,
1168 1925 1238 1952 tum
1254 1930 1296 1951 ex
1314 1921 1388 1952 istis
1403 1930 1412 1951 ι
1436 1920 1559 1952 Stravit
1571 1917 1696 1950 iter?—

255 1966 320 2012 8l8
341 1965 496 2006 Denique,
509 1964 632 2006 siquis,
646 1966 700 2006 ⁸50·
713 1963 799 2005 legit
812 1963 979 1996 silvester
1000 1963 1160 1996 Gir-aldus
1186 1962 1294 1995 Praef.
1309 1962 1555 2005 Topographioe
1571 1961 1699 1994 Hiber-

256 2015 336 2039 mae.

907 2069 1047 2101 NOTAE

1003 2142 1093 2174 enim
1111 2141 1194 2173 nihil
1209 2141 1301 2173 aliud
1317 2145 1382 2183 est,
1396 2151 1495 2184 quam
1511 2143 1698 2181 recentem,

1002 2193 1170 2224 calentem
1186 2192 1230 2223 ab
1245 2191 1379 2224 incude.

299 2145 362 2175 808
384 2143 561 2185 Implesset]
583 2143 833 2185 Aliiimpleret.

297 2195 361 2224 809
383 2194 505 2225 Meruit
540 2193 622 2225 ratis
658 2203 778 2233 (equore
812 2192 950 2233 portum]

257 2243 464 2284 Comparare
478 2242 636 2283 poemata
659 2242 773 2274 currui
798 2247 856 2273 aut
871 2242 949 2273 navi

253 2292 413 2335 frequens
424 2292 554 2324 Poetis.
578 2292 655 2324 Hoc
665 2301 760 2324 suum
772 2295 888 2323 noster
897 2291 947 2322 in-

255 2343 330 2376 nuit
347 2352 400 2375 1v.
427 2342 520 2383 sylv.
538 2342 580 2374 ad
597 2341 784 2374 victorium
800 2341 947 2373 Marcel-

256 2394 343 2426 lum:
381 2393 486 2426 ‘Jam
513 2392 673 2424 Sidonios
692 2401 828 2424 emensa
854 2391 948 2424 labo-

256 2452 311 2474 res
333 2442 496 2482 Thebais,
511 2445 630 2483 optato
644 2441 784 2483 collegit
805 2441 949 2474 carbasa

256 2491 382 2533 portu!
402 2491 545 2524 Ovidius
567 2492 625 2524 lib.
639 2501 680 2523 ιι.
706 2491 802 2524 Artis
828 2491 947 2523 initio:

254 2542 265 2559 ‘
282 2541 406 2573 Mediis
422 2545 478 2573 tua
492 2540 591 2582 pinus
613 2541 647 2572 in
667 2541 765 2573 undis
786 2541 950 2583 Navigat,

256 2595 292 2624 et
303 2592 404 2632 longe
420 2601 519 2633 quem
541 2594 623 2632 peto
636 2595 753 2632 portus
763 2590 883 2623 abest:

298 2643 360 2672 818
385 2639 522 2681 Novam]
546 2641 690 2672 Fallitur
701 2641 866 2673 Petavius
879 2650 951 2674 cre-

257 2691 339 2727 dens
353 2700 396 2723 ex
418 2691 481 2725 huc
502 2700 598 2731 voce,
611 2700 730 2728 navam,
745 2691 953 2723 Thebaidem

257 2742 299 2775 ab
323 2746 462 2774 auctore
476 2741 528 2774 bis
551 2741 675 2775 editam
697 2740 823 2783 fnisse3
843 2753 954 2775 novam

1043 2245 1107 2274 818
1122 2243 1204 2274 Mox
1216 2242 1287 2281 tibi,
1299 2242 1328 2273 ei
1341 2241 1410 2283 quis
1420 2243 1518 2274 adhue
1529 2241 1698 2282 proetendt't

1001 2293 1107 2325 nubila
1122 2294 1215 2333 livor,
1230 2292 1374 2333 Occidet]
1390 2291 1616 2333 Theophrasti
1630 2290 1700 2322 die-

1002 2349 1093 2376 tum:
1117 2343 1228 2375 Φθόνος
1241 2344 1306 2374 τοῖς
1327 2342 1404 2383 ζῶσι
1425 2342 1500 2384 πρὸς
1521 2342 1558 2374 τὸ
1572 2341 1699 2375 ἀντίπαι-

1000 2399 1069 2425 λον·
1096 2392 1134 2424 τὸ
1161 2391 1195 2424 δὲ
1217 2392 1260 2432 μὴ
1282 2393 1418 2432 ἐμποδὼν
1442 2391 1700 2432 &uma-ymnum

1003 2442 1102 2485 εὐνοίᾳ
1115 2442 1285 2482 τετίμηται.
1329 2443 1455 2474 Invidia
1471 2446 1593 2475 tantum
1605 2443 1639 2474 in
1648 2443 1697 2477 vi-v

1001 2505 1056 2526 vos
1067 2497 1114 2526 est
1122 2504 1133 2525 .·
1155 2496 1293 2524 nwrtuus
1305 2503 1392 2533 vero,
1405 2497 1439 2524 ut
1450 2493 1504 2533 qui
1517 2492 1633 2524 wentini
1645 2492 1697 2523 ob-

1002 2548 1080 2585 stat,
1099 2543 1254 2575 constanti
1267 2546 1298 2574 et
1319 2543 1417 2575 libera
1429 2543 1637 2575 benevolentia
1648 2552 1698 2576 ⁶00,

1003 2595 1088 2626 litur.
1118 2592 1300 2625 Sallustius
1310 2591 1475 2624 Oratione
1498 2601 1540 2624 11.
1556 2591 1600 2623 ad
1621 2591 1698 2623 Cae-

1005 2653 1112 2675 sarem
1142 2641 1185 2674 de
1212 2642 1302 2683 Rep.
1331 2641 1548 2674 Ordinanda:
1584 2645 1594 2661 ‘
1605 2641 1697 2673 Nam

1005 2694 1098 2725 vivos
1112 2692 1282 2724 interdum
1297 2691 1448 2729 fortuna,
1462 2700 1555 2733 saepe
1570 2690 1698 2723 invidia

1004 2742 1147 2784 fatigat:
1186 2741 1242 2776 nbi
1268 2741 1378 2774 anima
1410 2745 1543 2775 naturae
1579 2740 1696 2783 cessit,
