1846 3120
238 215 354 260 1592

734 227 775 258 P.
809 226 999 258 PAPINH
1035 225 1201 257 STA‘rIl
1237 228 1239 230 ’

239 322 405 373 Pallas,
428 325 475 363 et
494 320 637 376 Elysii
657 320 838 364 lucebat
860 334 1026 375 sponsa
1046 321 1232 376 tyranni.

238 389 431 443 Jamque
452 391 632 430 movent
651 401 843 442 gressus,
859 389 1104 443 thiasisque
1125 388 1325 430 Ismenia
1340 389 1490 431 buxus

240 456 377 509 Signa
397 455 532 505 dedit,
554 459 711 509 quater
730 468 820 498 aera
840 455 1001 506 Rheae,
1022 459 1181 510 quater
1203 455 1314 497 Evia
1333 456 1518 510 pulsant

239 523 384 576 Terga
404 535 552 572 manu,
571 522 811 577 variosque
830 527 985 577 quater
999 523 1141 577 legere
1158 535 1380 565 recursus.

1620 521 1759 591 153.

238 589 369 631 Tunc
391 588 569 643 thyrsos
590 590 841 644 pariterque
858 589 1028 641 levant,
1049 590 1301 645 pariterque
1321 593 1553 645 reponunt,

241 656 644 711 Multiplicantque
665 657 862 710 gradum,
884 657 1018 700 modo
1039 671 1130 713 quo
1153 657 1337 700 Curetes
1355 658 1403 700 in
1423 662 1540 709 actu,

243 723 433 779 Quoque
454 724 521 778 pii
542 723 854 767 Samothraces
874 728 1003 766 eunt:
1036 737 1153 775 nunc
1174 725 1310 767 obvia
1330 737 1474 767 versae

241 853 327 890 regis
342 851 436 890 inferi
450 851 620 891 fulgebant
647 852 732 884 inter
750 852 890 884 Naiades
915 852 1049 886 Sicilioe.
1091 853 1227 893 Jamque
1245 855 1366 885 movent
1387 853 1491 894 pedes,
1514 855 1546 885 et
1570 851 1707 886 lmen-ia

243 894 317 925 tuba
333 893 434 925 buxea
448 895 572 934 signum
587 895 674 926 dedit
697 895 817 927 thiasis.
866 895 988 932 Quater
1006 895 1187 936 percutiunt
1207 906 1303 928 manu
1319 896 1416 928 Rheoe
1436 895 1588 938 cymbala,
1601 897 1712 937 quater

242 936 365 968 Bacchi
380 939 539 978 tympana,
563 940 594 968 (t
616 941 728 978 quater
742 938 893 979 repetiere
906 938 1047 969 diversos
1061 947 1213 970 recursus.
1262 939 1348 970 Tunc
1360 939 1456 971 simul
1477 939 1607 978 erigut
1621 937 1710 987 thyr-

241 987 304 1018 sos,
328 982 360 1010 et
387 979 479 1010 simul
492 980 685 1020 deprimunt,
707 980 964 1021 ingeminantque
983 981 1117 1021 gradus,
1141 991 1175 1013 eo
1190 982 1279 1013 modo
1293 991 1351 1023 quo
1369 982 1498 1014 Curetes
1517 985 1548 1014 et
1571 979 1715 1021 religusi

243 1021 464 1054 Samothraces
486 1025 560 1054 eunt
583 1023 615 1054 in
633 1023 826 1055 saltatione.-
848 1033 928 1055 nunc
951 1024 1057 1055 vultus
1075 1023 1108 1055 in
1132 1033 1164 1056 se
1184 1023 1319 1057 invicem
1339 1027 1535 1065 convertunt,
1549 1033 1585 1056 eo
1601 1022 1713 1057 ordine

858 1117 976 1131 eeeeee

980 1118 1097 1131 oooooo

244 1182 389 1214 AEtnoeas
413 1181 524 1223 Lang.
548 1184 650 1215 Laur.
668 1183 802 1216 Buslid.
828 1184 981 1225 Lipsian.
1005 1185 1097 1216 Dan.
1111 1184 1207 1217 Put.⁴
1221 1184 1345 1216 Petav.
1360 1187 1397 1216 et
1419 1184 1500 1216 edd.
1517 1185 1711 1216 vett—1⁵5

245 1225 326 1256 Nic.
344 1225 463 1256 Heius.
481 1225 514 1256 in
531 1224 676 1258 Advers.
694 1226 752 1258 lib.
770 1235 809 1258 u.
826 1237 900 1268 cap.
911 1230 944 1259 4.

956 1237 989 1268 p.
1002 1230 1079 1259 236.
1094 1227 1200 1268 legit:
1222 1227 1386 1268 variosque
1399 1227 1483 1258 inter
1491 1222 1595 1267 legere
1607 1235 1714 1258 recur-

243 1270 414 1300 sus—15¹7
438 1268 716 1310 Multiplicentque
739 1270 860 1309 gradus
888 1270 994 1311 Lang.
1022 1271 1121 1303 Laur.
1136 1269 1269 1303 Buslid.
1293 1274 1331 1302 et
1357 1269 1508 1311 Lipsian.
1526 1269 1658 1301 Curetes
1678 1268 1714 1300 ἐκ

909 1375 1050 1408 ΝΟΤΙΕ

290 1451 351 1481 152
376 1449 482 1491 Elysia·
492 1450 638 1491 tyranni]
662 1451 831 1488 Plutonis,
850 1451 953 1493 Elysii

245 1499 289 1531 ab
317 1499 445 1542 Elysiis
462 1500 604 1541 campis.
649 1500 784 1542 Sponsa]
809 1501 953 1534 Proser—

247 1549 339 1590 pina.
384 1547 497 1581 Addit
515 1548 625 1581 Poeta
651 1550 869 1592 Proserpinae
895 1561 950 1584 co-

245 1599 347 1631 mites
365 1598 514 1631 Dianam
530 1602 566 1631 et
582 1599 776 1640 Palladem,
791 1600 871 1642 quia
898 1601 952 1634 11ae

245 1652 335 1683 Deae
363 1650 410 1682 ibi
436 1650 581 1682 aderant
605 1650 706 1692 jussu
735 1651 847 1688 Jovis,
875 1662 952 1685 cum

247 1701 460 1743 Proserpina
474 1711 495 1733 a
508 1701 658 1734 Plutone
676 1707 778 1743 rapta
792 1707 858 1735 est.

289 1756 352 1786 153
376 1753 529 1793 Ismenia]
555 1754 734 1795 Thebana,
748 1754 791 1786 ab
817 1754 954 1787 Ismeno

247 1803 394 1836 Boeotiae
422 1802 542 1836 fluvio.
585 1803 718 1845 Buxus]
741 1803 843 1837 Tibia
868 1805 952 1838 bux-

246 1864 300 1887 ea.

289 1907 353 1937 154
374 1905 456 1936 AEm
483 1903 596 1945 Rheoe]
621 1903 663 1935 Id
692 1908 759 1945 est,
792 1904 951 1947 qualibus

245 1955 434 1988 utebantur
452 1954 556 1986 Rheae
584 1963 645 1986 seu
670 1954 816 1996 Cybeles
836 1964 950 1987 sacer-

244 2006 342 2038 dotes
351 2005 385 2037 in
395 2005 472 2047 ejus
486 2003 601 2036 sacris.
624 2003 708 2036 Evia
721 2004 840 2046 Terga]
852 2006 951 2046 Tym-

244 2066 347 2098 pana,
363 2064 507 2098 quorum
523 2064 603 2086 usus
627 2055 660 2086 in
678 2055 806 2087 Bacchi
822 2057 949 2088 sacris:

245 2117 324 2141 nam
337 2106 494 2139 Bacchus
510 2106 520 2123 ‘
534 2105 659 2138 Evius’
672 2105 786 2138 dictus
800 2111 867 2139 est.

290 2160 351 2190 155
380 2156 492 2189 Varios
505 2155 663 2197 recursus]
687 2157 787 2190 Quod
804 2167 898 2199 saepe
915 2167 951 2190 u-

246 2207 337 2239 nain
347 2216 450 2239 unum
464 2207 578 2239 locum
592 2216 635 2239 ex
645 2207 834 2248 composito
845 2211 953 2240 trans-

246 2258 325 2289 iret.

291 2310 355 2340 156
376 2306 517 2348 Levant]
538 2307 581 2340 In
602 2307 706 2339 altum
732 2308 852 2341 eodem
869 2312 954 2342 tem-

246 2368 342 2400 pore.
387 2357 570 2399 Reponunt]
602 2358 770 2390 Deorsum
799 2359 954 2392 mittunt.

247 2410 289 2442 In
305 2410 391 2442 saltu
404 2409 536 2451 thyrsos
546 2408 786 2450 sublevabant,
796 2410 955 2443 reciden-

248 2465 301 2492 tes
315 2460 349 2491 in
365 2464 494 2491 terram
511 2458 735 2499 reponebant.

304 2512 367 2542 157
403 2509 698 2550 Multiplicantque]
745 2509 953 2543 Accelerant

245 2560 387 2601 spissius
407 2568 540 2600 passus,
554 2563 590 2590 et
603 2559 757 2591 crebrius
773 2560 954 2593 movendo.

247 2609 346 2642 Modo
374 2607 449 2650 quo]
483 2607 612 2651 Scribit
656 2610 826 2651 quomodo
859 2611 954 2643 varia

247 2659 446 2692 chorearum
470 2668 510 2690 ac
532 2657 751 2692 saltationum
777 2670 903 2701 genera
918 2671 953 2693 a·

248 2708 317 2751 pud
342 2709 427 2740 alias
444 2717 580 2750 quoque
604 2709 760 2741 nationes
788 2715 951 2751 usurpata

247 2757 508 2792 exercebantur.
556 2757 700 2800 Curetes]
724 2759 849 2801 Populi
867 2760 949 2792 Cre-

1008 1456 1053 1484 tae
1079 1452 1213 1492 insulae,
1237 1451 1465 1492 Corybantes.
1510 1450 1664 1492 Dactyli,
1679 1450 1713 1482 1-

1005 1501 1085 1542 daei,
1107 1507 1144 1533 et
1168 1500 1285 1534 Cabiri
1311 1500 1416 1533 etiam
1439 1500 1624 1541 vocati,ex
1647 1498 1714 1534 Ida

1005 1557 1122 1584 monte
1137 1551 1300 1594 Phrygiae
1322 1550 1469 1584 oriundi.
1514 1550 1604 1583 Vide
1617 1550 1715 1584 Str·-

1007 1603 1130 1635 bonem
1161 1602 1222 1634 lib.
1249 1611 1286 1634 x.
1331 1601 1431 1634 Idem
1460 1600 1568 1635 tradit
1593 1601 1656 1635 ho·
1675 1601 1714 1636 in

1007 1653 1178 1685 Graeciam
1217 1651 1416 1694 trajecisse:
1447 1651 1585 1684 tandein
1621 1651 1715 1684 ultra

1005 1702 1196 1735 Acheloum
1209 1703 1362 1745 posuisse
1372 1702 1484 1743 sedes,
1498 1702 1626 1744 ibique,
1635 1711 1714 1735 cum

1006 1755 1158 1786 intonsos
1179 1756 1356 1785 servarent
1381 1753 1506 1794 crines,
1538 1751 1716 1785 ‘Ae-rna-

1007 1804 1090 1836 nas’
1119 1804 1326 1845 appellatos.
1372 1803 1485 1835 Fuere
1513 1805 1551 1835 et
1578 1803 1589 1821 ‘
1607 1802 1715 1835 eore-

1007 1853 1080 1886 tes’
1111 1853 1311 1886 sacerdotes
1341 1853 1447 1885 Rheae
1469 1862 1529 1886 sen
1553 1852 1714 1894 Cybeles.

1006 1904 1055 1936 Hi
1065 1904 1101 1936 in
1115 1904 1220 1936 sacris
1230 1903 1381 1945 ejusdem
1395 1903 1494 1944 Deae,
1508 1901 1625 1935 fiirore
1637 1912 1715 1936 cor·

1007 1954 1109 1996 repti,
1148 1961 1279 1986 certam
1317 1952 1486 1996 quandam
1516 1952 1713 1986 saltationis

1006 2003 1155 2047 speciem
1181 2013 1285 2045 agere
1300 2003 1468 2046 solebant,
1484 2008 1520 2036 et
1534 2003 1717 2046 jactabunt

1006 2055 1136 2097 capita,
1160 2055 1315 2097 aliosque
1332 2055 1367 2087 in
1395 2054 1542 2088 similem
1564 2053 1716 2088 furorem

1005 2103 1240 2147 impellebant.

1049 2158 1113 2188 158
1136 2154 1196 2187 Pii
1219 2153 1456 2194 Samothraces]
1477 2153 1716 2192 Samothracen

1008 2206 1124 2249 populi
1138 2205 1385 2238 Samothraciae
1402 2205 1521 2237 insulae
1539 2205 1641 2238 maris
1655 2203 1715 2237 Ε-

1007 2258 1077 2299 gei,
1091 2256 1246 2297 Thraciae
1263 2255 1467 2297 adjacentis,
1481 2265 1523 2287 eo
1536 2255 1570 2286 in
1586 2259 1715 2295 tractu,

1008 2317 1076 2349 quo
1092 2307 1231 2339 Hebrus
1246 2306 1281 2337 in
1293 2315 1387 2338 mare
1399 2304 1599 2338 effunditur.
1626 2304 1716 2338 Hoee

1008 2358 1120 2391 insula
1145 2357 1238 2399 prius
1264 2355 1440 2388 Dardania
1471 2361 1605 2390 vocata.
1649 2356 1716 2389 Di-

984 2413 1134 2441 ¹cuntur
1169 2407 1229 2448 pii,
1262 2407 1343 2448 quia
1372 2416 1487 2438 rerum
1520 2406 1715 2439 divinarum

1007 2459 1155 2491 cultores
1184 2457 1344 2489 extitisse
1375 2455 1582 2498 produntur.
1625 2457 1716 2490 Con-

1010 2513 1080 2540 stat
1101 2518 1143 2540 ex
1170 2506 1339 2539 historicis
1360 2507 1502 2538 miseros
1527 2506 1607 2543 illuc
1634 2516 1716 2541 con·

1009 2558 1131 2601 fugere
1147 2558 1263 2590 solitos
1281 2562 1425 2599 propter
1451 2557 1650 2598 religionem
1665 2558 1716 2590 lo-

1009 2610 1054 2651 ci,
1070 2614 1109 2642 ut
1123 2608 1264 2648 legimus
1289 2606 1333 2638 de
1349 2606 1480 2638 Perseo
1498 2605 1714 2639 Macedonia

1008 2669 1102 2701 rege,
1117 2658 1175 2701 qui
1195 2657 1307 2689 victus
1323 2655 1365 2688 ab
1387 2655 1522 2688 AEmilio
1538 2655 1572 2686 in
1596 2654 1713 2688 Samo-

1006 2709 1169 2745 thraciam
1198 2705 1365 2747 confugit,
1393 2709 1432 2738 ut
1455 2704 1525 2736 fani
1547 2704 1712 2746 religione

1004 2764 1099 2793 tutus
1122 2762 1226 2799 esset,
1241 2761 1278 2790 et
1299 2756 1461 2793 discimus
1484 2764 1528 2788 ex
1553 2755 1711 2802 Epistol·
