1846 3120
267 221 383 266 1384
767 231 808 262 P.
841 231 1033 263 PAPmn·
1064 232 1230 264 s'rA'rn

267 330 356 371 Seu
375 340 548 381 magnae
569 325 671 367 data
690 324 809 367 fama
826 327 940 377 nec-i,
962 338 1042 369 seu
1062 326 1169 370 laeta
1186 327 1404 372 malorum

266 394 511 448 Principia,
532 396 578 434 et
596 391 774 434 blandae
793 393 1012 447 Superum
1032 394 1284 436 mortalibus
1304 395 1397 438 irae.

267 462 298 504 J
302 475 374 504 am
393 460 569 503 sordent
589 462 758 502 terrena
777 461 887 511 viro,
909 462 1134 516 taedetque
1155 462 1388 517 profundae

269 528 436 579 Caedis,
457 530 501 569 et
519 527 748 569 exhaustis
768 527 878 570 olim
899 528 1174 584 Graiumque
1194 530 1383 585 suisque

270 595 539 646 MissilibuS,
559 595 680 637 lassa
699 596 906 650 respexit
925 596 971 637 in
993 596 1158 639 aethera
1177 597 1351 640 dextra.

268 662 426 704 Ardua
445 674 548 703 mox
570 666 698 704 torvo
717 663 891 705 metitur
911 663 1103 705 culmina'
1122 664 1237 715 visu,

272 731 622 785 Innumerosque
642 729 819 784 graduS‚
840 731 1010 785 gemina
1028 732 1146 773 latus
1166 733 1321 774 arbore
1341 733 1509 787 clusus,

274 796 462 840 Ae'rium
481 797 567 839 sibi
587 802 737 851 portat
754 797 851 848 iter,
871 798 1090 853 longeque
1110 799 1327 842 timendus
1521 799 1526 806 ’

275 863 544 907 Multifidam
564 876 775 918 quereum
794 864 996 918 flagranti
1014 866 1178 907 lumine
1198 867 1357 910 vibrat.

274 932 413 974 Arma
432 932 590 973 rubent
607 945 706 982 una,
729 932 976 987 clypeoque
994 933 1238 976 incenditur
1256 934 1396 988 ignis.-

276 1000 396 1050 Hac,
416 998 493 1049 ait,
510 999 555 1040 in
569 998 762 1049 Thebas,
783 999 867 1041 hac
887 1012 956 1041 me
973 999 1101 1055 jubet
1120 1001 1260 1044 ardua
1276 1003 1412 1046 virtus

273 1067 364 1118 Ire,
381 1066 619 1108 Menoeceo
640 1080 729 1121 qua
749 1066 920 1109 lubrica
941 1068 1154 1122 sanguine
1173 1069 1315 1112 turris.

274 1135 509 1189 Experiar,
532 1133 636 1188 quid
657 1146 785 1176 sacra
798 1135 970 1189 juvent,
990 1148 1048 1177 an
1065 1136 1204 1178 falsus
1225 1136 1405 1192 Apollo.

275 1202 423 1253 Dixit,
445 1205 489 1244 et
508 1202 674 1243 alterno
695 1203 874 1256 captiva
894 1203 937 1244 in
958 1204 1121 1246 moenia
1139 1214 1292 1258 gressu

1606 719 1609 722 Α
1638 667 1724 714 840

1612 1003 1723 1049 '845

274 1318 327 1360 qui
342 1319 430 1351 reddi
444 1320 520 1351 solet
529 1319 664 1359 glorioso
678 1320 748 1357 leto,
763 1329 832 1352 eum
845 1320 984 1361 pellexit,
997 1331 1050 1353 seu
1063 1320 1204 1360 ⁸iucunda
1217 1325 1289 1353 eunt
1302 1322 1448 1354 scelerum
1461 1322 1568 1364 initia,
1579 1327 1611 1356 et
1623 1323 1721 1357 Bomi-

273 1372 326 1393 nes
340 1363 421 1394 iram
439 1363 578 1394 Deorum
591 1363 713 1394 tardam
736 1366 881 1403 reputant
889 1374 901 1401 ,·
914 1363 985 1401 jam
1010 1374 1059 1395 res
1081 1368 1213 1396 terrenoe
1232 1364 1336 1396 Her-oi
1357 1375 1416 1406 pro
1439 1365 1540 1397 nihilo
1562 1367 1719 1403 viam,

274 1406 367 1437 taedet
384 1406 521 1436 homines
533 1405 679 1440 occidere,
701 1408 732 1436 et
743 1405 888 1445 fatigata
910 1416 1014 1445 manu,
1037 1407 1204 1438 consumtis
1225 1407 1408 1440 Graeoorm
1431 1408 1515 1447 telis,
1533 1409 1670 1450 suisque,
1685 1408 1720 1440 in

272 1448 372 1480 alium
393 1449 541 1488 respexit.
587 1447 713 1479 Deinde
733 1451 891 1479 mensurat
909 1448 1046 1480 terribili
1066 1449 1151 1480 ocula
1170 1449 1236 1481 alta
1250 1453 1343 1490 tecta,
1365 1454 1397 1482 et
1411 1450 1527 1483 habens
1541 1451 1624 1484 latus
1636 1452 1721 1483 elau-

262 1500 342 1522 -sum
353 1490 470 1531 duplici
484 1490 598 1530 tigillo,
611 1490 682 1528 sert
695 1491 810 1521 scalam
823 1491 1051 1523 innumerorum
1063 1492 1233 1532 graduum,
1246 1502 1305 1533 qua
1318 1492 1379 1524 eibi
1384 1492 1470 1532 facil
1484 1493 1568 1525 viam
1581 1493 1614 1526 in
1628 1493 1699 1526 a'e‘re
1708 1503 1720 1524 :

272 1536 304 1564 et
317 1533 628 1572 valdefhrmidabilis
641 1533 744 1574 quatit
757 1533 944 1576 multifidam
950 1533 1056 1572 facem
1068 1544 1237 1566 accensam.
1280 1534 1381 1567 Arma
1394 1539 1555 1568 coruscant
1567 1537 1676 1576 sinui,
1687 1537 1720 1568 et

271 1575 361 1616 ignis
374 1577 475 1607 nitore
489 1577 588 1617 clypei
602 1585 795 1616 repercussus
807 1576 995 1617 splendidior
1008 1577 1067 1619 fit.
1116 1577 1196 1614 Hac,
1211 1577 1324 1618 inquit,
1337 1578 1437 1609 virtus
1450 1579 1550 1611 ardua
1562 1587 1611 1611 me
1623 1579 1720 1620 impe-

272 1622 327 1650 rat
339 1619 457 1650 intrare
473 1619 600 1659 Thebas,
620 1628 680 1659 qua
702 1619 803 1650 turris
823 1619 951 1660 perfusa
974 1623 1022 1651 est
1043 1629 1151 1652 cruore
1172 1620 1335 1653 Menoecei.
1380 1621 1529 1660 Tentabo,
1543 1621 1618 1662 qnid
1630 1629 1723 1653 mm

272 1662 409 1703 valeant,
423 1671 464 1693 an
477 1661 590 1703 Apollo
603 1663 646 1693 sit
657 1662 803 1693 mendax.
845 1662 967 1703 Inquit,
982 1666 1014 1694 et
1029 1663 1174 1694 exultans
1195 1664 1334 1703 assurgit
1358 1673 1439 1696 nuru:
1458 1665 1569 1697 dextro
1583 1673 1664 1696 nune
1675 1661 1719 1696 ἐἱ-

879 1757 1117 1770 mOumm

272 1822 402 1855 Buslid.
430 1822 579 1864 Lipsian.
604 1822 685 1855 Put.
715 1826 751 1855 et
767 1822 908 1855 Veneti.
922 1826 955 1855 3.
976 1827 1009 1856 4.
1027 1823 1104 1861 fata
1127 1823 1204 1856 neci.
1235 1823 1306 1855 Pro
1319 1825 1392 1856 lata
1412 1822 1610 1856 Lactantius
1634 1822 1720 1864 legit

270 1876 363 1906 caeca‚
379 1875 455 1898 cum
480 1865 581 1906 gloss.
625 1866 635 1883 ‘
651 1865 801 1905 Incerta,
818 1865 896 1906 quia
920 1866 1090 1898 interdum
1113 1876 1189 1908 quae
1208 1870 1371 1907 *putamus
1399 1866 1501 1907 bona,
1525 1866 1613 1898 malo
1637 1875 1717 1897 eve—

270 1909 371 1940 niunt
397 1907 627 1940 exitu.'—839
647 1909 803 1950 Uterque
827 1908 952 1940 Behot.
978 1909 1013 1940 in
1032 1909 1261 1940 ‹ethere—841
1285 1909 1326 1940 In
1351 1909 1471 1940 iisdem
1494 1908 1595 1940 codd'.
1617 1907 1652 1940 in
1667 1917 1718 1940 ar·

271 1951 342 1982 bore
366 1951 598 1983 clausis.—844
621 1950 744 1982 Behot.
762 1955 792 1983 1.
818 1951 996 1982 accenditur
1023 1951 1223 1990 ignis.-845
1248 1952 1257 1968 ‘
1274 1951 1314 1982 In
1331 1951 1533 1983 nonnemine
1554 1951 1718 1983 librorum

270 1993 338 2026 fuit
353 1993 491 2036 improba
505 1993 629 2031 virtus;
650 1993 741 2035 quod
764 1994 970 2035 castigatum
995 1999 1140 2036 apparet
1160 1994 1352 2026 recentiore
1374 2003 1489 2026 mann.
1534 1993 1627 2027 Nihil
1646 2002 1718 2025 mu—

922 2089 1064 2122 NorAE
1080 2070 1082 2072 ’

313 2163 375 2192 835
414 2160 478 2192 Seu
506 2160 580 2191 laeta
600 2159 750 2191 mwlorum
788 2159 966 2201 Principia]
1021 2160 1121 2192 scalis
1136 2159 1280 2192 admotis
1295 2159 1441 2192 hostium
1460 2168 1572 2207 muros
1598 2167 1717 2192 aseen-

269 2210 416 2246 Quando
429 2210 613 2252 gaudemus
628 2209 749 2241 arduas
766 2218 821 2241 res
848 2213 885 2241 et
908 2219 967 2251 pe·
1018 2210 1102 2242 dere
1129 2211 1314 2242 tentaverit
1330 2219 1340 2240 ε
1364 2218 1441 2241 cum
1468 2212 1582 2242 autem
1596 2208 1718 2251 lepidi·

269 2262 433 2294 riculosas
447 2260 603 2303 aggredi,
619 2269 761 2303 quarum
775 2269 834 2292 nos
849 2263 968 2302 postea
1019 2261 1082 2294 bus
1096 2271 1116 2293 a
1130 2261 1299 2294 Thebanis
1318 2260 1459 2292 obrutus
1481 2259 1616 2300 fuisset,
1637 2258 1717 2293 hine

268 2312 426 2355 poenitet.

309 2366 372 2396 837
396 2363 570 2403 Profunda*
586 2361 706 2403 Caedis]
741 2360 786 2393 Id
800 2364 866 2403 est,
890 2361 965 2403 plu-

267 2423 374 2446 rimae.

308 2467 370 2496 841
397 2464 533 2497 Gemina
555 2464 639 2495 larus
661 2462 772 2495 arbore
786 2462 888 2494 clusus
901 2460 965 2494 Ae·-

265 2516 351 2547 rium
357 2515 420 2547 sibi
428 2518 536 2556 portat
547 2513 626 2555 iter]
642 2513 879 2546 Pulcherrima
893 2521 965 2544 sca-

264 2569 375 2600 larum
400 2567 617 2609 periphrasis.
660 2565 870 2607 Pomponius
885 2573 966 2596 sane

267 2619 303 2650 in
329 2626 498 2649 armorum
520 2616 674 2658 jndicioz
697 2617 806 2648 ‘Tum
831 2624 902 2657 prae
928 2623 965 2646 se

265 2674 408 2711 portant
423 2668 658 2700 ascensibilem
679 2668 848 2707 semitam,
864 2675 965 2708 qnam

264 2725 389 2753 vocant
405 2718 552 2752 scalam.'
590 2719 700 2751 Porro
717 2717 965 2750 observandum

267 2777 333 2813 est,
364 2772 560 2814 Capaneum
588 2770 732 2812 primum
760 2769 877 2811 fuisse,
906 2768 966 2811 qui

1020 2311 1141 2343 Poe'lae
1156 2311 1268 2342 locum
1284 2319 1408 2351 cepere
1435 2308 1602 2351 fingendi,
1626 2309 1717 2341 hune

1019 2361 1126 2393 fuisse
1159 2371 1180 2393 a
1203 2360 1292 2393 Jove
1327 2358 1469 2391 fulmine
1504 2367 1715 2401 percussum.

1019 2411 1108 2443 Vide
1122 2415 1159 2444 et
1174 2410 1365 2442 Phoenissas
1383 2409 1569 2451 Euripidis.

1060 2463 1123 2494 844
1150 2460 1250 2492 Arma
1273 2459 1398 2501 rubent]
1419 2460 1487 2493 Hic
1514 2470 1630 2494 versus
1656 2460 1715 2493 de·

1018 2512 1140 2545 lendus
1159 2511 1295 2543 videtur
1310 2510 1461 2553 Guyeto.

1060 2565 1124 2595 847
1149 2562 1234 2599 Quid
1259 2571 1349 2593 sacra
1377 2561 1508 2604 juvent]
1546 2560 1715 2594 Audierat

1014 2613 1107 2645 enim
1132 2612 1348 2644 Menoeceum
1370 2621 1407 2643 se
1429 2621 1473 2643 ex
1498 2611 1638 2644 oraculo
1653 2619 1715 2653 pro

1017 2664 1131 2707 patria
1143 2662 1333 2695 devovisse.

1062 2716 1124 2746 848
1156 2710 1301 2753 Captiva]
1334 2711 1422 2744 Quae
1448 2720 1574 2753 capere
1601 2710 1715 2743 animo

1013 2766 1086 2807 jam
1117 2765 1368 2806 praesumserat.
1427 2762 1558 2795 Alter-m
1588 2760 1714 2803 gressu]
