1846 3120
252 240 366 282 1262

254 346 357 389 Non
376 344 437 385 ibi
459 341 654 384 Sidoniae
675 341 922 384 valuissent
942 343 1108 397 pellere
1128 347 1279 399 coepto

256 410 622 465 Hippomedonta
639 422 817 451 manus:
848 424 935 452 non
956 412 1080 453 illum
1099 408 1293 466 impacta
1313 416 1536 456 moverent

254 479 495 520 Tormenta
513 475 783 529 oppositum,
803 477 1114 532 formidatique
1134 479 1340 533 superbis

254 544 467 586 Turribus
486 542 699 596 impulsus
719 547 881 587 tentato
900 546 1087 587 umbone
1105 546 1333 588 redissent.

256 610 347 652 Sed
367 622 528 651 memor
548 609 688 664 Elysii
706 611 835 664 regis,
853 623 1085 665 noxasque
1103 616 1309 654 retexens

254 677 450 732 Tydeos,
469 677 514 718 in
532 676 706 718 medios
724 681 824 719 astu
845 678 965 719 subit
979 678 1118 732 impia
1133 690 1317 733 campos

251 744 522 799 Tisiphone:
552 756 732 785 sensere
754 744 885 794 acies,
905 745 1166 799 subitusque
1188 745 1379 787 cucurrit

257 813 404 854 Sudor
422 811 563 866 equiS‚
580 810 798 865 sudorque
817 811 946 854 vin‘s:
977 824 1231 866 quanquam
1252 825 1329 854 ore
1349 812 1534 855 remisso

257 879 489 921 Inachium
510 877 700 930 fingebat
723 876 897 933 Halyn:
927 879 1322 933 nusquam-impius
1340 879 1472 934 ignis,

256 946 556 998 Verberaque,
578 948 624 985 et
636 943 754 998 jussi
775 949 956 988 tenuere
977 946 1150 987 silentia
1170 946 1327 988 crines.

257 1012 397 1055 Arma
415 1011 538 1064 gerit,
552 1010 775 1065 Juxtaque
796 1012 876 1054 feri
895 1013 1015 1056 latus
1036 1013 1416 1068 Hippomedontis

258 1077 430 1121 Blanda
450 1089 599 1130 genaS,
619 1089 862 1132 vocemque
883 1079 1023 1122 venit:
1052 1083 1198 1122 tamen
1217 1080 1294 1122 ille
1313 1080 1535 1135 loquentis

256 1143 475 1186 Extimuit
493 1143 657 1193 vultus,
679 1144 1000 1200 admiraturque
1019 1146 1237 1188 timorem.
1472 1161 1478 1163 “

752 248 793 280 Ρ.
824 247 1012 279 PAPmn
1047 248 1237 281 STATH‘

1618 411 1706 456 145

1619 745 1705 822 ¹⁵⁰.

1620 1081 1706 1125 155

254 1265 374 1296 trarius
387 1264 475 1307 inflet
488 1266 567 1298 vela.
605 1266 679 1296 Non
691 1264 738 1296 ibn·
754 1264 906 1297 Thebane
919 1265 1057 1298 cohortes
1066 1264 1238 1306 potuissent
1251 1264 1427 1306 infringere
1439 1269 1568 1308 conam
1582 1267 1707 1309 Hippo·

254 1307 419 1339 medontis.
456 1307 531 1339 Non
544 1308 632 1340 illum
646 1307 739 1339 illisce
751 1307 904 1339 machinoe
914 1308 1180 1348 proturbavissent
1192 1307 1355 1348 obiectum,
1369 1312 1402 1340 et
1415 1309 1458 1341 im
1547 1319 1564 1342 s
1575 1309 1705 1343 timendi

253 1349 345 1380 celsis
357 1349 500 1381 turribus
512 1350 697 1382 resiliissent
710 1352 832 1380 tentato
854 1350 971 1390 clypeo.
1015 1349 1078 1381 Sed
1101 1349 1232 1390 profana
1247 1350 1412 1391 Tisiphone
1423 1353 1587 1383 recordata
1599 1352 1706 1384 verbo-

254 1400 325 1422 rum
339 1391 425 1431 regis
438 1392 567 1432 inferni,
589 1395 622 1423 et
634 1392 737 1423 animo
750 1394 898 1431 reputans
910 1391 1042 1423 crimina
1060 1392 1168 1432 Tydei,
1189 1392 1286 1424 tacite
1297 1392 1410 1434 irrepit
1424 1393 1458 1425 in
1478 1395 1612 1426 medium
1622 1403 1706 1426 eam-

254 1442 339 1472 pum.
383 1433 550 1474 Agnovere
564 1434 703 1474 agmina,
729 1437 760 1465 et
774 1434 954 1473 repentinus
968 1435 1062 1465 sudor
1074 1433 1155 1475 fluit
1169 1434 1268 1475 equis,
1280 1434 1362 1475 fluit
1375 1435 1525 1477 militibus
1534 1447 1546 1468 .·
1566 1437 1708 1477 quamvis

254 1477 344 1507 vultu
358 1477 524 1517 composito
538 1476 711 1508 simulasset
729 1475 850 1516 Halym
863 1475 1019 1515 Argivum
1028 1487 1039 1507 .·
1061 1476 1157 1516 impia
1171 1476 1236 1514 sax
1258 1485 1314 1509 nee
1327 1476 1493 1518 flagellum
1505 1478 1705 1519 apparebant,

253 1520 286 1548 et
302 1517 389 1557 J'ussi
401 1519 502 1550 mines
515 1521 692 1551 tacuerunt.
738 1517 817 1550 Fert
830 1526 930 1558 amna,
945 1520 977 1550 et
995 1528 1047 1550 ore
1062 1517 1186 1559 placido
1202 1521 1232 1550 et
1246 1518 1358 1551 blanda
1380 1528 1452 1551 voce
1471 1520 1602 1565 accedit
1610 1528 1706 1562 prope

850 1610 1089 1624 eeeeeeeeeeee

253 1677 341 1709 hott.
359 1679 388 1708 1.
404 1679 434 1707 2.
459 1675 562 1707 Aldd.
590 1676 701 1708 Colin.
723 1675 855 1716 Gryph.
872 1676 978 1707 Basil.
1007 1675 1120 1707 Plant.
1138 1675 1370 1717 Lindenbrog.
1387 1680 1423 1708 et
1439 1677 1538 1709 Crue.
1560 1678 1661 1709 Errat
1674 1682 1706 1710 et

253 1728 363 1749 averso
377 1719 469 1750 Dan.
488 1719 595 1759 Lang.
609 1719 708 1750 Laur.
724 1718 856 1749 Buslid.
867 1718 1020 1758 Lipsian.
1030 1718 1169 1758 optimae
1185 1718 1319 1750 Barthii
1332 1718 1554 1759 membranae,
1565 1720 1705 1759 Venett.

253 1760 398 1792 Gevart.
415 1760 568 1792 Grasser.
583 1759 728 1791 Amstel.
745 1759 898 1791 Gronov.
913 1760 1034 1791 Barth.
1049 1760 1159 1792 veen.
1179 1763 1216 1791 et
1230 1760 1466 1801 Delph.--l44
1489 1761 1565 1792 Non
1579 1761 1640 1794 sibi
1653 1761 1706 1802 Si-

252 1802 357 1833 donioe
371 1802 521 1842 optimus
537 1806 573 1834 et
589 1801 741 1833 nonnulli
767 1801 825 1832 alii
847 1801 950 1833 codd.
965 1801 1122 1840 Barthii3
1145 1802 1236 1844 quod
1252 1802 1310 1834 ille
1331 1812 1397 1834 non
1413 1802 1705 1844 improbate-148

255 1845 341 1876 Exc.
367 1844 511 1876 cantab.
536 1844 675 1875 Taurin.
693 1844 810 1875 Burm.
837 1843 1061 1884 Lang.Laur.
1092 1843 1225 1875 Buslid.
1251 1844 1400 1885 Lipsian.
1426 1845 1564 1877 Behott.
1581 1848 1609 1877 1.
1623 1848 1655 1877 2.
1670 1849 1708 1878 et

253 1886 408 1927 plerique
420 1886 598 1918 Barthiani
611 1895 769 1917 recensens
778 1896 790 1923 ;
813 1885 974 1917 Petreus.
988 1886 1078 1917 Dan.
1095 1886 1176 1917 Put.
1186 1886 1309 1918 Petav.
1321 1887 1462 1919 Venett.
1477 1886 1582 1919 Aldd.
1596 1887 1706 1928 colim

254 1927 388 1969 Gryph.
403 1928 512 1960 Basil.
538 1928 653 1959 Plant.
679 1932 715 1959 et
738 1931 883 1959 recentt.
900 1930 1064 1965 retexens3
1085 1927 1174 1968 quod
1190 1926 1344 1960 defendit
1368 1929 1470 1960 etiam
1493 1929 1582 1961 Dan.
1597 1929 1705 1962 Hein—

254 1969 323 2000 sius
338 1970 380 2001 ad
397 1970 578 2001 Claudian.
590 1970 664 2002 Bel.
681 1970 774 2001 Gild.
786 1971 859 2000 32⁵.
872 1968 962 2000 Vide
975 1970 1058 2001 Not.
1070 1969 1261 2001 Van—149
1283 1970 1435 2010 Optimae
1450 1970 1586 2003 Barthii
1600 1980 1704 2003 mem*-

253 2012 392 2043 branae:
415 2012 497 2043 subit
521 2012 618 2042 incita
643 2014 883 2051 campos—150
908 2011 1096 2052 Tesiphone.-
1126 2020 1246 2043 sensere
1270 2013 1449 2052 aveannus
1474 2013 1704 2045 Behot.—l52

255 2054 418 2085 Inachium
431 2053 597 2085 simulabat
612 2053 724 2094 Halyn
738 2053 898 2085 Petrens.
915 2052 1037 2095 Hylam
1054 2053 1203 2099 optimus
1226 2054 1550 2087 Bathinum—1⁵⁷
1574 2055 1637 2087 Illa
1649 2065 1704 2096 au-

912 2146 1054 2179 NOTAE

297 2214 359 2243 144
383 2210 541 2252 Sidonioe]
564 2210 750 2243 Thebanae.

298 2265 362 2295 148
384 2262 449 2294 Sed
462 2256 578 2293 memor
592 2262 698 2303 Elysii
711 2261 813 2302 regis]
831 2261 872 2293 Id
888 2265 954 2302 est,

253 2321 369 2344 eorum
386 2322 463 2353 quae
479 2311 613 2343 dixerat
625 2321 687 2342 rex
699 2311 846 2352 Elysius.
864 2311 955 2343 Vide

254 2362 351 2393 initio
378 2361 484 2393 Theb.
513 2370 577 2393 vn.
621 2360 793 2401 Retexens]
831 2360 953 2392 Animo

254 2415 428 2452 repetem,
445 2411 635 2443 recordata.
669 2410 726 2442 Sic
742 2411 846 2442 etiam
862 2410 952 2451 apud

254 2460 437 2501 Papinium
458 2461 563 2494 Theb.
582 2470 637 2492 ur.
660 2461 671 2478 ‘
685 2460 902 2500 Multumque
917 2465 954 2492 et

253 2510 382 2551 ubique
397 2515 559 2542 retexens
576 2511 741 2551 Legatum
757 2519 832 2542 sese
847 2510 954 2542 Graia

254 2559 298 2590 de
315 2564 416 2600 gente
443 2559 600 2600 petendis
623 2560 695 2592 Isse
716 2570 819 2602 super
840 2561 952 2602 regnis

254 2608 450 2650 Polynicis!

296 2661 356 2689 151
384 2658 448 2688 Ore
462 2658 604 2700 remisso]
618 2659 716 2691 Ficto
732 2663 768 2691 et
784 2663 951 2701 tempera·

254 2712 290 2738 to
306 2707 340 2738 in
352 2707 631 2740 moderationem.

297 2759 359 2788 152
376 2756 495 2797 Impius
509 2757 606 2799 ignis,
622 2758 828 2800 Verberaque‚
843 2759 949 2797 etjus-

1006 2211 1035 2244 si
1050 2214 1176 2244 tenuere
1189 2211 1317 2244 silentia
1327 2211 1507 2252 [tenuerunt
1519 2211 1628 2253 sibila]
1642 2213 1704 2246 cri-

1006 2260 1076 2300 nes]
1098 2261 1207 2292 Furiae
1231 2261 1319 2292 enim
1335 2261 1518 2302 gestabant
1542 2262 1576 2292 in
1599 2263 1706 2295 mani-

1007 2310 1069 2342 bus
1086 2310 1190 2342 taedas
1207 2320 1246 2342 ac
1259 2309 1408 2351 flagella,
1422 2314 1459 2342 et
1473 2310 1549 2342 loco
1563 2311 1704 2352 capillo-

1008 2369 1080 2391 rnm
1097 2369 1222 2401 angues
1235 2359 1420 2391 habebant.
1684 2392 1687 2393 ⁷
1701 2395 1703 2398 Α

1051 2412 1111 2441 165
1129 2410 1254 2441 Blanda
1264 2408 1377 2450 genas]
1395 2409 1472 2440 Non
1484 2408 1622 2441 horrore
1636 2413 1704 2442 ter-

1007 2459 1129 2492 ribilis.

1049 2511 1111 2540 156
1126 2508 1370 2549 Admiraturque
1384 2508 1540 2549 timorem]
1556 2508 1706 2541 Latebat

1006 2559 1100 2590 enim
1116 2567 1242 2597 causa3
1273 2559 1461 2590 mirabatur
1483 2558 1518 2589 in
1545 2568 1582 2590 se
1606 2560 1702 2590 timo·

1005 2617 1090 2648 rem,
1104 2618 1205 2650 quem
1222 2612 1324 2640 antea
1346 2617 1412 2639 non
1437 2611 1601 2649 expertus
1616 2612 1703 2644 erat,

1005 2658 1109 2690 etiam
1126 2658 1154 2690 si
1179 2659 1189 2678 ‘
1205 2658 1353 2702 undique
1380 2657 1511 2691 crebrae
1537 2662 1618 2691 ante
1640 2658 1700 2690 ore

1003 2707 1129 2740 minae.’
1474 2724 1477 2727 ·
