1846 3120
293 251 404 295 1628

295 357 340 388 Et
353 365 448 396 gener
461 358 492 386 et
508 355 585 386 Cato
607 353 720 386 castris
740 354 853 396 minor,
873 355 936 386 iret
959 354 993 386 in

291 407 388 445 teges.
436 404 560 435 Castris
573 403 686 443 minor,
698 403 733 435 id
750 408 802 436 est
819 408 993 445 potestate

284 458 331 486 'et
357 453 511 494 imperio.
540 452 588 484 sic
614 453 750 485 Horat..
771 453 782 471 ‘
795 453 935 484 Virtute
957 457 995 485 et

283 502 421 534 ’honore
432 500 600 533 minores!
624 502 674 533 Ut
687 511 805 533 sensns
817 502 878 533 sit:
896 502 994 533 Pom-

293 552 409 593 peium
433 556 468 583 et
485 552 647 583 Catonem
663 552 863 584 Domitiano
888 552 993 584 vexil-

293 603 330 634 la
359 601 584 633 submissuros
610 607 646 634 et
676 612 832 634 cessuros
866 602 992 642 fuisse3

291 651 368 693 sed,
381 657 420 684 ut
435 662 550 684 verum
562 652 686 695 fatear,
698 654 834 687 omnino
845 656 993 696 amplec-

297 706 352 734 tor
377 702 557 734 lectionem
584 713 683 744 quam
703 705 849 746 Europae
865 709 991 737 nostrae

294 753 440 792 ocellus,
454 753 544 784 Dan.
561 754 737 795 Heinsius,
759 755 838 786 mibi
853 764 991 796 sugges—

295 802 365 834 sit:
396 804 441 834 Et
471 804 572 835 minor
597 804 631 835 in
654 804 738 844 leges
761 805 823 837 iret
841 815 939 845 gener·
962 810 994 838 et

296 855 380 886 cato
402 858 538 887 nostras.
582 856 674 888 Quid
699 856 846 888 clarius?
869 857 896 888 si
920 857 993 888 Sta-

295 905 364 935 tius
388 904 437 936 ita
462 914 527 936 non
549 905 699 947 scripsit,
713 910 807 938 certe
822 906 871 938 ita
887 907 993 948 scrip-

295 954 379 986 sisse
408 954 534 986 debuit.
578 956 703 987 Sensus
724 960 798 988 est:
831 956 867 988 Si
897 960 947 997 tn,
973 966 992 988 ο

297 1004 511 1044 Domitiano,
547 1004 637 1037 bello
671 1006 765 1038 civili
801 1006 995 1047 Imperator

288 1053 433 1092 fuisses,
462 1060 497 1087 et
527 1055 712 1097 Pompeius
740 1060 777 1088 et
801 1057 875 1097 ipse
906 1056 994 1088 Cato

289 1105 483 1137 ‘Caesariani
500 1105 656 1145 fuissent,
677 1110 711 1138 et
737 1107 772 1138 in
798 1107 890 1148 leges
911 1103 994 1139 ‘nos-

290 1148 368 1186 tras
398 1155 610 1187 transissent.
655 1157 787 1196 Partes,
817 1157 889 1188 sive
913 1158 996 1197 leges

295 1208 428 1241 nostras,
452 1207 633 1246 κολακικῶς,
650 1206 859 1238 Caesarianas
886 1213 996 1239 vocat.

299 1254 387 1286 Nam
401 1254 612 1299 Domitianus
624 1255 824 1287 Coesarianis
842 1256 996 1297 partibus

298 1309 529 1344 successerat,
545 1305 633 1337 unde
646 1310 742 1338 recte
759 1306 846 1338 illins
871 1310 995 1348 partes,

290 1364 385 1396 ‘quas
415 1355 559 1386 Romani
583 1359 664 1387 tnnc
688 1356 852 1397 temporis
881 1365 996 1389 omnes
1017 1366 1019 1368 ·

297 1405 541 1447 sequebantur.
570 1410 692 1438 nostras
727 1408 925 1448 appellavit,
963 1408 996 1440 in

292 1455 442 1496 gratiam
455 1456 510 1486 τοῦ
531 1455 760 1498 αὐτοκράτορος.
803 1457 997 1490 Simillimus

299 1505 395 1536 locus
409 1509 462 1537 est
474 1505 624 1539 Martial.
635 1506 693 1539 lib.
710 1516 762 1539 xi.
775 1507 895 1549 Epigr.
907 1511 941 1542 6.
955 1509 998 1541 ad

303 1555 464 1587 Nervam.
495 1556 629 1589 Gevnrt.

341 1608 385 1637 28
407 1607 454 1637 Et
467 1606 567 1637 minor
580 1607 613 1638 in
629 1606 726 1648 leges]
751 1608 850 1639 Mens
866 1612 938 1641 est:
963 1609 999 1641 Si

299 1657 371 1689 tuis
394 1657 553 1699 auspiciis
573 1663 703 1698 partes,
718 1668 793 1700 quae
810 1664 907 1690 erant
923 1660 998 1691 Cae-

299 1708 399 1747 saris,
412 1707 656 1740 administratae
672 1715 808 1747 essent3
830 1709 857 1740 si
874 1714 909 1741 tu
923 1720 999 1751 reg-

300 1768 381 1789 num
395 1759 511 1790 Romae
528 1757 706 1789 instituere
722 1759 896 1798 voluisses,
912 1760 1000 1791 ultro

303 1817 410 1849 gener
431 1808 626 1849 Pompeius,
642 1808 699 1840 ille
714 1809 800 1840 solus
815 1809 893 1840 olim
910 1819 999 1851 mag-

303 1868 366 1889 nus
384 1859 423 1890 et'
443 1864 559 1900 parem
575 1858 667 1890 ferre
689 1858 895 1899 Indignatus,
911 1869 1000 1892 nunc

301 1907 422 1939 lubens
445 1912 479 1939 te
503 1907 622 1944 minor,
638 1911 767 1938 armata
784 1918 882 1939 manu
898 1909 999 1941 liber-

302 1963 411 1990 tatem
426 1958 632 1998 adoriretur,
648 1958 837 1996 invaderet,
860 1969 924 1991 nec
940 1960 1000 1992 mi-

301 2017 364 2040 nus
380 2009 480 2040 Cato.
525 2008 752 2039 Vehementer
772 2009 912 2041 salivam
929 2020 999 2041 mo·

304 2062 374 2098 vet,
385 2057 475 2100 qnod
493 2057 526 2088 in
542 2057 672 2089 duobus
687 2058 770 2089 Mss.
792 2059 946 2092 Bartbii:
969 2063 1000 2092 te

300 2117 398 2147 regna
414 2107 550 2146 ferente.
594 2107 680 2140 Quae
705 2108 834 2149 phrasis
851 2113 918 2140 tam
934 2109 1002 2140 Pa-

301 2158 440 2199 piniana
451 2162 517 2197 est,
529 2166 629 2198 quam
641 2155 717 2198 qnae
733 2157 765 2188 ei
779 2156 1001 2191 familiarissi-

303 2217 369 2240 ma.
394 2208 497 2239 Gran.
513 2207 606 2239 Diat.

343 2260 386 2288 29
417 2257 464 2288 At
505 2258 638 2288 laterum
671 2267 782 2298 passus
811 2259 882 2290 hinc
910 2259 1002 2291 ,Iulia

301 2306 436 2348 templa]
455 2306 591 2348 Hospes
611 2307 644 2338 in
664 2306 815 2340 historiis
833 2309 886 2341 hic
901 2309 1002 2341 facile

303 2358 527 2397 adhaerescat,
541 2357 596 2389 cni
609 2357 813 2398 adiutorium
830 2367 905 2400 ego.
928 2360 1002 2392 Cae-

303 2418 358 2440 sar
372 2407 484 2441 Julius
508 2412 543 2439 et
570 2407 678 2439 aedem
700 2408 817 2440 Romae
834 2409 951 2441 habuit
966 2414 1003 2442 et

304 2459 501 2498 Basilicam,
520 2457 624 2500 idque
640 2457 673 2488 in
688 2457 763 2490 foro
779 2459 943 2492 Romano.
961 2460 1003 2491 de

301 2508 401 2545 AEde,
434 2508 571 2540 Tacitus
618 2507 711 2539 Hist.
741 2517 771 2540 ι.
802 2508 882 2540 Titii
913 2509 1004 2541 Vinii

303 2557 435 2590 oaedem
449 2558 483 2589 in
499 2557 575 2590 foro
587 2556 797 2591 describens.
835 2560 889 2591 De
905 2560 1003 2591 Basi-

302 2608 384 2647 lica,
414 2607 612 2647 Suetonius,
649 2608 801 2648 Caligula
836 2618 915 2651 cap.
951 2612 1005 2642 37.

305 2657 494 2689 ‘Nummos
520 2666 586 2688 non
616 2657 796 2690 mediocris
819 2668 957 2691 summae
984 2669 1004 2692 e

303 2705 442 2747 fastigio
479 2706 638 2738 Basilicae
666 2707 688 2740 J
694 2707 752 2739 ulii
783 2717 845 2749 per
877 2708 1005 2750 aliquot

306 2756 379 2788 dies
401 2756 527 2797 sparsit
557 2755 592 2786 in
620 2755 780 2796 plebem.'
824 2757 927 2790 AEdes
950 2768 1005 2790 oc·

304 2806 375 2840 cino
403 2805 539 2839 demum
559 2805 694 2839 Caesare
716 2805 843 2849 dicata,
875 2808 904 2840 si
932 2807 1004 2850 Ap-

755 261 896 293 NOTAE
931 261 1194 293 VARIORUM
1230 261 1282 292 lN

1042 354 1142 395 piano
1155 353 1334 391 credimus,
1346 354 1373 385 si
1391 353 1513 395 Dioni,‘
1523 353 1559 385 in
1571 352 1654 394 vita,
1669 351 1743 396 Aa·

1043 404 1138 435 tonio
1169 404 1262 445 quasi
1300 403 1480 446 sacerdote
1520 398 1556 435 et
1591 401 1742 447 flamine.

1043 454 1225 485 Basilicam
1251 453 1325 494 ipse
1347 454 1465 485 Caesar
1490 452 1587 485 tertii
1604 453 1740 495 imperii

1043 514 1131 536 anno
1155 503 1280 536 dicavit
1303 508 1341 536 ut
1366 504 1535 536 Eusebius
1558 502 1739 536 Chronicis

1044 557 1206 586 testatur.
1263 554 1363 586 AEdes
1405 563 1503 586 sacra
1543 558 1633 586 erat.
1663 553 1742 585 -vi-

1044 605 1174 635 truvins
1204 603 1263 635 lib.
1293 613 1351 636 ιιι.
1381 603 1424 635 de
1454 603 1575 636 sacris
1597 603 1745 652 adibas.

1043 654 1192 686 Basilica
1209 664 1287 686 vero
1296 653 1456 695 profana,
1482 655 1515 686 in
1532 663 1599 695 qua
1611 653 1648 686 οἱ
1661 658 1743 686 (Μι-

1043 705 1240 736 tumvirales
1277 714 1388 736 causae
1429 704 1652 744 agebantur
1670 703 1740 736 vid.

1042 755 1186 788 Quintil.
1212 754 1270 785 lib.
1294 763 1362 785 xn-
1379 754 1539 785 Caecnins
1564 743 1743 786 &conans

1045 806 1154 847 Epist.
1185 806 1244 837 lib.
1276 815 1310 837 v.
1339 805 1405 846 Ep.
1434 805 1497 836 ult.-
1525 804 1676 837 Martini.
1694 809 1743 861 et

1043 856 1138 887 alios.
1166 856 1316 887 Bennart.

1085 908 1126 937 ³0
1149 905 1254 945 Regia
1264 904 1376 945 Pauli]
1391 903 1540 936 Basilica
1554 904 1661 936 Pauli.
1685 904 1743 937 De

1044 964 1110 997 qua
1133 955 1236 986 verba
1258 954 1375 986 facere
1392 963 1458 986 non
1473 954 1610 987 attinet.
1654 954 1743 987 viiie

1043 1005 1259 1044 Marlianum,
1268 1003 1487 1045 Topograph.
1499 1003 1602 1036 Urbis
1613 1003 1673 1036 lib.
1686 1012 1745 1037 ιιι.

1045 1065 1122 1097 cap.
1147 1059 1180 1089 4.
1210 1055 1310 1087 Alex.
1335 1053 1593 1094 Alexandriam,
1614 1050 1673 1097 lib.
1688 1061 1746 1088 ιιι.

1046 1109 1124 1146 cap.
1140 1108 1172 1138 6.
1194 1108 1260 1138 διο.
1305 1105 1409 1145 Regia
1425 1104 1573 1136 Basilica
1588 1106 1743 1146 vocatur,

1046 1154 1136 1197 qnod
1152 1155 1340 1187 illustratur
1355 1155 1457 1186 etiam
1481 1165 1501 1186 a
1516 1154 1623 1186 Petro
1638 1154 1742 1187 Gillio

1046 1206 1088 1237 de
1103 1205 1342 1246 Topographia
1354 1204 1669 1246 Constantinopolis
1685 1204 1745 1236 lib.

1047 1264 1088 1286 n.
1118 1264 1193 1296 cap.
1225 1257 1279 1286 18.
1306 1255 1316 1271 ‘
1333 1251 1564 1295 Belligerum’
1599 1262 1660 1285 cur
1685 1263 1743 1286 vo-

1040 1311 1117 1347 cet,
1152 1307 1267 1339 (licant
1303 1306 1420 1339 Livius
1449 1311 1487 1339 et
1503 1312 1506 1313 ’
1524 1306 1743 1340 Plutarchus.
1752 1346 1755 1349 .

1047 1357 1164 1389 Barth.

1088 1411 1129 1440 31
1155 1407 1340 1448 Concordia]
1357 1382 1460 1439 AEdes
1475 1407 1676 1440 Concordiae
1692 1417 1744 1440 sn·

1048 1467 1109 1499 pra
1126 1458 1371 1498 Graecostasin‚
1396 1463 1435 1490 nt
1456 1458 1606 1500 loquitur
1633 1458 1744 1490 Varro

1047 1508 1129 1549 ling.
1155 1509 1230 1541 Lat.
1252 1507 1309 1539 lib.
1333 1517 1385 1540 ιν.
1402 1508 1457 1550 qni
1479 1507 1597 1540 itidem
1613 1518 1656 1540 ex
1673 1504 1746 1541 Liv.

1048 1558 1104 1590 lib.
1128 1567 1193 1591 vu.
1209 1558 1252 1590 de
1277 1557 1409 1599 Curtio,
1425 1559 1458 1590 in
1476 1557 1549 1590 foro
1572 1557 1676 1591 fuisse
1691 1567 1743 1591 os-

1049 1609 1171 1642 tendit.

1091 1662 1133 1691 34
1155 1660 1206 1692 An
1229 1669 1318 1700 nova,
1339 1659 1408 1700 Sym]
1432 1658 1638 1699 Capitolium
1654 1658 1745 1691 bello

1049 1709 1140 1741 civili
1163 1718 1273 1750 nuper
1294 1713 1561 1749 concrematum,
1583 1718 1603 1740 a
1619 1707 1748 1749 Vespa-

1049 1758 1146 1790 siano
1171 1759 1398 1790 restanratum
1425 1756 1543 1798 fuisse,
1556 1757 1701 1789 Tacitus>
1711 1763 1748 1789 et

1049 1809 1146 1842 Suet.
1175 1818 1344 1841 consensu
1370 1808 1557 1848 tradidere,
1579 1807 1747 1854 inquiunt,

1050 1858 1215 1900 Papinius
1255 1858 1452 1903 Domitiano
1482 1857 1626 1890 tribuit:
1665 1857 1746 1899 qnid

1050 1914 1237 1941 statuemus
1263 1909 1296 1940 in
1321 1918 1445 1949 pugna·
1458 1913 1524 1940 tam
1535 1920 1538 1923 ·
1548 1906 1748 1939 manifesta?

1050 1969 1182 2001 pacem.
1227 1958 1454 1999 Vespasianus
1471 1957 1675 1998 Capitolium
1693 1966 1747 1989 re-

1050 2008 1235 2040 stauravit:
1251 2007 1300 2039 ita
1311 2011 1377 2047 est,
1387 2006 1447 2038 sed
1459 2005 1522 2038 sub
1529 2006 1610 2039 Tito
1621 2006 1746 2038 iterum

1050 2065 1208 2093 exustum
1232 2059 1462 2098 Domitianus,
1484 2057 1652 2090 decimum
1669 2067 1748 2089 con·

1050 2112 1101 2143 sul
1126 2120 1200 2142 cum
1226 2109 1329 2143 Junio
1344 2108 1482 2148 Sabino,
1502 2108 1625 2140 iterum
1649 2107 1748 2139 resti-

1050 2166 1147 2193 tuere
1156 2167 1332 2200 aggressus
1344 2162 1407 2195 est,
1415 2162 1452 2189 et
1463 2156 1641 2188 duodecim
1651 2156 1748 2188 annis

1050 2221 1126 2244 cum
1152 2210 1227 2241 aliis
1256 2207 1422 2249 operibns*
1439 2215 1568 2238 summa
1596 2206 1749 2248 impensa

1051 2260 1217 2303 perfecit:
1236 2259 1328 2299 hinc,
1341 2267 1418 2290 cnm
1432 2256 1579 2296 cautela,
1591 2254 1747 2287 Suetoni-

1052 2322 1113 2344 us:
1138 2310 1314 2343 ‘Plur'ima
1332 2308 1378 2341 ‘et
1404 2307 1611 2350 amplissima
1639 2316 1746 2350 opera

1050 2361 1207 2405 incendio
1224 2360 1405 2403 absumpta
1417 2357 1588 2390 restituit:
1604 2357 1638 2389 in
1650 2358 1747 2399 queis

1051 2417 1088 2444 et
1113 2411 1332 2452 Capitolium,
1354 2408 1445 2450 quod
1468 2418 1584 2440 rursus
1599 2406 1749 2441 arserat!

1050 2461 1197 2493 Consule
1229 2458 1422 2499 Bau-onium,
1450 2457 1574 2490 Annal.
1602 2457 1697 2490 Τοιιι.
1722 2467 1750 2491 ι.

1051 2512 1205 2544 Bernart.

1093 2563 1136 2594 36
1156 2560 1263 2602 Atque
1286 2558 1479 2600 exploratas]
1499 2556 1591 2589 Vide
1615 2555 1658 2588 ad
1681 2557 1750 2588 Ex-

1052 2611 1269 2653 plicationem
1295 2609 1394 2650 hujus
1417 2608 1483 2640 loci
1499 2607 1609 2640 Plinii
1617 2607 1677 2638 lib.
1693 2616 1748 2640 ιν.

1052 2660 1162 2702 Epist.
1189 2662 1242 2691 21.
1270 2658 1311 2689 ad
1338 2657 1528 2690 Numitinn.
1549 2660 1586 2688 ct
1608 2656 1749 2715 sueton.

1051 2710 1184 2743 Domit.
1201 2719 1277 2750 cap.
1293 2711 1325 2740 8.

1094 2764 1135 2793 37
1159 2760 1286 2792 Dextra
1300 2761 1387 2790 vetat
1396 2757 1535 2798 pugnas]
1555 2755 1682 2788 Mirum
1695 2759 1749 2788 est

1052 2816 1091 2844 ut
1107 2811 1150 2844 de
1164 2810 1232 2843 loci
1247 2809 1346 2852 hujus
1370 2807 1543 2840 sententia
1563 2805 1642 2839 olim
1657 2806 1749 2840 inter
