1858 3112
0 1570 19 1591 ,ῑτ
0 1361 26 1560 wuston-‘m
18 1351 19 1354 „
10 1340 17 1343 .

0 1591 11 1611 1¹..

432 228 474 259 P.
505 225 698 260 Parnm
730 227 898 260 s'rA‘ru
929 226 1076 259 srnv.
1111 228 1205 260 ΜΒ.
1229 228 1282 260 11.
1311 218 1355 261 2.

156 320 296 358 solent-⁹
337 321 418 357 Seu.
442 321 478 355 lu
493 321 601 355 Herc.
627 321 703 355 OEt.
724 321 735 340 ⁴
751 320 868 354 Amis-

158 383 236 415 sum
255 373 413 416 trevium
430 373 513 415 polo
529 373 632 406 Titan
648 372 805 406 excutiet
818 371 870 404 di-

158 435 235 466 emt
258 425 347 460 celi
367 424 465 468 rogis
479 423 656 465 concidet,
670 424 794 456 Certos
814 426 869 455 at-

159 483 229 519 que
255 475 380 509 ohim·
406 473 546 508 trahet)
603 473 675 508 Adi
705 472 867 506 Davidic.

157 526 407 570 umanum.
429 527 533 560 Iden.

201 579 269 612 218
291 576 452 620 Quicquid
463 577 580 610 &abac
593 578 694 616 ortu,
705 574 809 619 finem
823 574 866 608 ti»

155 627 239 670 nd]
273 628 365 662 Huc
394 631 573 661 structura
612 625 798 658 verborum
828 630 866 658 et

157 677 313 721 enallage
326 686 547 712 numerorum
560 680 689 710 teretes
701 676 791 709 radit
806 686 866 709 au-

155 727 299 764 ried-s.
341 728 386 761 ln
401 728 481 762 cod.
497 727 692 771 pereruditi
712 727 865 760 Turnebi

157 779 373 822 adscriptum
394 783 493 813 erat=
519 780 620 812 Ortus
633 777 781 821 quicquid
807 778 864 810 lto-

160 829 448 874 &gyne-rum.
469 829 561 872 quod
575 829 675 872 cujus
697 829 811 861 animo
827 832 864 862 et

159 881 300 915 suibus
327 889 398 913 nou
421 880 504 913 satis
527 879 655 913 faciat?
699 879 757 911 Sic
771 878 863 921 apud

157 931 300 965 diorum
313 931 415 974 Trag.
429 932 587 967 Senecae,
611 930 646 962 in
665 929 773 962 Herc.
789 930 863 962 OEt.

156 980 203 1015 A.
216 983 249 1015 8.
261 981 272 1000 ‘
283 981 385 1016 Quod
395 986 515 1014 natum
530 986 596 1022 est,
604 980 736 1022 poterit
752 980 864 1014 mori!

158 1031 388 1074 Philo-opums
415 1032 451 1064 in
475 1032 627 1064 Timaeo:
649 1030 693 1063 Τὸ
721 1030 865 1072 vervinae·

157 1082 279 1119 »Ur-troi
291 1081 522 1126 ὀπολλῦμυον,
542 1083 638 1116 ὅπως
651 1080 800 1114 obtem-re
815 1080 862 1115 ὅν.

159 1135 253 1175 Quod
262 1135 415 1176 gig-aur
427 1138 460 1168 ct
474 1134 598 1176 interit,
619 1143 777 1176 nunquam
796 1142 864 1166 esse

155 1194 230 1218 vere
239 1189 356 1227 potat.
379 1184 520 1218 Morell.

198 1238 266 1270 219
293 1237 416 1269 Uram
451 1235 567 1278 quotie,
603 1231 675 1277 tyn]
706 1233 750 1266 Id
787 1238 862 1267 est:

157 1286 272 1322 Nemo
286 1296 331 1320 ex
345 1285 589 1320 innumerabili
609 1285 783 1317 hominum
805 1293 862 1316 co-

158 1338 220 1381 pis
231 1343 302 1371 non
316 1336 479 1380 adigetur
492 1336 557 1369 sub
567 1335 737 1378 judicium
751 1334 862 1375 AEaci,

155 1387 358 1423 Animarum
387 1388 607 1423 Quasitoris.
676 1386 767 1419 Vide
792 1387 862 1419 Pe-

158 1445 251 1474 trum
266 1439 377 1482 Greg.
401 1438 538 1473 Tholos.
562 1438 743 1480 syntagm.
765 1436 863 1470 Juris

157 1490 263 1529 Univ.
274 1490 338 1525 lib.
348 1497 469 1524 nvn.
483 1496 560 1531 cap.
572 1491 628 1522 2³.
638 1487 727 1520 adde
739 1488 863 1521 Frauc.

156 1542 333 1575 Polletum
347 1540 408 1574 lib.
423 1549 460 1574 v.
483 1539 564 1572 Furi
580 1539 724 1572 Romani
736 1548 815 1581 cap.
827 1541 862 1571 7.

156 1593 215 1626 De
229 1591 338 1625 AEaoo
363 1590 443 1624 vide
465 1589 631 1624 Isocratis
656 1589 864 1631 Emgoram,

155 1642 253 1677 luat.
267 1641 413 1684 Gorgia,
435 1646 475 1674 et
497 1639 720 1682 Mythologos
735 1640 862 1673 utrius-

156 1703 225 1738 que
239 1693 381 1735 linguae.
404 1691 525 1725 Barth.
574 1693 581 1700 '

198 1747 266 1778 2⁸⁰
289 1744 360 1776 Nec
369 1743 454 1776 diroe
466 1741 582 1784 eomes]
602 1741 767 1775 Omnium
782 1741 860 1775 baec

157 1798 234 1828 toto
249 1794 398 1837 Papinio
411 1792 674 1836 corruptionum
688 1793 862 1826 crassissi-

155 1855 214 1879 ma
227 1844 518 1879 etobscurissima
533 1848 603 1882 est,
625 1843 774 1886 ideoque
796 1853 862 1878 nec
888 1850 897 1859 ·

156 1895 202 1930 ab
217 1897 289 1930 nuo
305 1905 349 1929 ex
363 1894 615 1938 interpretibus
630 1898 737 1928 tacta.
774 1895 861 1929 Quis

157 1951 273 1981 autem
296 1957 398 1980 cmc
418 1946 511 1979 iste?
555 1945 643 1979 Quae
674 1945 743 1977 ista
757 1943 862 1983 sera?

155 1997 298 2032 Pu'tidoe
321 2001 403 2030 sunt
416 2000 650 2030 correctorum
661 2000 697 2028 et
709 1995 863 2038 exscrip-

155 2054 272 2082 torum
284 2047 416 2081 veteris
429 2046 591 2080 lectionis
605 2045 809 2088 ignorantiae
825 2050 862 2079 et

154 2099 381 2132 temeritates.
426 2097 506 2130 Non
529 2095 642 2128 facilis
667 2095 806 2138 quidem
829 2105 863 2129 e·

153 2149 352 2190 maculatio,
360 2148 474 2192 quoad
496 2148 616 2181 literas
632 2157 767 2189 vocum,
787 2157 862 2181 cer-

156 2204 324 2234 tatamen
349 2203 388 2233 et
413 2198 651 2232 indubitabilis
675 2199 719 2232 ad
747 2209 862 2233 rerum

153 2250 410 2294 expeditionem
422 2254 459 2282 et
469 2248 764 2292 efflagitationem.
780 2250 865 2283 Ide-

155 2311 246 2346 oque
259 2301 399 2344 scripsit
415 2300 541 2344 Papin.
580 2301 650 2334 Nec
663 2301 758 2333 triuoe
771 2301 867 2334 oanis·

154 2352 305 2393 absara.
312 2351 502 2385 Cerberum
512 2351 716 2392 dicit‚unum
726 2361 860 2390 canem,

155 2402 219 2437 sed
233 2403 340 2445 trium
361 2401 515 2445 ferarum
540 2401 657 2443 capita
672 2401 860 2450 praeferen-

154 2458 240 2488 tem.
284 2454 372 2488 Qua
394 2462 471 2487 cum
485 2454 532 2486 sit
546 2453 680 2486 acutior
694 2459 732 2487 et
747 2454 854 2497 Papi-

155 2505 262 2538 niana
274 2503 468 2546 complexio
483 2503 677 2546 verborum,
697 2503 861 2538 facillime

127 2581 132 2587 .
155 2555 299 2598 decepit
323 2554 563 2588 semihomines
576 2554 654 2588 illos
674 2564 758 2598 quos
773 2556 861 2589 dixi-

157 2613 246 2640 mus.
267 2606 390 2639 Barth.

167 2674 171 2677 -
199 2659 265 2691 888
287 2658 335 2690 Et
350 2657 483 2700 periisse
507 2654 606 2698 nego]
638 2655 681 2690 In
707 2657 861 2691 Scholio-

158 2716 234 2740 rum
248 2708 408 2741 cantibus
424 2708 458 2741 in
476 2708 610 2741 laudem
623 2712 660 2742 et
683 2709 861 2751 gratulati-

157 2766 256 2792 onem
283 2758 464 2792 Harmodii
489 2758 685 2792 liberatoris
719 2760 861 2792 solenne

157 2808 224 2845 fuit
239 2811 411 2854 occinere,
431 2811 500 2844 οὔτε
513 2823 560 2844 πα
572 2810 733 2851 τέθνηκας·-
771 2812 859 2845 Neu-

1511 221 1627 265 1677

919 321 1040 363 tiquam
1053 321 1208 356 interisti.
1230 324 1284 356 Ex
1299 322 1466 357 Aristidis
1480 324 1628 367 Epiced.

919 372 954 404 in
980 373 1106 406 Eteon.
1128 375 1256 407 Mareu.
1303 375 1549 418 Desolatomquc
1574 386 1626 408 so·

916 423 1034 466 rorem]
1058 424 1099 457 Id
1128 431 1195 463 est,
1218 426 1326 459 solam
1341 427 1521 460 relictam:
1543 427 1623 460 Sta-

917 474 985 507 tius
1000 475 1110 508 Theb.
1124 484 1151 508 1.
1173 477 1183 494 ‘
1195 476 1296 510 Quod
1323 476 1482 510 desolata
1507 476 1626 510 domo-

918 534 993 557 rum
1017 526 1124 559 Tecta
1148 526 1275 559 vides!
1317 527 1503 560 Suetonius
1534 527 1625 560 Cali-

909 569 1010 617 'gula,
1033 586 1112 618 cap.
1127 579 1181 610 12.
1201 578 1311 610 ‘Cum
1327 577 1467 611 deserta
1489 577 1625 611 desola-

917 631 1022 669 taque
1040 627 1180 670 reliquis
1202 627 1364 660 subsidiis
1380 627 1482 661 aula.’
1525 629 1625 662 Taci-

917 681 995 710 tus:
1018 678 1028 696 ‘
1045 678 1236 711 Desolatus
1250 679 1354 711 etiam
1370 678 1539 720 paulatim
1555 689 1626 712 ser

916 728 1039 760 vilibus
1067 728 1295 761 ministeriis!
1350 729 1395 762 D.
1430 730 1624 771 Cyprianus

915 779 1030 820 Epist.
1041 780 1204 813 xxxiv.‘
1219 784 1256 812 et
1272 779 1463 812 desolatam
1475 790 1539 823 per
1554 781 1626 823 lap-

913 829 1010 870 sum,'
1023 831 1089 863 διο.
1113 830 1269 864 Ber—nare.

946 881 1070 914 CARM.
1082 891 1123 915 11.
1135 880 1362 915 Surrentinum
1373 882 1490 925 Pollii]
1502 882 1627 916 Salisb.

920 931 1004 964 Villa
1019 931 1212 964 Sur-reatina
1229 933 1313 964 Polli
1327 937 1359 965 et
1379 933 1477 965 elicis.
1509 933 1624 966 Rhod.

921 981 1006 1014 Villa
1028 981 1218 1014 Surrentina
1242 982 1341 1015 Pollii
1365 983 1508 1022 Faucia,-
1530 983 1626 1025 qnod

915 1041 979 1064 cur
1008 1031 1286 1074 repudiaremus,
1313 1042 1418 1065 causa
1447 1043 1515 1066 uon
1546 1037 1624 1067 erat

917 1082 1060 1116 Gronov.

959 1137 976 1167 1
1002 1135 1065 1167 Est
1078 1135 1163 1168 inter
1177 1138 1276 1175 notos,
1289 1136 1362 1178 ὅπη]
1383 1135 1453 1169 Qui
1483 1145 1526 1168 ex
1554 1135 1622 1168 hoc

915 1195 1015 1218 versu
1044 1186 1202 1221 Surrenti
1233 1187 1488 1228 Campanorum
1518 1186 1623 1218 Pom-

914 1236 1000 1278 peiis
1036 1237 1192 1278 contigui
1229 1237 1445 1269 notationem
1483 1242 1623 1278 petunt.

913 1286 1011 1329 quasi
1027 1295 1048 1318 a
1061 1287 1193 1319 Sirenis
1211 1296 1333 1319 nomen
1347 1286 1491 1319 ductum
1509 1292 1545 1319 et
1561 1286 1622 1320 fic-

914 1342 987 1370 tum
997 1337 1056 1378 sit,
1067 1347 1120 1370 nae
1133 1337 1182 1370 illi
1196 1347 1316 1379 parum
1330 1337 1461 1376 vident,
1474 1338 1621 1379 primum

913 1397 1016 1430 quam
1044 1392 1215 1429 repugnet
1245 1387 1507 1430 orthographia,
1543 1397 1621 1420 cum

913 1439 1052 1472 Sirenes
1083 1439 1208 1472 Graeca
1237 1439 1450 1481 diphthongo
1476 1439 1622 1481 primam

913 1491 1083 1532 syllabam
1100 1490 1298 1532 insignitam
1315 1490 1465 1522 babeat:
1489 1495 1525 1522 at
1539 1490 1622 1522 Sur-

912 1547 1051 1574 rentum
1066 1541 1172 1574 etiam
1194 1540 1331 1574 Graecis
1352 1550 1416 1582 per
1432 1552 1451 1571 u
1465 1544 1502 1572 et
1515 1540 1623 1581 gemi-

912 1602 993 1625 num
1008 1605 1037 1635 p,
1052 1591 1236 1635 Σύῤῥεντον,
1253 1591 1439 1624 scribitur:
1456 1591 1622 1623 Straboni

911 1644 975 1677 lib.
985 1654 1012 1677 ι.
1037 1649 1124 1678 etv.
1149 1643 1295 1686 Σύραιονι
1322 1653 1386 1676 nec
1402 1643 1622 1676 animadver-

914 1699 993 1727 tunt
1005 1695 1231 1744 promontorii
1256 1694 1358 1736 hujus
1380 1699 1517 1736 partem
1534 1695 1623 1727 alte-

913 1754 984 1777 ram
1001 1749 1152 1785 tantum,
1177 1755 1253 1788 quae
1271 1744 1399 1783 νησῖδας
1423 1743 1552 1786 ἐρήμους
1565 1756 1621 1777 πε-

911 1795 1049 1838 τρώδεις,
1063 1800 1137 1829 tres
1153 1806 1277 1838 parvas
1294 1796 1438 1835 insulas,
1451 1806 1514 1828 seu
1531 1796 1620 1828 veri·

913 1857 952 1879 us
982 1852 1111 1889 petras,
1130 1847 1298 1887 habebat,
1326 1847 1487 1879 Sirenum
1515 1857 1625 1889 quon-

913 1898 991 1930 dam
1022 1898 1140 1931 sedem
1177 1897 1297 1936 fuisse,
1320 1902 1442 1930 autore
1478 1897 1619 1931 Plinio:

911 1949 1092 1981 Sirenusns
1143 1948 1333 1990 indigitant
1395 1947 1618 1990 Geographi:

911 2009 1014 2041 quam
1030 2009 1150 2032 vocem
1167 1999 1259 2041 apud
1269 1998 1475 2031 Strabonem
1494 1998 1620 2040 depra-

912 2053 1026 2082 vatam
1041 2048 1191 2082 feliciter
1206 2049 1359 2082 restituit
1381 2049 1429 2081 Is.
1447 2048 1622 2086 Casaubof

911 2109 978 2132 nus
1002 2101 1036 2132 in
1062 2100 1298 2132 eruditissimis
1325 2104 1513 2132 comment.
1541 2104 1620 2139 cum

912 2150 947 2183 id
964 2156 1176 2192 promontor.
1192 2150 1235 2182 ab
1253 2151 1364 2182 altera
1388 2155 1490 2192 parte
1516 2150 1620 2182 habe-

913 2207 968 2234 ret
984 2202 1117 2240 Ἀθηνᾶς
1132 2199 1220 2243 ἱερὸν,
1232 2199 1410 2233 Ὀδυσσέως
1421 2199 1546 2242 ἵδρυμα,
1554 2201 1624 2232 Mi-

912 2261 1041 2294 nervae,
1058 2262 1159 2294 quam
1182 2261 1262 2284 mox
1283 2252 1492 2293 Tyrrhenam
1517 2255 1622 2284 vocat

912 2302 1057 2344 Statius,
1084 2301 1202 2335 fanum
1218 2302 1263 2334 ab
1279 2302 1406 2343 Ulysse
1422 2301 1620 2334 conditum:

911 2352 1061 2395 indeque
1077 2351 1236 2391 Ἀθήναιον
1249 2353 1473 2394 appellatum.
1488 2353 1626 2386 Morelle

954 2406 975 2435 8
998 2403 1185 2445 Dicarchei]
1209 2403 1405 2435 Dicarchea
1424 2403 1504 2435 olim
1529 2403 1617 2435 dicti

910 2458 993 2486 sunt
1009 2454 1162 2494 Puteoli,
1179 2464 1199 2485 a
1223 2453 1305 2493 δίκη,
1329 2453 1420 2496 quod
1442 2453 1619 2494 significat

902 2503 1081 2544 finitima,
1097 2514 1162 2546 qua
1189 2504 1404 2546 potissimum
1421 2504 1621 2546 regebatur,

910 2558 951 2586 ut
959 2555 1063 2587 Festo
1074 2555 1202 2597 placet.
1225 2555 1355 2587 Postea
1368 2555 1506 2588 Puteoli
1520 2556 1618 2593 dicti,

911 2605 967 2637 vel
996 2615 1017 2637 a
1043 2604 1242 2648 frequentia
1270 2610 1452 2648 puteorum
1482 2607 1541 2649 qui
1569 2607 1617 2639 ibi

911 2660 1004 2696 sunt,
1021 2656 1075 2687 vel
1090 2666 1110 2688 a
1125 2661 1263 2698 putore,
1277 2661 1317 2689 ut
1333 2656 1489 2689 scribunt
1504 2657 1617 2689 Varro

911 2712 948 2739 et
973 2707 1112 2740 Strabo.
1156 2706 1267 2741 Addit
1292 2707 1433 2748 Strabo,
1456 2711 1616 2749 putorem

911 2759 1005 2790 illum
1027 2758 1248 2800 sulphureum
1274 2758 1355 2791 inde
1381 2763 1499 2790 natum
1528 2765 1615 2795 esse,

911 2809 1002 2853 quod
1018 2810 1172 2852 gigantes
1188 2810 1268 2843 olim
1284 2810 1318 2843 in
1331 2809 1422 2843 bello
1435 2810 1619 2850 Phlegraeo
