1846 3120
632 258 917 291 THRBAlDos
951 259 1049 291 LIB.
1085 258 1158 291 IX.

156 340 365 408 Namque
377 357 457 408 per
471 354 689 397 attonitas
711 367 915 397 curarum
933 354 1124 410 pondere
1145 358 1298 398 noctes

1507 248 1629 291 1293

1542 356 1632 398 575

155 421 288 476 Soepe
308 423 355 463 et
369 420 581 476 delapsas
601 421 761 477 adytis,
783 434 897 476 quas
917 422 1018 476 ipsa
1038 422 1223 473 dicarat,

155 486 376 539 ExuviaS,
397 501 534 544 seque
549 490 709 543 ignotis
730 502 879 532 errare
898 490 1120 544 sepulcris

153 553 385 603 Batonem
403 557 612 607 nemoris,
635 557 956 612 Dryadumque
969 570 996 600 a
1016 558 1144 612 plebe
1163 557 1376 611 fugatam,

155 622 287 679 Saepe
305 635 446 666 novos
465 625 560 667 nati
579 616 700 667 bello
721 623 908 667 rediisse
926 623 1187 679 triumphos,
1206 662 1210 667 .

154 687 395 746 Armaque,
415 696 462 734 et
481 691 703 747 alipedem
717 695 888 743 notum,
904 691 1179 746 comitesque
1198 691 1394 744 videbat,

1540 692 1627 735 580

155 756 389 814 Nusquam
410 758 577 814 ipsum:
606 770 726 802 nunc
744 771 803 802 ex
819 758 1014 801 humeris
1033 757 1221 803 fluxisse
1244 760 1484 815 pharetras,

155 824 426 881 Effigiesqne
445 838 570 878 suas,
585 827 917 881 simulacraque
937 829 1042 869 nota
1062 828 1263 871 cremari.
1442 825 1447 835 '

154 891 418 952 Praecipuos
433 893 512 936 sed
530 894 646 940 enim
657 894 736 936 illa
751 899 896 936 metus
916 894 1181 948 portendere
1201 896 1301 938 visa

159 960 270 1004 Nox
288 961 475 1013 miserae,
495 964 680 1017 totoque
698 962 840 1005 erexit
858 965 1038 1016 pectore
1059 966 1252 1006 matrem.

155 1026 279 1072 Nota
294 1041 373 1085 per
390 1027 612 1072 Arcadias
631 1029 754 1072 felici
772 1030 930 1072 robore
952 1030 1105 1085 sylvas

1543 1030 1629 1073 585

156 1094 359 1149 Quercus
377 1097 675 1173 erat,rTriviae
697 1109 831 1154 quam
852 1098 1168 1146 desacraverat
1186 1099 1290 1154 ipsa

154 1230 262 1268 metes
274 1228 353 1260 nole
366 1227 601 1261 solicitudinum
613 1228 730 1261 anxias
743 1228 887 1262 cernebat
900 1229 1010 1272 spolia,
1032 1240 1102 1271 quoe
1123 1230 1191 1271 ipsa
1214 1234 1460 1267 consecraverat,
1483 1229 1629 1261 cecidisse

157 1279 176 1302 ο
187 1270 352 1311 martis,
372 1281 464 1313 seque
477 1271 590 1312 vagari
604 1280 661 1312 per
675 1273 800 1312 ignotos
815 1273 959 1312 tumulos,
980 1274 1102 1305 exulem
1122 1274 1296 1314 sylvarum,
1319 1276 1350 1305 et
1364 1273 1525 1314 expulsam
1537 1272 1629 1304 choro

157 1312 340 1356 mm,
361 1323 443 1356 sape
465 1318 604 1347 recentes
617 1315 689 1357 filii
709 1315 883 1356 triumphos
895 1325 912 1347 e
928 1315 1006 1347 bello
1020 1325 1183 1354 remeasse,
1197 1319 1228 1347 et
1241 1325 1331 1347 arma
1345 1326 1382 1347 ae
1396 1319 1505 1348 notum
1518 1325 1630 1356 equum

157 1355 308 1398 κυοῦσι,
330 1366 483 1399 nusquam
495 1358 611 1400 ipsam.
655 1358 749 1390 Nunc
771 1358 938 1399 pharetras
961 1359 1103 1399 delapsas
1119 1358 1226 1397 fuisse
1252 1368 1294 1390 ex
1315 1359 1464 1400 humeris,
1483 1368 1630 1399 suamque

147 1421 153 1425 -
248 1400 256 1407 '
339 1410 376 1432 ae
389 1403 496 1432 notam
509 1401 644 1444 effigiem
658 1401 807 1433 comburi.
856 1401 972 1433 Verum
982 1402 1037 1433 illa
1051 1412 1116 1434 nox
1131 1401 1198 1434 visa
1217 1405 1265 1433 est
1286 1402 1466 1442 proesagire
1477 1402 1630 1433 maximos

155 1440 284 1479 tisnores
294 1440 429 1484 infelici,
447 1446 479 1475 et
502 1445 568 1475 toto
579 1443 682 1475 animo
696 1444 851 1476 solicitam
863 1444 966 1476 tenuit
986 1448 1159 1486 parentem.
1206 1445 1287 1476 Erat
1302 1454 1432 1486 quercus
1446 1445 1480 1476 in
1493 1444 1629 1476 nemori-

158 1480 216 1525 bus
227 1483 389 1527 Amaioe,
409 1486 661 1526 notaftuctifero
674 1486 793 1528 robore,
815 1496 908 1528 quam
921 1487 990 1529 ipsa
1004 1488 1203 1520 dedicaverat
1219 1487 1350 1525 Dianoe,
1365 1487 1493 1520 electam
1508 1497 1524 1519 e
1538 1487 1631 1519 turba

768 1579 1015 1593 OONOOW

160 1631 305 1679 nar'nus.
317 1645 433 1688 pal-sis
445 1655 487 1679 ea:
499 1655 583 1679 more
598 1656 683 1678 tinus
701 1646 936 1680 Bellon—576
955 1645 1049 1680 Dan.
1065 1647 1202 1688 dilapsas
1215 1647 1434 1680 aditis—5⁷8
1458 1647 1631 1678 Est-torrem

93 1691 98 1694 ”
159 1699 318 1722 moruus
332 1689 418 1722 Exc.
434 1689 580 1722 Cantab.
595 1690 755 1722 Petrens.
775 1693 812 1722 et
827 1689 1056 1722 Barna-583
1079 1691 1186 1728 Lana.
1203 1691 1307 1722 Laur.
1322 1689 1455 1722 Buslid.
1473 1688 1628 1730 Lipsian.

161 1731 255 1765 Dan·
268 1731 354 1765 Put.
369 1732 547 1765 Petawet
568 1731 649 1765 edd.
665 1737 751 1765 vett.
763 1734 949 1774 portendere
961 1734 1031 1765 visa
1046 1736 1094 1765 est
1106 1744 1119 1772 ,·
1135 1732 1174 1764 -rb
1195 1737 1244 1765 est
1257 1742 1325 1765 non
1347 1732 1496 1765 habetur
1510 1732 1545 1764 in
1560 1732 1630 1763 Be-

161 1773 360 1809 bota—⁵84
380 1779 391 1794 ‘
406 1774 451 1811 In
463 1775 595 1823 optimo
616 1775 806 1818 exemplari
821 1781 892 1809 est:
916 1778 1042 1818 totoque
1062 1777 1171 1817 exegit
1198 1775 1344 1818 pectore?
1359 1775 1479 1808 Barth.
1505 1778 1637 1817 totoque.

820 1872 853 1904 N
859 1871 962 1905 01*AE

178 1982 182 1984 ,
201 1949 269 1983 576,
291 1948 379 1986 Quas
402 1948 473 1990 ipsa
495 1948 619 1981 dicarat
644 1946 804 1993 Exuvias]
826 1947 869 1981 Id

160 2003 230 2045 est,
243 1999 351 2041 pelles
367 2004 427 2031 sut
451 2008 582 2032 cornua
596 1997 766 2031 ferarum:
791 2001 869 2031 erat

161 2050 252 2083 enim
269 2050 429 2083 venatrix
444 2050 622 2083 Atalanta.
638 2050 767 2091 Tangit
774 2050 865 2082 hunc

161 2109 292 2134 morem
317 2100 525 2134 Plutarchus
550 2100 685 2135 Quaest.
702 2100 803 2133 Rom.
831 2105 867 2133 et

160 2151 282 2184 scribit
307 2152 444 2194 templis
467 2150 623 2184 omnibus
642 2151 762 2183 Dianae
794 2160 868 2183 cor-

162 2211 231 2242 nua
259 2211 442 2236 cervorum
475 2201 568 2244 affigi
604 2202 706 2234 moris
742 2200 868 2242 fuisse3

165 2251 257 2298 qnod
275 2257 313 2285 et
327 2252 370 2285 ad
387 2252 531 2286 aliorum
555 2251 706 2285 Deorum
723 2251 870 2294 templo·

164 2311 239 2336 ram
253 2301 344 2348 fores
355 2302 390 2336 id
403 2294 515 2345 ipsiim
525 2301 737 2344 factitatum,
751 2307 790 2335 ut
801 2302 868 2335 dis-

163 2347 272 2386 cimus
301 2363 346 2387 ex
373 2353 576 2396 Symmacho
601 2353 660 2387 lib.
673 2363 710 2386 v.
725 2354 793 2395 Ep.
809 2356 867 2386 63.

161 2404 279 2450 {Nam
295 2409 334 2439 ut
348 2404 468 2437 honori
484 2404 659 2438 numinum
675 2403 779 2436 datur
792 2413 866 2437 cor-

163 2454 234 2490 nua
261 2465 400 2490 sacrare
422 2465 617 2497 cervorum,
651 2460 688 2488 et
724 2455 865 2497 aprinos

162 2507 283 2541 dentes
298 2506 472 2541 liminibus
487 2506 649 2550 affigere3
673 2507 720 2539 ita
737 2507 864 2540 amico-

164 2568 238 2600 rnm
254 2557 362 2591 cultui
377 2557 582 2591 dedicantur
605 2558 771 2591 libamina
786 2551 864 2600 'syl-

165 2608 308 2642 varum!

205 2662 269 2692 578
291 2659 535 2703 Dryadumque]
571 2659 674 2698 Quia,
697 2663 737 2692 ut
766 2669 869 2692 vena-

162 2709 246 2751 trix,
263 2710 511 2743 admittebatur
525 2710 615 2744 inter
629 2711 804 2753 Dryades.

209 2762 274 2794 ⁶⁷9
297 2761 380 2794 Nati
408 2762 539 2794 rediisse
568 2762 759 2804 triumphos]
799 2761 871 2794 Per

164 2811 336 2856 triumphos
356 2813 412 2847 hic
441 2814 587 2856 intelligi
617 2813 723 2847 credo
753 2813 863 2856 spolia

923 1948 1076 1994 hostibus
1100 1959 1120 1980 a
1148 1947 1219 1981 filio
1239 1948 1413 1989 detracta,
1446 1957 1521 1990 quae
1546 1947 1631 1980 ferri

922 2008 986 2042 per
999 1999 1148 2042 quietem
1165 2004 1330 2043 tanquam
1346 2001 1380 2032 in
1393 1999 1567 2041 triumpho
1583 1999 1631 2030 vi-

921 2051 1027 2083 debat
1047 2050 1237 2083 Atalanta:
1263 2051 1299 2083 in
1324 2050 1509 2092 triumphis
1536 2049 1627 2081 enim

923 2102 1033 2144 spolia
1051 2101 1252 2144 exuviaeque
1266 2100 1410 2134 hostiles
1426 2100 1631 2134 ferebantur

923 2162 968 2186 ex
983 2162 1079 2184 more
1099 2152 1264 2185 Romano.

966 2205 1031 2235 582
1047 2202 1286 2244 simulacraque
1297 2206 1371 2235 nota
1385 2201 1535 2243 cremari]
1553 2201 1630 2234 Hoc

923 2253 1093 2285 somnium
1118 2252 1352 2295 portendebat
1379 2257 1526 2285 mortem
1545 2252 1630 2283 Par-

922 2304 1111 2346 thenopaei‚
1125 2304 1206 2346 quia
1222 2308 1297 2336 erat
1311 2303 1413 2337 matri
1428 2303 1630 2343 simillimus,

921 2359 961 2388 nt
975 2354 1122 2388 vidimus
1137 2354 1246 2388 Theb.
1259 2363 1311 2387 tv.
1336 2354 1422 2387 dicit
1436 2353 1528 2385 enim
1545 2353 1631 2385 Ata-

921 2405 1016 2441 lanta
1032 2403 1124 2437 filio:
1148 2405 1158 2423 ‘
1174 2404 1367 2447 Vultusque
1384 2403 1552 2436 recedant
1568 2413 1630 2436 ore

920 2454 1014 2487 me1.'

962 2507 1026 2538 584
1044 2506 1119 2538 Nox
1134 2503 1271 2546 miserae]
1286 2505 1330 2537 In
1346 2514 1414 2548 qua
1429 2504 1526 2537 videt
1542 2514 1630 2536 som·

919 2556 1026 2596 nium,
1049 2555 1142 2598 quod
1157 2555 1270 2588 Poeta
1286 2555 1511 2598 sequentibus
1528 2554 1632 2587 versi-

924 2609 986 2642 bus
1002 2612 1134 2641 narrat.

966 2662 1031 2692 586
1055 2658 1189 2702 Triviae]
1201 2657 1338 2691 Dianae.
1371 2657 1475 2695 Quam
1487 2658 1631 2689 desacra-

924 2714 1012 2744 eerat
1027 2710 1114 2753 ipsa]
1139 2708 1393 2752 Antiquissima
1408 2711 1566 2740 veterum
1578 2716 1632 2738 su-

925 2760 1102 2804 perstitio,
1129 2770 1197 2802 qua
1227 2759 1387 2792 solebant
1426 2765 1629 2791 consecrare

919 2811 1072 2854 arbores,
1095 2811 1204 2854 iisque
1232 2811 1369 2843 nomina
1390 2809 1542 2842 Deorum
1563 2808 1625 2839 im·
