1846 3120
276 249 390 293 1298

763 250 816 289 ἰ».
848 249 1042 290 ΡΑιῡιΝιί
1074 248 1259 305 ὲτλτῑυῗ

277 354 510 398 Maenades
528 353 724 403 hostileS,
743 344 1044 408 Thebanaque
1063 344 1245 396 numina
1262 343 1441 409 regnant
1455 357 1475 398 ‘t

278 422 371 464 Hei
393 421 522 463 mihi!
554 433 631 462 cur
652 422 844 474 penitus,
864 420 1060 475 (simque
1080 435 1215 476 augur
1236 412 1367 464 cassa
1386 418 1564 478 futuri,)

278 489 367 531 Cur
386 488 578 541 penitus,
600 499 845 540 magnoque
860 489 1292 542 interpretorvomine
1307 480 1546 545 quercum?
1576 514 1579 517 v
1605 522 1610 527 -
1638 489 1733 534 '630

277 554 412 606 Quod
433 555 472 595 si
493 565 598 596 vera
617 567 751 608 sopor
767 554 941 596 miserae
961 556 1181 609 praesagia
1201 557 1350 607 mittit,

276 622 365 664 Per
382 624 426 662 te
445 625 680 671 maternos,
699 621 821 663 mitis
843 621 1082 677 Dictynna,
1102 623 1294 673 labores,

277 688 623 743 Fraternumque
642 687 793 742 decus,
806 688 1084 742 justis-hunc
1103 687 1188 742 fige
1208 690 1382 743 sagittis

276 755 507 797 Infelicem
528 747 726 799 u'terum:
757 756 929 797 miserae
950 755 1044 797 sine
1063 755 1215 797 funera
1236 757 1388 798 matris

752 822 898 873 Dixit,
913 823 1110 877 fletuque
1131 823 1293 874 soluto,

279 888 460 943 Aspicit
477 893 524 931 et
543 889 684 931 niveae
705 902 868 931 saxum
888 889 1118 931 maduisse
1139 890 1314 932 Dianae.

275 822 443 864 Audiat
461 822 536 863 ille
557 822 691 875 prior.

1644 823 1732 868 685

273 1027 394 1069 Diique
409 1029 547 1062 Thebani
560 1030 758 1063 dominantur
770 1031 804 1062 in
819 1030 896 1062 lucis
909 1031 1048 1063 nostris?
1091 1031 1167 1063 Heu
1187 1042 1248 1072 me,
1271 1042 1328 1064 cur
1337 1041 1477 1074 ρων-σω,
1502 1031 1732 1075 (ain-quem

275 1074 364 1103 vates
377 1073 528 1113 venturi)
543 1083 599 1105 cur
620 1083 745 1114 prorsus
767 1074 800 1104 in
821 1074 935 1105 malum
954 1074 1144 1115 praesagium
1158 1076 1278 1116 explico
1294 1085 1437 1116 quercum
1447 1079 1461 1108 2
1506 1077 1598 1113 Quod
1609 1076 1640 1108 oi
1651 1084 1731 1107 som-

273 1122 334 1144 nus
347 1114 443 1155 affert
458 1119 544 1147 certa
557 1115 661 1148 omina
674 1115 804 1155 infelici,
819 1116 942 1156 placida
957 1117 1128 1157 Dictynna,
1143 1122 1197 1148 oro
1211 1121 1243 1149 te
1254 1127 1311 1158 per
1326 1121 1482 1151 maternas
1494 1114 1652 1150 molestias
1666 1115 1732 1149 La*-

275 1158 371 1199 to-noe‚
390 1167 427 1189 ac
450 1167 506 1198 per
518 1159 698 1197 fraternum
718 1160 865 1198 gloriam,
887 1159 1015 1197 consode
1034 1160 1132 1200 oequis
1151 1160 1225 1191 telis
1245 1161 1326 1192 hunc
1339 1161 1568 1204 infortunatum
1579 1164 1730 1194 omnm.

274 1196 405 1238 Pn'tere,
425 1197 490 1241 oro,
509 1197 563 1232 ille
577 1201 714 1242 accipiat
732 1201 822 1241 prior
844 1201 986 1232 nuntium
1007 1202 1118 1233 mortis
1138 1198 1275 1241 infelicis
1289 1199 1450 1243 'parentia
1496 1200 1662 1244 Inquinct
1674 1211 1732 1234 ex·

273 1239 394 1274 haustis
413 1243 560 1284 lacrymis
582 1244 683 1276 cernit
705 1253 910 1275 marmoreum
930 1243 1127 1276 simulacrum
1145 1246 1287 1277 candidae
1301 1246 1416 1278 Dianoe
1430 1246 1570 1278 sudorem
1582 1243 1730 1278 mistae.

887 1349 1124 1363 00000000‘000

275 1427 365 1459 Exc.
389 1425 534 1458 Cantab.
559 1426 633 1458 dira
658 1427 809 1458 malorum
828 1425 1046 1467 Signa—633
1068 1426 1079 1443 ⁴
1095 1427 1136 1459 Iu
1163 1426 1238 1459 aliis
1263 1427 1386 1460 lectum
1410 1427 1531 1459 cunctis
1551 1425 1731 1468 projunis.

272 1468 342 1501 Sed
360 1473 526 1510 praestare
543 1473 625 1509 puto
641 1469 824 1509 vulgatam,
846 1479 947 1511 quam
971 1474 1007 1501 et
1023 1469 1103 1500 libri
1120 1469 1347 1502 confirmant.’
1361 1470 1480 1502 Barth.
1504 1469 1654 1511 Lipsian.
1669 1479 1729 1501 ex·

270 1511 368 1543 hibet
394 1511 609 1543 omia—635
633 1512 754 1543 Audiat
767 1512 818 1543 ille
839 1521 950 1552 precor
966 1512 1076 1552 Lang.
1093 1513 1194 1544 Laur.
1219 1512 1353 1545 Buslid.
1370 1512 1524 1555 Lipsian.
1538 1511 1677 1544 Behott.
1695 1514 1727 1544 1.

273 1557 306 1586 2.
321 1559 357 1585 et
372 1554 449 1586 edd.
465 1558 551 1586 vett.
592 1553 714 1586 Audiat
737 1554 790 1585 ille
802 1555 889 1595 prior
901 1555 994 1587 Dan.
1011 1555 1103 1586 Put..
1122 1555 1246 1587 Petav.
1263 1554 1409 1588 Amstel.
1435 1554 1586 1587 Gronov.
1607 1554 1729 1586 Barth.

268 1596 384 1638 ⁴Veen.
399 1600 436 1629 et
451 1596 580 1638 Deiph.
596 1600 633 1629 et
655 1596 703 1628 ita
727 1605 771 1628 ex
792 1596 892 1629 codd.
908 1596 1094 1630 emendant
1120 1597 1335 1629 Burmannus
1351 1597 1393 1630 ad
1419 1596 1523 1630 Ovid.
1537 1595 1626 1629 Met.
1643 1604 1730 1631 vm·

924 1703 1066 1736 NOTAE

313 1779 378 1809 630
403 1776 574 1817 Quercum]
597 1775 685 1807 Vide
700 1786 817 1817 supra.

306 1829 370 1858 632
393 1827 557 1858 Materuos
572 1825 707 1866 labores]
741 1826 803 1856 Vel
822 1826 974 1866 Latonae,

269 1877 331 1908 vel
368 1876 517 1908 omnium
544 1876 823 1917 parturientium,
851 1877 973 1917 quibus

270 1930 414 1967 praeest.
479 1925 658 1967 Dictynna]
699 1926 973 1967 cognomentum

272 1977 413 2018 Dianae,
428 1986 503 2018 quae
518 1976 567 2008 sic
583 1976 678 2008 dicta
693 1982 747 2008 est
763 1975 823 2008 ἀπὸ
836 1978 898 2008 τῶν
912 1978 974 2008 δικ-

271 2030 363 2067 τύων,
386 2037 406 2058 α
431 2026 568 2058 retibus:
593 2035 669 2058 nam
693 2031 820 2058 venatu
847 2027 975 2067 gaudet

262 2069 363 2108 ‘'Dea.
424 2076 619 2108 Phornntus
650 2075 760 2109 refert
792 2076 803 2095 ‘
822 2077 972 2118 Dictyn-

271 2137 350 2160 nam
365 2126 375 2142 '
399 2127 528 2168 vocari,
554 2127 645 2169 quod
660 2127 726 2160 huc
741 2137 818 2160 suos
834 2127 974 2169 dejiciat

270 2176 407 2210 radios:
430 2186 509 2209 nam
540 2177 633 2209 δίκειν
648 2177 754 2217 J‘acere
777 2177 971 2219 significat:

273 2227 389 2260 Diana
400 2231 514 2259 autem
531 2227 650 2259 eadem
664 2237 738 2270 quae
753 2228 844 2260 luna.
867 2228 972 2260 Scho-

272 2277 389 2310 liastes
420 2278 591 2309 Ranarum
625 2275 864 2319 Aristophanis
890 2277 973 2310 dicit

273 2327 306 2359 N
309 2326 482 2369 ympham‚
493 2337 568 2368 quae
585 2328 815 2370 Britomartys
830 2328 973 2360 vocaba-

272 2380 342 2416 tur,
372 2377 534 2409 incidisse
571 2379 729 2410 venando
759 2379 794 2410 in
822 2379 910 2411 retia
936 2384 972 2411 et

271 2428 350 2459 hinc
367 2437 404 2459 se
417 2428 581 2469 expedire
606 2438 672 2461 non
690 2429 864 2470 potuisse:
887 2430 971 2462 libe-

270 2484 382 2512 ratam
401 2490 481 2512 vero
496 2490 516 2512 a
537 2474 654 2513 Diana
671 2482 834 2522 templum
850 2481 970 2513 Dianae

273 2531 458 2571 Dictynnae
475 2532 737 2564 consecravisse.
767 2531 856 2564 Haec
867 2531 972 2563 etiam

267 2580 372 2622 nujus
387 2581 598 2621 cognominis
614 2582 700 2613 ratio
714 2578 874 2613 traditur.
894 2581 973 2614 Dic-

269 2634 384 2671 'tynna
400 2630 573 2662 Cretensis
592 2631 762 2672 Nympha,
780 2631 899 2662 Dianae
915 2639 972 2662 co-

273 2690 359 2721 mes,
372 2690 450 2712 cum
460 2680 525 2712 vim
541 2681 678 2721 Minois,
693 2687 848 2722 stuprum
862 2682 910 2712 ini
922 2681 972 2712 in-

270 2729 366 2761 ferre
382 2730 563 2770 tentantis,
591 2729 742 2771 effugere
759 2741 824 2763 non
842 2736 970 2772 posset,

272 2781 306 2812 in
323 2790 416 2812 mare
443 2790 478 2812 se
503 2781 714 2822 praecipitem
732 2781 848 2813 dedit:
874 2782 969 2813 illata

1030 1786 1112 1809 vero
1128 1782 1182 1810 est
1197 1778 1289 1810 inter
1305 1776 1395 1814 retia
1408 1776 1633 1819 piscatorum,
1652 1775 1729 1821 qum

1030 1827 1155 1859 Graece
1171 1827 1278 1859 δίκτυα
1292 1827 1469 1868 dicuntur,
1484 1836 1504 1859 e
1516 1826 1640 1869 quibus
1652 1827 1729 1869 ejus

1027 1886 1153 1918 corpus
1184 1878 1344 1910 eductum
1372 1881 1441 1910 est.
1498 1877 1586 1910 Cum
1612 1881 1728 1909 autem

1029 1932 1151 1969 postea
1169 1929 1275 1961 Creta
1289 1928 1400 1960 insuia
1426 1927 1649 1969 gravi-peste
1679 1921 1730 1960 af-

1027 1975 1122 2009 flicta
1138 1984 1238 2019 esset,
1253 1982 1371 2010 erecto
1386 1978 1505 2012 Diana
1523 1977 1651 2019 templo
1665 1977 1728 2009 sub

1028 2028 1229 2068 cognomine
1245 2028 1459 2070 ‘Dictynnae,
1493 2037 1513 2059 a
1545 2027 1688 2068 retibus,
1709 2037 1729 2060 a

1028 2082 1128 2118 peste
1158 2078 1307 2111 liberata
1334 2083 1399 2111 est.
1457 2077 1547 2110 vide
1569 2078 1729 2110 Callima-

1026 2128 1124 2170 chum
1136 2128 1169 2165 in
1183 2129 1309 2161 Dianae
1326 2129 1475 2171 Hymno,
1488 2126 1690 2161 Strabonem
1707 2125 1729 2160 Ι.

1023 2182 1064 2211 x.
1088 2179 1181 2220 Lege
1195 2178 1367 2220 Euripidis
1383 2178 1416 2210 in
1429 2178 1624 2220 Hippolyto
1635 2170 1725 2210 cons-

1026 2234 1248 2270 mentatores‚
1274 2228 1476 2261 Pausaniam
1502 2228 1537 2260 in
1554 2229 1730 2260 Laconicis

1027 2283 1064 2310 et
1080 2279 1251 2311 Phocicis.
1295 2278 1466 2320 Diodorus
1488 2279 1622 2318 Siculus
1642 2279 1751 2312 Dic'-.

1026 2332 1167 2370 tynnam
1182 2330 1283 2360 aliam
1301 2339 1374 2360 esse
1390 2339 1411 2360 a
1425 2328 1539 2361 Diana
1554 2329 1672 2362 sentit.

1067 2381 1131 2410 633
1156 2379 1403 2420 Frater-numque
1431 2378 1540 2420 decus]
1591 2378 1725 2420 Aponi*

1023 2429 1091 2461 nis.
1134 2428 1256 2470 Justis]
1279 2427 1359 2460 Alia
1370 2428 1488 2470 lectio,
1501 2429 1630 2461 cunctis.

1066 2481 1129 2511 685
1154 2478 1268 2519 Prior]
1292 2478 1372 2510 Alia
1386 2479 1502 2519 lectio,
1519 2489 1639 2520 precor.

1068 2533 1132 2562 636
1154 2528 1292 2571 Saxum]
1323 2530 1561 2562 Simulacrum.
1605 2530 1722 2563 Modu-

1023 2580 1099 2621 isse]
1132 2580 1173 2612 In
1198 2580 1323 2612 malum
1348 2589 1448 2612 omen
1473 2579 1727 2621 accipiebatur,

1025 2641 1102 2664 cum
1118 2630 1297 2662 simulacra
1312 2631 1464 2662 Deorum
1482 2629 1664 2669 sudabant,
1687 2635 1726 2661 ut

1027 2680 1142 2713 videre
1171 2685 1225 2711 est
1261 2680 1352 2720 apud
1378 2680 1577 2721 scriptores.
1634 2679 1724 2711 Vide

1023 2730 1132 2763 Theb.
1148 2739 1195 2763 ιν.
1230 2726 1442 2764 Quibusdam
1466 2729 1636 2762 maduisse
1652 2730 1725 2772 pio-

1023 2790 1125 2813 rasse.
