1846 3120
279 244 392 287 1612
779 255 820 286 P.
854 254 1044 286 immun
1076 254 1242 287 sui-11
1637 261 1646 279 ι

278 352 577 403 Sauromates,
596 352 846 407 falcemque
866 350 1021 403 Getes,
1036 364 1277 406 arcumque
1297 351 1495 395 Gelonus

276 418 510 469 Tenderet,
529 421 574 460 et
591 419 722 461 flexae
745 419 1005 462 Balearicus
1025 422 1148 461 actor
1168 419 1350 462 habenae
1481 415 1484 421 ’

280 485 385 537 Quo
406 499 622 540 suspensa
641 487 819 529 trahens
839 488 1021 529 libraret
1041 487 1219 529 vulnera
1238 491 1374 540 tortu,

280 553 706 609 Inclusum‘quoties
728 554 1008 608 distringeret
1027 553 1132 596 ae'ra
1151 568 1275 609 gyro.

280 610 377 661 Vix
397 634 637 664 memorem
657 628 841 665 cunctos
859 621 971 677 (etsi
991 622 1126 664 modo
1143 620 1380 678 gessimus)
1399 627 1542 666 actus.

280 686 415 729 Nunc
435 688 564 731 docet
584 690 751 743 ingenti
773 690 889 732 saltu
909 703 980 731 me
992 690 1176 745 jungere
1195 691 1370 734 fossas:

282 754 418 797 Nunc
436 755 704 811 caputlaerii
726 757 1014 799 scandentem
1033 757 1244 811 prendere
1265 758 1444 809 montis,

280 821 386 872 Quo
404 822 566 877 fugitur
584 838 661 879 per
676 825 815 879 plana
833 825 996 878 gradu:
1027 825 1348 880 simulacraque
1368 838 1545 881 pugnae,

278 888 502 944 Excipere
522 892 748 934 immissos
765 897 950 935 curvato
971 894 1158 935 umbone
1175 893 1383 944 molares,
1411 902 1414 905 ’

278 956 592 1012 Ardentesque
607 959 768 1002 intrare
788 971 934 1012 casaS,
952 959 1240 1015 peditemque
1262 961 1460 1003 volantes

1576 391 1737 464 &420

1649 758 1739 803 425

278 1059 366 1088 conto
380 1061 498 1096 rueret,
519 1061 551 1089 et
568 1058 653 1091 Geta
666 1062 819 1092 tractaret
834 1057 966 1099 falcem,
981 1061 1013 1090 et
1030 1059 1169 1091 Gelonus
1182 1069 1288 1091 arcum
1309 1060 1486 1100 adduceret,
1505 1062 1538 1091 et
1559 1069 1618 1102 quo
1632 1059 1736 1102 spatio

271 1099 421 1137 funditor
429 1100 577 1132 Balearis
587 1111 732 1143 suspenso
742 1102 844 1143 lapide
858 1102 956 1134 ictum
970 1102 1133 1138 incuteret,
1149 1102 1267 1143 quoties
1269 1102 1377 1142 sunda
1389 1113 1445 1134 suo
1457 1102 1530 1134 orbe
1540 1102 1737 1136 circumfi-

277 1142 362 1173 beret
376 1142 490 1174 aerem.
541 1143 605 1175 Vix
617 1144 770 1183 referrem
783 1154 886 1176 omnes
899 1147 998 1184 actus,
1011 1144 1151 1185 quamvis
1164 1146 1252 1176 modo
1273 1146 1432 1185 gesserim.
1479 1146 1572 1178 Nunc
1586 1155 1634 1178 me
1646 1146 1735 1177 docet

280 1185 438 1216 transilire
454 1185 562 1224 fossas
578 1197 691 1227 magno
704 1188 808 1219 saltu.-
829 1197 911 1219 nunc
934 1189 1130 1221 scandentem
1151 1189 1303 1228 prendere
1320 1189 1435 1228 jugum
1447 1187 1595 1221 altissimi
1607 1187 1737 1228 mutis,

277 1228 380 1258 eodem
393 1229 510 1267 gradu,
525 1239 584 1269 quo
597 1230 739 1262 curritur
764 1230 799 1262 in
822 1228 913 1272 plano
936 1230 1037 1271 campi
1058 1239 1190 1270 (equore.
1235 1231 1282 1261 Et
1305 1231 1393 1272 quasi
1415 1233 1505 1263 esset·
1519 1240 1595 1263 vera
1613 1239 1736 1272 pagna,

277 1269 420 1311 excipere
434 1274 562 1303 cuv-vato
576 1273 682 1315 clypeo
693 1273 822 1313 injectos
835 1273 980 1310 molares,
999 1272 1103 1304 subire
1117 1272 1347 1314 conflagrantes
1359 1274 1476 1316 domos,
1490 1276 1522 1306 et
1533 1273 1670 1316 peditem
1681 1273 1734 1305 de-
1761 1276 1769 1286 ⁸

1047 1356 1128 1369 “CO

278 1418 363 1451 Not.
385 1419 469 1453 Var.
492 1420 563 1452 Pro
586 1425 715 1454 coestum
730 1422 774 1454 Τ.
802 1422 844 1455 R.
872 1422 981 1455 codex
1004 1423 1107 1455 habet
1131 1424 1372 1457 contum—421
1396 1422 1482 1457 Exc.
1508 1422 1615 1463 Burg.
1641 1421 1735 1457 Dau-

278 1462 359 1495 Put.
371 1462 495 1495 Petav.
511 1463 742 1506 Lindenbrog.
755 1469 791 1497 et
802 1466 904 1498 Cruc.
920 1466 1047 1499 vulnera
1061 1468 1286 1499 traam—422
1302 1465 1385 1498 Put.
1400 1465 1632 1505 distinguerem
1649 1463 1735 1499 Exe-

277 1504 386 1546 Burg.
400 1505 592 1546 disjungeret
603 1517 616 1544 ;
638 1507 672 1539 in
688 1507 890 1549 quibusdam
913 1509 1007 1541 aliisz
1034 1508 1343 1548 discingeret.-—424
1367 1508 1454 1543 Exc.
1481 1508 1588 1548 Burg.
1603 1516 1653 1542 me
1666 1507 1736 1542 vin-

275 1551 463 1580 cere—425
488 1549 571 1581 Put.
594 1550 777 1590 pendentem
796 1552 940 1583 scandere
953 1561 965 1589 ,·
989 1551 1039 1583 ita
1060 1551 1211 1583 correxit
1235 1550 1314 1582 Nic.
1339 1550 1502 1582 Heinsius
1527 1549 1564 1585 in
1587 1548 1735 1582 Advers.

276 1589 334 1622 lib.
350 1599 403 1623 1v.
418 1600 494 1633 cap.
509 1593 541 1624 3.
558 1601 592 1633 p.
616 1595 799 1625 582-427
823 1594 979 1636 Excipere
1001 1594 1164 1626 immensos
1186 1593 1308 1625 Petav.
1335 1597 1374 1625 et
1398 1593 1648 1625 venem—428
1668 1591 1736 1625 Ar·

937 1677 1079 1711 No'rAE

277 1739 343 1772 fuit
358 1739 537 1781 spiculum,
557 1739 648 1782 quod
663 1739 771 1773 funda
793 1741 980 1783 circumagi

277 1795 314 1823 et
344 1789 454 1822 emitti
478 1789 624 1832 solebat,
654 1795 694 1823 ut
717 1792 822 1824 docet
846 1792 981 1825 Suidas.

1077 1745 1141 1775 420
1164 1741 1351 1774 Balearicus
1363 1741 1466 1783 actor]
1487 1740 1644 1775 Balearis
1657 1740 1736 1775 fun·

1033 1792 1137 1824 ditor.
1181 1793 1270 1825 Vide
1294 1793 1399 1826 Theb.
1418 1802 1457 1825 1.
1471 1795 1547 1826 851.
1590 1792 1736 1825 Haben

278 1840 396 1873 Livius
433 1841 494 1873 lib.
535 1849 626 1874 xnn.
663 1842 981 1885 ‘Cestrosphendo-
1024 1842 1140 1884 flexoe]
1171 1842 1215 1874 Id
1242 1847 1309 1883 est,
1335 1842 1464 1884 fundae,
1487 1853 1563 1886 quae
1591 1842 1734 1876 incurva

276 1891 374 1923 nam’
404 1896 516 1933 vocat,
546 1892 792 1936 describitque.
844 1895 980 1937 Lipsius

277 1941 437 1973 dubitare
454 1942 516 1983 ait,
531 1945 667 1983 contum,
689 1953 731 1975 an
751 1945 874 1982 restim,
898 1945 981 1977 scri*-

276 1990 425 2023 bendum
443 1992 510 2024 sit:
545 1992 607 2024 sed
627 1993 732 2035 magis
748 1995 887 2036 placere
903 2005 980 2037 pos-

276 2041 396 2074 terius.
439 2041 490 2074 At
520 2041 713 2075 Gronovius
742 2048 780 2076 et
809 2045 980 2078 Gruterus

275 2092 311 2123 in
342 2092 428 2124 Mss.
455 2098 660 2134 repererunt
682 2098 817 2128 comum.
860 2096 906 2128 Et
931 2097 980 2128 sic

276 2142 509 2175 Maturantius
525 2147 561 2175 et
576 2143 796 2177 Britannicus
807 2145 979 2186 legerunt.

275 2193 364 2227 Quae
380 2202 463 2225 vera
476 2194 584 2226 lectio
599 2198 665 2227 est.
709 2195 811 2227 Silius
833 2195 893 2228 lib.
916 2205 979 2229 xv.

277 2243 497 2276 ‘Sustentata
513 2254 605 2286 genu
626 2255 690 2286 per
713 2255 872 2288 campum
895 2256 979 2289 pon-

278 2294 364 2326 dera
378 2294 471 2326 conti
497 2295 677 2327 Sarmatici
693 2305 801 2337 prona
817 2296 980 2329 adversos

275 2344 422 2386 urgebat
435 2345 470 2376 in
485 2344 626 2378 hostes!
659 2347 817 2378 Valerius
834 2347 979 2379 Flaccus

274 2395 337 2427 lib.
354 2404 390 2427 V.
411 2395 422 2416 ⁴
435 2396 481 2426 Et
497 2394 644 2436 ingentis
666 2395 831 2428 fraenator
845 2396 980 2428 Sarma-

275 2450 316 2477 ta
330 2445 447 2477 conti.’
489 2445 633 2477 Tacitus
656 2446 781 2478 Annal.
804 2456 855 2479 v1.
879 2448 978 2479 ‘Sar-

275 2499 379 2527 matae
405 2494 529 2526 emisso
556 2504 731 2538 arcu,quo
755 2497 894 2538 propius
920 2507 978 2529 va-

273 2545 359 2584 lent,
374 2544 484 2576 contis
499 2544 689 2587 gladiisque
706 2546 867 2579 ruerent)

315 2597 382 2626 419
418 2594 631 2636 Sauromatoe]
670 2595 797 2636 Populi
827 2596 976 2638 Scythiae

275 2644 465 2685 Europaeae.

530 2645 621 2676 Vide
657 2645 766 2678 Theb.
813 2655 870 2679 m.
906 2649 982 2680 227.

1034 1898 1098 1926 est.
1141 1895 1265 1926 Forma
1289 1893 1417 1935 fundae,
1443 1903 1520 1936 quae
1550 1894 1585 1925 in
1613 1902 1733 1926 monu-

1033 1943 1159 1976 mentis
1173 1944 1287 1984 obvia,
1302 1947 1355 1975 est
1368 1943 1538 1975 funiculus
1564 1943 1599 1975 in
1619 1942 1733 1975 medio

1034 1994 1148 2035 latior,
1165 1993 1254 2025 evuli
1280 1992 1402 2035 forma,
1423 1996 1461 2027 et
1487 1993 1545 2036 qui
1566 1992 1734 2036 paulatim

1033 2045 1068 2076 in
1083 2045 1235 2077 strictius
1250 2044 1334 2077 abit.

1074 2097 1136 2127 421
1169 2094 1320 2127 Libraret
1345 2093 1491 2136 salawa]
1525 2092 1672 2129 Poiitice
1697 2096 1735 2126 et

1033 2146 1225 2187 eleganter,
1239 2155 1315 2187 pro,
1332 2149 1462 2177 rotaret
1483 2145 1733 2187 ejaculantur-

1033 2205 1100 2238 que
1115 2195 1246 2237 lapides
1263 2195 1404 2228 vulnera
1417 2195 1582 2229 facturos.

1076 2249 1142 2278 422
1166 2247 1326 2278 Inclusum
1336 2247 1458 2288 quoties
1467 2246 1670 2286 distringeret
1682 2244 1735 2277 ηὸ-

1031 2307 1068 2329 ra
1080 2296 1179 2338 gyro]
1200 2295 1308 2328 Theb.
1324 2305 1376 2329 ιν.
1391 2299 1446 2328 fio.
1470 2300 1480 2315 ⁴
1494 2296 1581 2328 Pars
1595 2300 1733 2328 vertere

1031 2346 1153 2378 fundas
1171 2345 1318 2382 Assuefi,
1333 2354 1508 2387 vacuoque
1530 2345 1622 2378 diem
1643 2354 1733 2386 ρη-

1032 2396 1170 2437 ciugere
1207 2395 1313 2437 gyro?
1356 2395 1580 2428 Funditorum
1616 2399 1734 2428 antem

1032 2451 1164 2488 gestum
1186 2445 1363 2487 exprimit,
1385 2446 1443 2488 qui
1467 2445 1577 2478 funda
1601 2445 1732 2478 circum

1031 2500 1136 2538 caput
1151 2495 1314 2533 adducta,
1328 2494 1500 2539 factisque
1523 2505 1565 2528 ea
1585 2495 1738 2537 circulis,
1780 2519 1783 2524 .

1030 2557 1113 2580 saxa
1127 2550 1256 2578 rotent.

1074 2599 1139 2630 424
1158 2596 1301 2635 Jungere
1314 2596 1413 2638 saltu]
1438 2595 1526 2628 Nam
1542 2596 1632 2628 sicut
1645 2605 1735 2638 pons

1034 2647 1161 2678 dicitur
1176 2645 1327 2686 jungere
1343 2645 1447 2687 ripas,
1460 2645 1509 2678 ita
1519 2645 1656 2687 ,iungere
1668 2647 1732 2679 sal.

278 2694 421 2735 Faleem]
442 2695 567 2727 Ensem
589 2704 782 2728 recurvum.
829 2696 982 2738 Gelonus]
1034 2701 1079 2736 tu,
1094 2705 1161 2728 non
1185 2699 1240 2727 est
1261 2695 1353 2740 aliud
1372 2705 1473 2737 quam
1493 2696 1664 2729 transilire
1686 2695 1734 2730 ab

273 2745 427 2787 Scythire
440 2745 604 2779 Asiaticae
620 2746 751 2791 populi.
774 2747 865 2780 Vide
874 2747 981 2780 Theb.
1034 2756 1101 2780 uno
1115 2746 1230 2778 littore
1243 2746 1285 2777 ad
1302 2744 1406 2778 aliud.

275 2803 317 2829 n.
333 2797 409 2838 4²¹.-

1074 2798 1137 2830 427
1160 2795 1317 2839 Μυῖαν-ες]
1339 2795 1468 2839 Magna
1482 2805 1576 2831 saxa.
