1846 3120
261 255 375 299 1124

260 358 362 402 Nec
384 359 516 414 Styge
530 357 693 412 jurata,
715 369 798 399 nec
817 357 992 411 pellicis
1009 362 1105 400 arte
1123 362 1313 412 rogatus.
1373 371 1376 374 ⁴

761 264 801 294 P.
833 262 1025 294 PAP1N11
1056 262 1221 296 STA'ru

1629 359 1717 404 160

262 426 376 477 Quis
396 424 588 466 modus?
619 436 674 464 an
693 423 821 464 nobis
841 427 967 478 pater
986 423 1208 479 iratusque
1229 426 1464 480 bonusque

262 494 450 536 Fulmen
468 491 608 533 habes
621 491 641 532 Τ
673 491 751 533 sed
772 504 858 533 non
879 491 1091 534 Danaeia
1104 492 1260 535 limina
1278 493 1403 544 talis,

258 559 628 612 Parrhasiumque
647 570 817 608 nemus,
837 558 1115 614 Ledaeasque
1133 559 1224 602 ibis
1244 559 1474 615 Amyclas.

259 626 443 668 Scilicet
463 638 488 667 e
508 625 679 666 cunctis
700 638 783 678 ego
800 626 1123 679 neglectissima
1149 628 1266 670 natis

258 692 532 746 Progenies?
563 705 645 745 ego
664 705 819 746 nempe
840 698 990 735 tamen
1008 694 1087 748 qui
1107 694 1240 737 dulce
1259 694 1415 736 ferenti

258 758 443 800 Pondus
462 771 605 801 eram:
634 760 706 801 cui
726 764 771 801 tu
788 759 996 813 dignatus
1015 761 1166 804 limina
1188 762 1294 805 vitae

1602 695 1717 739 ‚165

257 825 623 881 Praereptumque
643 826 740 877 iter,
762 830 808 869 et
827 831 1049 869 maternos
1069 827 1253 871 reddere
1267 841 1456 872 menses.

257 892 403 943 Adde,
425 893 542 946 quod
564 893 768 944 imbellis,
789 895 988 947 rarisque
1008 896 1205 937 exercita
1222 896 1379 938 castris

257 960 405 1001 Turba
423 973 546 1001 meas
567 960 703 1010 acies,
724 973 822 1002 mea
843 966 1017 1002 tantum
1038 962 1197 1015 praelia
1216 967 1392 1015 norunt,

258 1027 454 1068 Nectere
477 1027 630 1069 fronde
653 1040 824 1078 comas,
844 1033 890 1069 et
910 1028 968 1070 ad
989 1029 1203 1084 inspirata
1222 1031 1357 1073 rotari

1626 1033 1713 1077 1⁷0

257 1094 403 1144 Buxa,
424 1094 578 1136 timent
597 1094 775 1148 thyrsos
796 1099 1051 1149 nuptarum,
1072 1102 1118 1138 et
1136 1098 1291 1151 praelia
1310 1102 1516 1141 matrum.

254 1209 352 1240 denuo
366 1213 508 1251 reportas
520 1210 637 1251 patria>
651 1213 769 1242 atroces
773 1210 935 1251 flammas,
949 1220 1005 1243 nec
1030 1211 1070 1243 St
1089 1222 1130 1253 ge
1144 1216 1224 1246 teste
1246 1217 1368 1255 vocata,
1381 1223 1437 1246 nec
1451 1213 1596 1248 inductu·
1609 1215 1711 1248 msi-

251 1251 305 1282 liis
317 1252 448 1292 pellicis.

497 1252 576 1288 Quis
588 1251 720 1285 modus?
739 1263 780 1284 an
795 1253 883 1284 nobis
895 1263 1008 1293 parens
1021 1253 1034 1284 i
1071 1265 1161 1287 ensus
1175 1260 1206 1288 et
1221 1256 1500 1296 benignussulmen
1514 1260 1600 1290 tenes
1609 1255 1627 1290 2
1649 1257 1712 1292 Sat

253 1303 314 1325 non
328 1295 420 1326 rodes
431 1296 534 1326 eodem
547 1296 636 1326 modo
651 1296 692 1326 ad
706 1296 789 1327 cedes
807 1295 928 1334 Danai,
940 1297 1117 1338 sylvamque
1133 1298 1348 1338 Parrhasiam,
1363 1302 1394 1331 et
1409 1300 1555 1342 Amyclas
1569 1300 1710 1333 Ledam.

253 1335 384 1368 Scilicet
412 1347 468 1377 ego
487 1337 715 1377 proiectissima
738 1337 856 1369 soboles
876 1348 893 1369 e
921 1340 1041 1370 cunctis
1066 1339 1195 1372 tiberis?
1240 1342 1361 1383 Nempe
1374 1351 1432 1382 ego
1447 1345 1640 1379 tamencum.
1657 1343 1712 1384 9,ιά

252 1377 398 1409 blandum
412 1389 487 1410 onus
501 1390 586 1411 eram
600 1379 660 1411 tibi
668 1381 819 1421 gestanti,
833 1380 884 1411 cui
899 1383 934 1411 tu
947 1380 1098 1421 dignatus
1110 1392 1144 1414 es
1158 1383 1322 1416 restituere
1333 1384 1456 1416 aditum
1469 1385 1556 1426 vitoe,
1569 1385 1712 1427 viamque

205 1440 208 1442 ι
251 1422 419 1461 ademtam,
433 1426 464 1453 et
479 1425 634 1453 maternos
648 1432 775 1454 menses.
819 1422 945 1464 Amice,
960 1425 1039 1464 quod
1065 1428 1112 1456 est
1138 1426 1276 1458 invalida
1289 1430 1427 1467 caterva,
1437 1428 1604 1469 paconi-sque
1617 1427 1710 1460 indu-

252 1467 325 1494 rata
341 1463 439 1501 bellis,
454 1468 574 1496 tantum
589 1468 719 1496 noscunt
733 1474 815 1497 meas
837 1465 933 1506 acies,
958 1469 990 1497 et
1013 1476 1081 1498 mea
1108 1469 1292 1508 certamina,
1311 1469 1448 1502 evim-ire
1470 1470 1569 1503 ramis
1586 1471 1710 1502 heaeroe

251 1506 366 1546 crines,
381 1510 413 1538 et
424 1506 596 1546 circumagi
609 1509 650 1539 ad
665 1506 794 1548 inflatas
817 1507 925 1549 tibias,
946 1509 1151 1547 reformidant
1173 1511 1297 1552 thyrsos
1317 1521 1508 1554 sponsorum,
1529 1516 1560 1545 et
1574 1515 1710 1545 matrum

860 1591 997 1604 “OOC“

1003 1592 1099 1605 '‘00ae

250 1653 306 1685 ed.
324 1653 552 1695 Lindeubrog.
569 1664 612 1686 ex
634 1664 751 1687 errore
776 1665 967 1698 operarum,
982 1668 1082 1700 quem
1105 1669 1256 1693 errorem
1281 1661 1486 1703 propagavit
1500 1661 1603 1694 etim
1624 1661 1709 1694 eru-

250 1700 452 1728 ceus.—161
476 1698 572 1729 Unus
587 1698 711 1730 Behot.
726 1699 767 1730 αΙι
781 1699 988 1732 nobis—162
1012 1702 1134 1734 Behot.
1152 1706 1183 1734 l.
1196 1704 1343 1736 Danaeia
1353 1715 1367 1743 ;
1390 1705 1512 1737 Behot.
1528 1707 1560 1737 Ξ,
1572 1705 1710 1737 Βακὰ.

250 1741 356 1770 -167
380 1739 437 1770 Ita
462 1749 579 1772 omnes
606 1741 705 1772 codd.
729 1746 766 1773 et
792 1742 869 1773 libri
896 1742 1079 1784 impressi;
1103 1746 1266 1777 Barthius
1290 1752 1405 1779 tamen
1433 1747 1539 1788 legit:
1562 1747 1709 1788 Praep-

249 1784 373 1822 tumque
387 1785 630 1815 uterum-170
654 1783 906 1822 Necteresronte
921 1786 1112 1820 Pan—1⁷2
1136 1788 1298 1829 Optimus
1318 1790 1524 1822 Batthianun
1536 1799 1546 1822 τ
1559 1789 1709 1828 finitus

909 1877 941 1909 N
946 1877 1050 1911 OTAE

294 1937 357 1967 160
381 1936 450 1968 Nec
463 1936 565 1979 Styge
577 1937 706 1979 jurata]
726 1937 836 1971 Sicuti
860 1941 955 1981 tunc,

250 1995 327 2018 cum
357 1986 401 2018 ad
441 1988 599 2019 Semelen
630 1989 755 2021 venisti
783 1998 860 2021 cum
890 1989 953 2023 ful-

249 2037 350 2068 mine.
394 2037 538 2079 Pellicis]
565 2039 725 2070 Semeles.

293 2090 356 2118 162
380 2088 526 2120 Danaeia
549 2089 660 2121 limina
675 2090 760 2130 talis,
782 2090 953 2123 Parrhasi-

247 2147 359 2178 umque
371 2147 487 2179 nemus,
503 2139 691 2180 Ledaeasque
714 2139 775 2171 ibis
789 2140 952 2182 Amyclas]

248 2189 408 2229 Respicit
431 2188 578 2231 fabulas,
601 2191 723 2232 quibus
749 2190 877 2222 dicitur
890 2191 953 2224 Ju-

248 2238 341 2279 piter
368 2239 491 2270 adiisse
516 2239 593 2271 loca
626 2241 673 2271 ibi
700 2240 890 2282 designata,
915 2247 954 2274 ut

246 2294 486 2329 corrumperet
529 2289 688 2332 Danaen,
704 2317 714 2323 Ι
730 2291 950 2332 Calystonem

195 2376 203 2382 ,
247 2338 416 2378 Lycaonis
446 2339 562 2379 filiam,
580 2344 616 2372 et
637 2341 766 2372 Ledam
797 2342 951 2383 Tyndari

246 2397 399 2420 uxorem.
424 2389 569 2422 Danaeia
578 2389 703 2431 limina]
720 2391 863 2432 Regiam
877 2392 948 2423 Da·

246 2439 302 2469 nai
330 2438 421 2480 apud
445 2439 568 2482 ArgOS,
591 2441 626 2471 in
650 2441 746 2482 cujus
762 2446 856 2473 turre
880 2452 949 2474 ser-

246 2494 328 2521 vata
357 2490 487 2522 Danae.
535 2492 634 2534 Talis]
656 2491 830 2525 Infensus.
868 2494 946 2525 Par.

246 2543 404 2584 rhosium]
437 2543 636 2584 Arcadium,
653 2555 672 2576 a
685 2546 878 2578 Parrhasiis
890 2556 950 2588 op-

246 2593 327 2635 pido
352 2593 522 2627 Arcadiae.
566 2595 697 2627 Ledoeas
710 2595 874 2638 Amyclas]
903 2595 950 2628 A·

245 2644 365 2685 myclae
406 2645 495 2676 enim
536 2645 630 2687 regia
666 2646 816 2687 Tyndari
846 2647 948 2679 Ledae

249 2695 413 2735 conjugis.

289 2747 349 2776 165
376 2746 440 2782 Qui
455 2746 541 2778 dulce
554 2747 679 2784 serenti
694 2747 823 2779 Pondus
848 2748 949 2789 eram]

244 2796 402 2828 Bacchus
429 2797 516 2828 enim
544 2797 668 2829 dicitur
698 2802 871 2830 extractus
902 2807 946 2830 ex

1008 1945 1108 1975 utero
1132 1944 1252 1976 matris
1277 1944 1444 1986 ardentia,
1471 1949 1508 1978 et
1531 1945 1629 1980 Jovis
1657 1946 1708 1981 fe-

1007 1993 1093 2025 mori
1119 1993 1280 2031 insertus,
1309 2000 1349 2027 ut
1376 1995 1548 2037 legitimos
1572 2005 1708 2032 menas

1008 2043 1180 2082 expleret.

1051 2095 1114 2124 169
1136 2094 1213 2126 Meo
1228 2098 1352 2127 tantum
1365 2095 1490 2136 prelia]
1512 2095 1555 2128 Id
1572 2100 1638 2134 est,
1653 2105 1707 2130 or-

1008 2142 1063 2183 gia
1076 2142 1110 2173 in
1133 2143 1254 2185 quibus
1269 2143 1417 2176 Bacchae
1431 2144 1586 2178 furentes
1605 2146 1708 2179 obvia

1008 2201 1154 2233 quaeqne
1182 2193 1340 2225 animalia
1375 2193 1599 2230 dilaniabant.
1641 2196 1705 2228 vei

1008 2241 1131 2273 alludit
1145 2242 1187 2274 ad
1198 2242 1340 2284 Agaven
1357 2246 1393 2275 et
1406 2243 1613 2287 Pentheum,
1626 2250 1708 2288 qum*

1007 2300 1080 2323 rnm
1097 2296 1178 2324 nota
1193 2291 1323 2325 fabula.

1048 2345 1110 2374 170
1132 2343 1186 2375 Ad
1199 2343 1354 2385 inspirato
1368 2344 1471 2376 rotari
1485 2344 1599 2387 Bam]
1618 2345 1706 2379 Nos-

1005 2397 1059 2425 ter
1082 2394 1244 2427 Genethl.
1269 2395 1424 2429 Lucani:
1461 2395 1531 2428 ‘Et
1555 2398 1593 2428 tu
1620 2390 1707 2429 Bas·

1004 2444 1152 2476 saridum
1175 2449 1306 2477 rotator
1321 2444 1445 2478 Evan.’
1487 2446 1578 2480 Quia
1597 2445 1641 2479 ad
1662 2446 1706 2479 n-

1004 2493 1070 2526 biae
1098 2499 1236 2530 cantum
1260 2495 1296 2527 in
1325 2496 1426 2538 orgiis
1451 2492 1580 2528 Bacchi
1602 2496 1706 2530 saltui

1004 2545 1090 2577 bant
1105 2546 1266 2587 Bacchae,
1282 2555 1322 2578 ac
1337 2546 1372 2578 iu
1387 2546 1488 2579 orbes
1505 2546 1616 2579 varios
1639 2546 1704 2580 cir-

1005 2596 1284 2636 cumagebantur.
1575 2597 1579 2600 ’

1047 2649 1107 2678 171
1147 2646 1271 2678 Timent
1297 2646 1420 2688 thyrsos
1447 2649 1478 2678 et
1501 2646 1616 2688 proelia
1638 2655 1704 2678 ma-

1003 2696 1102 2737 trum]
1139 2696 1318 2730 Quomodo
1341 2696 1493 2728 Thebani
1521 2697 1607 2728 bella
1634 2705 1702 2730 non

1003 2747 1161 2788 timeant,
1196 2747 1253 2788 qui
1281 2747 1527 2779 Bacchantium
1554 2750 1702 2779 matrum·

1001 2798 1135 2839 thyrsos
1148 2802 1184 2830 et
1199 2797 1318 2839 praelia
1329 2797 1474 2829 timent?
1531 2796 1534 2798 ⁷
