1846 3120
271 243 384 288 1296
774 251 817 282 P.
851 250 1039 282 PAP1N11
1071 249 1235 283 srx‘rn

273 350 395 392 Rore
417 351 500 391 sub
521 350 632 399 Eoo,
653 351 873 402 notasque
894 361 952 389 ex
975 347 1127 388 ordine
1149 347 1301 402 sylvas
1357 363 1364 367 ⁴⁴

271 417 330 459 Et
351 429 559 470 quercum
580 415 734 468 gavisa
753 415 898 457 videt:
930 419 1030 456 tunc
1050 414 1199 455 limine
1222 414 1355 455 Divae
1384 424 1389 427 ·

273 484 442 535 Astitit‚
464 488 509 525 et
528 482 607 524 tali
627 481 923 535 nequicquam
943 493 1053 522 voce
1075 485 1308 534 precatur:

270 548 409 603 Virgo
430 550 592 604 potens
610 560 849 598 nemorum,
870 547 998 602 cujus
1018 560 1106 589 non
1124 548 1277 589 mollia
1295 548 1432 602 signa·

206 661 212 669 ,b
270 616 572 670 Militiamque
594 620 778 666 trucem,
800 624 960 657 sexum
980 615 1223 668 indignata,
1244 615 1488 670 frequento,

271 683 402 725 More
421 683 529 725 nihil
548 682 714 726 Graio:
744 695 825 724 nec
846 685 889 724 te
909 695 1011 735 gens
1031 694 1192 736 aspera
1210 682 1299 723 ritu

270 750 469 801 ColchiS,
491 749 808 792 Amazoniaeve
829 750 968 802 magis
989 750 1159 791 coluere
1180 753 1397 790 catervae:

269 819 319 860 Si
339 819 448 860 mihi
466 830 556 859 non
575 829 773 871 unquam
793 816 953 870 thyasi,
974 816 1164 857 ludusve
1184 820 1400 869 protervae

270 886 450 936 Noctis,
467 888 510 926 et
526 885 672 927 inviso
693 885 894 938 quamvis
915 887 1123 926 temerata
1140 883 1292 933 cubili,

270 952 377 994 Non
395 956 541 994 tamen
561 955 637 994 aut
654 956 810 993 teretes
829 950 1018 1005 thyrsos,
1040 956 1117 993 aut
1137 951 1289 993 mollia
1309 952 1425 1004 gessi

272 1018 435 1070 Pensa,
457 1019 538 1061 sed
557 1019 603 1061 in
623 1018 787 1060 tetricis
809 1022 852 1059 et
870 1021 973 1072 post
992 1018 1210 1059 connubia
1226 1018 1395 1067 lustris,
1428 1027 1430 1029 ’

1624 383 1632 387 ,
1643 341 1730 389 605

1623 651 1726 724 {610

1627 1110 1630 1112 .
1667 1093 1687 1115 s

265 1164 339 1195 pore
348 1153 515 1192 matutino,
524 1156 555 1184 et
567 1154 639 1184 loeta
649 1151 748 1185 cernit
759 1156 847 1184 sueta
857 1152 937 1184 serie
947 1162 1071 1184 nemora
1078 1156 1109 1184 et
1119 1161 1273 1193 quercum.
1299 1151 1383 1184 Tunc
1392 1150 1624 1191 astititsoribu
1630 1151 1721 1191 Deae,

266 1200 298 1227 et
312 1196 467 1229 incassum
478 1207 506 1228 οι
506 1199 549 1226 at
562 1196 611 1227 his
622 1195 742 1228 verbis.-
771 1195 869 1234 Virgo
879 1196 1039 1236 sylvarum
1049 1204 1178 1235 praeses,
1192 1194 1280 1234 cnjus
1289 1204 1398 1236 sequor
1407 1194 1490 1226 haud
1499 1193 1638 1231 imbellia
1645 1203 1719 1226 vex-

265 1238 333 1278 illa,
347 1242 379 1270 et
394 1239 501 1278 fortes
515 1239 764 1277 exercitationes,
776 1247 886 1279 perosa
899 1247 1018 1277 sexum,
1033 1238 1250 1270 consuetudine
1264 1239 1350 1269 nullo
1363 1238 1450 1269 modo
1468 1237 1600 1268 Groeca:
1620 1244 1676 1267 nec
1689 1239 1720 1268 te

269 1280 394 1312 Colchis
403 1282 489 1313 natm
491 1282 568 1320 sera
579 1281 759 1320 mariba-sm
739 1291 794 1312 nec
803 1279 996 1312 Amazonum
1005 1279 1175 1321 phalanges
1181 1281 1252 1321 plus
1263 1283 1418 1312 veneratae
1429 1282 1520 1311 sant:
1541 1277 1620 1310 mihi
1641 1287 1718 1310 m·

265 1333 357 1363 quam
369 1324 468 1363 chori,
489 1333 546 1356 nec
556 1322 731 1364 petulantia
742 1322 880 1365 procacis
893 1322 993 1354 noctis
1003 1323 1157 1363 placuere,
1182 1326 1214 1354 et
1236 1323 1307 1354 licet
1319 1322 1529 1354 cmuanaeima
1541 1321 1600 1353 nim
1620 1321 1719 1352 inviso

267 1366 369 1406 thoro,
383 1376 445 1398 non
456 1369 565 1398 tamen
578 1366 638 1399 tuli
652 1369 708 1398 aut
719 1368 831 1398 teretes
843 1364 978 1407 thynum,
991 1369 1047 1396 aut
1061 1364 1224 1398 muliebres
1235 1366 1330 1406 colus,
1342 1366 1396 1397 sed
1410 1365 1505 1398 etiam
1513 1366 1585 1406 port
1595 1363 1721 1404 nuptm

881 1460 1087 1474 OOOOWO
1092 1461 1112 1474 O

266 1537 378 1578 thyrsi.
380 1539 486 1568 -614
511 1536 556 1568 Et
567 1536 623 1568 hie
638 1538 759 1568 contra
774 1536 927 1568 nonnulli
941 1536 1069 1568 habent
1083 1536 1218 1578 thyasos.
1247 1536 1397 1569 Joannes
1409 1535 1597 1567 Wowerius
1611 1514 1715 1568 Notis

265 1579 307 1610 ad
324 1578 455 1610 Sidonii
473 1579 720 1620 Panegyricum
734 1579 929 1619 Majoriano
944 1579 1073 1610 dictum
1085 1579 1207 1620 thyrsos
1222 1579 1300 1610 huic
1314 1579 1401 1618 loco,
1412 1578 1537 1619 thynnos
1550 1578 1718 1619 superiori

265 1621 422 1652 asseruit.
425 1624 530 1653 —615
552 1622 562 1639 ‘
579 1622 779 1662 Agnoscunt
805 1621 894 1652 hanc
917 1621 1103 1655 lectionem
1121 1621 1172 1661 (in
1197 1619 1334 1661 tetricis)
1356 1602 1461 1652 etiam
1486 1621 1626 1660 optime
1649 1620 1714 1653 illae

264 1663 482 1695 membranae.
526 1663 600 1696 At
590 1673 626 1696 ιιι
642 1663 717 1695 aliis
729 1662 952 1696 offendimus:
974 1664 1008 1695 in
1023 1663 1125 1695 lectis.
1168 1663 1263 1696 Nihil
1278 1661 1468 1696 mutamus?
1488 1662 1607 1695 Barth.
1609 1665 1716 1695 —616

918 1758 995 1792 No
995 1759 1059 1792 1*AE

307 1836 372 1865 609
394 1833 609 1874 Militiamque
632 1832 767 1874 trucem]
790 1833 851 1865 Sic⁴
863 1837 963 1865 vocat
1016 1832 1108 1864 inter
1122 1833 1219 1864 Deos
1231 1832 1340 1864 relata
1362 1831 1480 1872 fuerit,
1498 1841 1538 1864 ac
1552 1832 1715 1872 cultas-it

262 1884 502 1916 Venationem.
548 1885 634 1916 Erat
659 1888 695 1916 et
717 1884 728 1902 ‘

261 1933 377 1974 neris:
413 1939 453 1965 ut
478 1938 513 1966 et
541 1935 679 1966 Dianae.
721 1933 887 1966 Horatius
916 1933 959 1965 ad

262 1984 455 2016 Venerem:
478 1984 487 2001 ‘
504 1985 620 2026 Longe
637 1985 734 2026 signa
759 1983 851 2016 feret
872 1984 958 2016 mili-

263 2035 319 2066 tiae
335 2034 429 2067 tuae.’

304 2084 370 2116 610
393 2085 487 2116 More
518 2084 599 2117 nihil
637 2084 755 2125 Graio]
790 2083 958 2116 Mulieres

261 2135 351 2166 enim
381 2135 473 2176 apud
490 2135 630 2167 Graecos
647 2144 711 2167 nec
734 2133 957 2176 venabantur,

261 2194 326 2217 nec
341 2194 436 2216 arma
451 2185 660 2219 tractabant.

303 2237 365 2266 611
392 2235 529 2277 Colchis]
571 2235 668 2267 Dicit
703 2235 849 2267 Colchos
875 2235 957 2266 Dia-

260 2294 338 2316 nam
355 2285 516 2326 coluisse,
530 2285 620 2327 quod
638 2285 712 2317 haec
728 2284 956 2317 confundatur

261 2344 336 2366 cum
349 2329 582 2377 Hecate‚q'uae
597 2334 665 2368 fuit
677 2335 797 2367 Persei
814 2335 955 2367 Colcho-

259 2393 334 2414 rum
356 2384 446 2425 regis
473 2384 555 2425 filia,
581 2394 649 2426 quo
678 2385 873 2424 interemto,
896 2393 955 2424 pa-

259 2439 338 2465 truo
364 2433 475 2466 AEetae
502 2435 634 2476 nupsit,
652 2444 695 2465 ex
711 2443 779 2476 quo
794 2433 956 2465 Medeam

259 2484 423 2524 suscepit.
481 2484 569 2516 Haec
601 2489 714 2516 antem
750 2482 816 2515 fuit
852 2483 955 2515 animi

257 2533 360 2574 plane
377 2533 493 2573 virilis,
510 2533 694 2573 venationi,
708 2533 901 2574 medicinae,
913 2542 954 2565 ac

260 2581 432 2614 veneficiis
447 2582 694 2622 addictissima,
711 2592 794 2624 quas
810 2587 898 2615 artes
913 2582 953 2614 fi-

255 2631 336 2663 liam
351 2632 479 2671 docuit,
503 2636 541 2664 ut
566 2632 672 2664 tradit
685 2632 870 2674 Dionysius
885 2633 952 2664 Mi-

256 2683 359 2714 lesius
375 2683 408 2714 in
427 2682 677 2724 Argonauticis,
696 2688 733 2715 et
756 2683 880 2715 exinde
895 2693 951 2715 ve-

256 2736 310 2763 tus
323 2732 526 2764 Scholiastes
535 2731 709 2775 Apollonii
718 2733 753 2764 in
762 2733 951 2774 Argonaut.

258 2790 317 2815 ιιι.
362 2782 454 2815 Hinc
470 2782 544 2815 fieri
564 2787 694 2825 potest,
717 2788 755 2816 ut
776 2793 797 2816 a
814 2783 950 2817 Colchis

744 1884 866 1915 militia
893 1884 962 1915 Ve-

1019 1882 1142 1915 Medea
1171 1883 1252 1916 filia.
1309 1884 1528 1918 Amazoniaeve
1565 1885 1715 1926 catervoe]

1014 1932 1208 1966 Amazones
1243 1935 1332 1966 enim
1371 1934 1533 1966 colebant
1562 1935 1712 1975 numina,

1014 1993 1091 2025 quae
1119 1984 1187 2016 suis
1217 1985 1366 2016 moribus
1392 1984 1644 2026 congruebant,
1672 1990 1710 2016 ut

1014 2034 1160 2066 Dianam
1198 2039 1234 2067 et
1271 2034 1462 2073 Palladem,
1490 2038 1528 2065 ut
1556 2034 1710 2066 videmus

1011 2083 1118 2116 Theb.
1133 2093 1203 2117 ΧΠ.
1225 2084 1235 2102 ‘
1246 2085 1293 2116 Et
1305 2089 1437 2116 tantum
1453 2084 1606 2124 innuptae
1618 2094 1709 2126 qnae-

1012 2138 1093 2166 runt
1111 2134 1257 2166 delubra
1272 2133 1467 2166 Minervas!
1510 2133 1580 2166 Ubi
1602 2134 1709 2176 loqui—

1011 2188 1068 2216 tur
1083 2184 1126 2216 de
1139 2183 1376 2217 Amazonibus.

1051 2237 1116 2266 612
1140 2234 1271 2276 Thyasi]
1305 2235 1470 2276 Thyasus,
1495 2234 1642 2274 saltatio,
1672 2239 1708 2267 et

1010 2284 1147 2325 chorea,
1163 2294 1202 2316 ac
1218 2294 1343 2325 pompa
1358 2294 1433 2326 quae
1459 2284 1595 2316 Baccho
1615 2285 1707 2317 exbi-

1009 2334 1165 2367 bebatur.
1198 2334 1362 2375 Virgilius
1377 2334 1452 2366 Ecl.
1471 2344 1502 2365 v.
1524 2335 1536 2354 ‘
1553 2334 1707 2367 Instituit

1010 2385 1164 2426 Daphnis
1190 2380 1327 2425 ‘thyneos
1357 2384 1521 2416 inducere
1546 2384 1707 2417 Baccho.’

1008 2434 1099 2466 Item
1129 2433 1267 2475 thyasus
1296 2433 1487 2466 multitudo.
1506 2434 1556 2466 rei
1579 2433 1704 2466 divium

1009 2493 1111 2516 causa
1122 2484 1282 2523 collecta,
1295 2482 1397 2515 turba
1412 2483 1549 2516 numine
1558 2484 1704 2525 percita,

1009 2534 1144 2566 chorus.
1165 2533 1310 2565 Ludusve
1322 2533 1703 2575 protervaeNoctisJOr-

1008 2584 1065 2625 gia
1088 2583 1217 2616 Bacchi
1253 2593 1315 2615 seu
1344 2583 1594 2616 Bacchanalia
1599 2587 1702 2616 noctu

1008 2634 1129 2676 agitari
1150 2633 1261 2672 solita,
1279 2634 1314 2666 iu
1327 2634 1457 2699 quibus
1464 2635 1572 2688 multa
1586 2634 1702 2676 turpia

1005 2683 1148 2717 fiebant.
1485 2707 1488 2709 -

1047 2738 1110 2768 615
1135 2734 1195 2778 Et]
1217 2734 1259 2767 Id
1276 2739 1342 2777 est,
1359 2735 1471 2767 etiam.
