1846 3120
395 229 440 262 ι’.
473 227 664 261 eumn
696 227 864 261 sum
898 228 1045 261 εγω.
1079 229 1175 263 mn.
1198 230 1231 261 1.
1257 219 1301 262 3.

115 330 418 357 mma.
439 323 490 357 Ut
506 323 612 365 prima
622 322 819 356 Thebaide:

117 373 129 391 ⁸
141 372 277 407 Invitat
287 377 425 407 tenesne
438 373 482 407 ad
497 374 584 407 dura
595 373 723 407 cubilia
733 383 822 406 som-

116 422 202 457 nos)
226 423 370 458 erm.

148 474 204 507 ”42
217 474 280 507 ‘Aa
291 484 362 516 qaae
373 474 550 516 ςναιιὲηαι,
561 475 630 518 ξω]
651 473 825 507 Ausonius·

116 523 293 559 -titnatue
307 530 363 560 est
377 526 411 558 in
419 526 591 559 Mosella:
614 531 625 544 ·
639 524 731 559 Quid
745 534 823 568 quae

116 576 301 619 sulphurea
312 581 474 619 suscepta
487 574 666 618 crepidine
686 573 824 608 fumant

64 622 68 626 ’
116 626 282 661 Balnea?
334 626 520 661 Notandus
551 635 633 659 vero
665 625 723 657 hic
749 634 823 657 mos

118 676 215 710 eis-ea
233 676 294 710 ille
318 681 477 719 tempora
489 676 634 719 primum
648 680 822 717 repertus,

116 730 160 760 ut
173 727 306 761 Balnea
325 725 367 759 inv
385 726 523 759 editiori
537 726 614 758 loco
637 725 824 767 suspende·

118 781 254 819 rentur,
269 787 349 812 eum
362 782 443 812 ante
466 778 503 811 in
531 786 630 819 inquo
648 777 719 810 solo
743 785 824 809 con-

115 827 349 863 struebantur.
391 827 485 863 Hine
498 827 633 860 Seneca
647 826 760 869 Epist.
768 830 824 860 90.

113 879 128 899 ⁸
139 877 310 914 Qunam
336 878 475 912 demum
505 881 622 910 nostra
656 877 826 920 prodiisse

116 929 284 965 memoria
303 929 442 970 scimus,
457 933 496 962 nt
521 928 735 970 Suspmmas
745 928 825 960 Bal-

116 987 256 1021 nea-sun,
266 985 304 1014 et
314 981 495 1023 inpressos
510 979 699 1022 parietibus
711 978 825 1019 tubos,

117 1040 184 1074 per
193 1039 279 1074 quos
289 1029 623 1066 circumfunderetur
634 1029 825 1071 ealor‚’&c.

123 1082 262 1115 Getam.
486 1092 491 1098 ·

161 1135 209 1166 40
228 1131 328 1166 Ridet
341 1131 535 1173 numm,
558 1131 630 1173 εμπ]
652 1129 826 1167 Albulam,

119 1182 314 1224 amulii,
321 1182 493 1224 plurative
503 1181 658 1222 Albulas,
664 1180 828 1222 iutelligit

119 1231 248 1266 flumen
263 1233 307 1266 ad
331 1233 514 1272 Anienem,
535 1232 595 1268 lib.
610 1240 699 1264 vm.
725 1231 828 1263 Cete-

120 1293 197 1317 ram
211 1288 299 1326 apte
312 1284 359 1317 ad
374 1284 476 1326 hujus
490 1284 558 1316 loci
572 1284 685 1315 lucem
697 1282 827 1314 Pausa·

119 1334 197 1369 niu
211 1334 437 1370 Maeoticis:
461 1335 472 1353 ‘
484 1333 541 1367 Ad
553 1332 695 1373 urbem:
706 1332 830 1374 inquit,

118 1385 234 1419 ‘uam
243 1384 412 1418 Anienem
423 1384 548 1420 latices
556 1386 739 1416 occurrunt
747 1381 829 1418 albi,

120 1444 205 1479 qnos
221 1435 282 1469 nbi
291 1435 440 1478 primum
449 1433 524 1477 quis
535 1433 741 1475 ingreditur,
755 1432 829 1464 bor-

120 1487 250 1521 rescit:
267 1487 394 1520 deiude
403 1486 594 1528 plusculum
605 1483 652 1516 ibi
665 1486 829 1523 moratus,
850 1483 854 1487 '

122 1537 177 1573 itu
190 1542 318 1572 aestuet
331 1543 373 1572 ac
389 1537 418 1570 si
432 1535 515 1578 quid
535 1536 647 1579 igneae
664 1532 828 1566 calfacto-

125 1587 258 1630 rinque
272 1587 424 1629 potionis
436 1583 617 1622 hauserit!
639 1584 794 1616 Bernart.

163 1639 209 1671 48
245 1637 328 1671 Viva
358 1636 472 1677 maia]
519 1635 603 1668 Scil.
639 1635 649 1651 ‘
663 1633 830 1675 spirantia

121 1688 278 1722 molliter
291 1687 387 1728 ora:
407 1691 446 1720 et
459 1690 469 1705 ⁸
486 1686 556 1718 vivi
571 1684 668 1718 ducti
683 1683 727 1722 de
742 1693 830 1716 mar-

122 1748 221 1773 more
229 1738 367 1772 vultus?
387 1739 512 1780 Sisque
524 1737 611 1770 vivia
626 1735 700 1768 fere
716 1734 830 1777 proxi·

121 1799 192 1823 na.
234 1789 326 1824 Vide
349 1789 476 1823 Franc-
501 1787 584 1821 Juu.
610 1786 655 1818 de
684 1785 831 1818 Pictura

121 1841 183 1875 lib.
193 1849 240 1874 ιι.
251 1843 395 1882 cap010.
406 1844 443 1873 et
456 1838 575 1872 Barth.
592 1837 636 1871 ad
652 1837 831 1870 Claudiau.

123 1890 226 1924 Bello
241 1890 385 1931 Getico,
398 1899 448 1924 vs.
463 1891 541 1922 618.

164 1946 211 1976 ω
229 1942 287 1976 Vel
298 1943 334 1975 ι’·
346 1952 410 1975 ars
423 1940 571 1984 Myronis
579 1939 689 1982 Lusit]
704 1939 831 1981 Myron

122 1993 281 2036 sculptor
302 1992 452 2027 celebris
473 1991 542 2024 fuit
558 1992 591 2024 in
608 2000 677 2024 aere
693 1991 832 2032 AEgine-

124 2043 211 2084 tico,
232 2042 428 2076 Eleutheris
441 2047 556 2083 uatus,
577 2040 752 2082 AEgeladis
764 2040 832 2073 dis-

122 2093 273 2136 cipuhs,
287 2092 387 2135 cnjus
397 2093 550 2134 plurima
556 2101 664 2134 opera
674 2095 833 2124 recenset

123 2144 261 2178 Plinius
274 2144 336 2177 lib.
351 2152 487 2177 xxxiv.
502 2152 578 2186 cap.
593 2146 627 2176 8.
645 2142 833 2176 meminere

122 2195 247 2228 Cicero
259 2194 295 2228 iu
311 2195 456 2229 Verrem
484 2199 617 2227 act.vr.
643 2193 833 2229 Pausanias¹

119 2244 417 2289 'Atticissslvidins
425 2245 468 2278 de
478 2245 606 2285 Ponto,
615 2244 833 2287 Propertius,

123 2295 312 2338 Martialis,
323 2294 463 2338 aliinue.
486 2296 640 2329 Bernart.

166 2347 212 2389 ἢ
235 2347 307 2381 Nee
321 2347 461 2389 apim]
486 2347 528 2380 Iu
553 2347 628 2379 aliis
653 2344 833 2384 codicibus,

124 2401 227 2431 extat
238 2399 370 2441 opinus,
397 2408 460 2431 uos
480 2398 626 2440 legimus
642 2397 770 2438 opt‘moe:
792 2400 835 2430 ut

123 2447 233 2490 dieat,
241 2448 443 2491 imprudens
451 2449 655 2483 incedebam
664 2457 726 2489 pei·
734 2448 834 2479 luxu-

123 2499 216 2532 sion
225 2500 438 2541 pavimenta,
455 2500 547 2542 quod
559 2500 698 2532 tandem
712 2498 833 2531 adver-

124 2549 154 2583 si
189 2550 385 2584 admonitus
419 2551 602 2594 splendore
639 2550 833 2592 reciproco.

127 2601 254 2638 Dente.

138 2670 144 2675 ·
165 2654 212 2685 64
235 2650 356 2693 Teste]
377 2650 423 2684 m
446 2655 514 2693 est,
535 2652 688 2693 testuloe,
709 2650 834 2695 quibus

123 2705 203 2735 erat
224 2706 422 2735 contectum
444 2702 690 2744 pavimentum,
707 2700 834 2734 refere-

124 2751 213 2785 bant
222 2751 402 2795 fugerem.
427 2751 501 2786 Aer
513 2753 603 2786 enim
618 2762 680 2796 pro
695 2751 833 2796 fulgore

128 2810 175 2835 ex
188 2801 342 2840 nsahts·
348 2802 469 2846 liquet.

212 2855 332 2898 Delph.
346 2860 379 2889 et
391 2856 469 2890 Var.
483 2858 571 2892 Clas.

823 2858 910 2891 Stat.

1463 221 1481 262 1
1490 221 1579 264 649

913 326 958 357 56
979 322 1261 367 Asarotaflguris]
1282 323 1391 357 Valde
1406 321 1462 357 bic
1472 325 1578 366 scrip.

872 376 951 407 tura
966 373 1090 406 variat.
1134 374 1204 407 Alii
1220 375 1310 407 enim
1330 375 1464 417 legunt,
1487 386 1578 418 supe-

869 428 1014 466 rantque,
1041 425 1076 457 id
1103 430 1170 465 est,
1197 430 1320 458 extant
1351 432 1387 459 et
1417 427 1578 459 eminent.

869 475 927 516 Sic
936 476 1070 508 locutus
1082 481 1135 508 est
1147 475 1258 509 Poeta
1265 476 1371 509 Theb.
1380 486 1430 509 rv.
1447 477 1580 511 ‘Quan-

872 535 971 568 quam
989 524 1136 566 infossus
1158 526 1273 568 humo,
1301 532 1442 568 superat
1466 530 1580 560 tamen

870 585 977 618 agger
989 576 1022 608 in
1038 576 1163 610 auras!
1206 577 1382 619 Tanquam
1396 577 1430 609 in
1444 577 1508 610 hoc
1520 587 1580 620 pa-

870 626 1023 660 vimento
1034 627 1170 659 testula.»
1185 626 1343 669 quaedam
1359 627 1461 659 altius
1477 627 1582 660 educ-

871 680 918 710 tae
933 675 1076 719 fuerint,
1090 676 1181 709 unde
1197 676 1382 709 difficulter
1405 678 1497 709 verri
1520 688 1581 719 po-

872 727 953 767 tuit,
974 727 1121 769 ideoque
1147 728 1276 759 dictum
1303 736 1381 759 esse
1408 726 1580 770 ἀσείρωτον.

870 776 952 820 ῌοο
968 783 1082 810 autem
1096 777 1218 810 falsum
1233 786 1306 809 esse
1322 776 1413 809 infra
1423 778 1581 819 probabi-

871 836 959 859 mus.
995 826 1063 859 Alii
1080 827 1129 860 sic
1142 828 1282 869 legunt:
1306 831 1512 870 superantque
1526 839 1582 861 no-

872 887 928 909 vas
950 881 1076 910 asarota
1089 877 1232 920 figuras.
1274 877 1340 910 Sed
1357 879 1499 920 vulgata
1513 879 1580 911 lec-

874 927 924 960 tio
940 928 1061 960 melius
1088 938 1126 960 se
1147 933 1278 969 tuetur,
1307 936 1344 960 ut
1361 929 1456 962 dicat
1471 929 1584 962 Poeta

872 977 1031 1018 suberant,
1047 978 1080 1010 id
1093 982 1161 1019 est,
1177 978 1354 1011 substrata
1367 984 1467 1011 erant
1484 979 1581 1021 pedi-

874 1026 937 1059 bus
953 1027 1052 1067 meis,
1079 1033 1215 1060 asarota
1241 1029 1335 1060 novis
1349 1028 1468 1072 figuris
1484 1039 1582 1062 orna-

875 1082 922 1110 ta.
967 1079 1080 1111 Porro
1104 1080 1147 1112 de
1175 1081 1319 1113 asarotis
1345 1090 1460 1123 pugna
1481 1081 1583 1124 Lapi—

876 1129 1011 1161 tharum
1038 1135 1120 1162 nata
1142 1130 1234 1162 inter
1258 1130 1526 1173 Grammaticos,
1549 1137 1586 1165 et

875 1180 911 1211 in
939 1180 1057 1222 primis
1079 1181 1172 1213 inter
1199 1182 1389 1214 Domitium
1406 1187 1442 1215 et
1458 1182 1583 1215 Perot-

876 1235 947 1263 tum
972 1230 1015 1262 ad
1042 1231 1253 1264 Martialem.
1298 1232 1473 1264 Domitius
1492 1234 1585 1266 enim

875 1280 940 1313 hoc
964 1281 1068 1313 Statii
1093 1282 1182 1319 loco,
1209 1286 1246 1314 et
1263 1282 1296 1313 in
1313 1282 1521 1324 Martialem,
1536 1284 1587 1316 ait

875 1331 1019 1374 ἆσάρωτα
1031 1333 1124 1365 dicta
1133 1333 1177 1366 ab
1189 1345 1210 1365 α
1221 1334 1389 1365 intensiva
1406 1334 1586 1376 particula,

877 1388 914 1415 et
921 1382 1029 1425 σαίρω,
1040 1384 1073 1415 id
1086 1389 1152 1425 est,
1163 1394 1264 1425 verro,
1274 1384 1365 1426 quia,
1375 1384 1500 1426 inquit,
1513 1395 1587 1421 asa÷

877 1439 953 1466 rota
968 1434 1231 1475 diligentissime
1246 1435 1482 1467 vertebantur.
1519 1436 1586 1467 Pe-

877 1489 988 1517 rottus
1005 1494 1086 1517 vero
1101 1494 1120 1516 e
1135 1489 1256 1517 contra
1267 1485 1409 1517 deducit
1426 1486 1468 1518 ab
1483 1498 1504 1518 α
1519 1487 1588 1528 pri-

877 1535 996 1567 vativa
1018 1539 1055 1567 et
1068 1533 1177 1577 σαίρω,
1194 1535 1274 1578 quia
1289 1535 1379 1567 verri
1396 1545 1464 1567 nun
1480 1536 1586 1569 debe-

877 1585 973 1618 bant.
1018 1586 1206 1625 Caeterum,
1229 1589 1239 1605 ‘
1254 1586 1335 1619 Non
1355 1592 1509 1619 nostrum
1527 1587 1589 1619 bos

878 1636 971 1668 iuter
990 1640 1104 1668 tantas
1118 1646 1326 1678 componere
1343 1636 1448 1669 lites!
1492 1637 1584 1669 Illud

879 1687 992 1720 obiter
1008 1687 1134 1719 dixisse
1151 1686 1312 1728 sufficiat,
1334 1691 1460 1720 asarota
1483 1687 1588 1720 fuisse

878 1738 1090 1779 pavimenta,
1103 1738 1136 1769 iu
1156 1738 1278 1780 quibus
1295 1739 1397 1770 variis
1413 1738 1586 1770 coloribus

879 1798 1054 1821 coenarum
1070 1789 1226 1831 reliquiae
1239 1788 1389 1830 depictae
1406 1793 1519 1829 erant,
1540 1788 1591 1820 ita

881 1843 919 1871 nt
934 1839 1038 1872 facile
1064 1839 1138 1882 quis
1160 1838 1235 1870 falli
1263 1839 1447 1880 potuisset,
1472 1839 1591 1870 existi-

879 1899 975 1922 mans
1002 1900 1098 1922 veras
1119 1899 1196 1922 esse
1224 1885 1402 1932 reliquias,
1428 1894 1463 1921 et
1480 1894 1591 1921 totum

879 1940 1114 1982 pavimentum
1129 1949 1196 1972 non
1213 1939 1319 1972 fuisse
1341 1949 1491 1981 versum,
1513 1949 1591 1972 cum

881 1995 997 2024 tamen
1025 2000 1147 2023 revera
1177 1990 1439 2031 diligentissime
1466 2000 1591 2032 purga—

883 2046 955 2075 tum
983 2046 1071 2075 erat.
1113 2042 1171 2074 Sic
1197 2041 1362 2074 Zeuxidis
1388 2051 1464 2074 nvae
1488 2041 1594 2083 pictas

883 2102 965 2125 aves
997 2093 1234 2134 decipiebant,
1263 2095 1300 2126 et
1326 2092 1505 2125 Parrhasii
1530 2093 1592 2125 lin-

885 2147 978 2176 teum
1006 2143 1116 2185 ipsum
1149 2143 1294 2175 Zeuxin.
1345 2142 1471 2186 Itaque
1500 2143 1594 2184 pavi·

883 2197 1038 2225 mentum
1053 2194 1117 2225 hoc
1134 2193 1246 2236 quoad
1265 2194 1503 2235 apparentiam
1518 2199 1594 2226 tan-

885 2248 958 2276 tum
991 2242 1166 2286 ἆσάρωτον,
1194 2248 1231 2276 et
1257 2243 1389 2276 fictitiis
1422 2254 1595 2277 coenarum

884 2294 1040 2337 reliquiis
1057 2303 1278 2336 conspersum
1291 2298 1381 2334 erat,
1395 2303 1439 2326 ne
1452 2295 1598 2337 scilicet,

884 2345 965 2378 dum
976 2355 1066 2379 verae
1083 2345 1250 2388 reliquiae,
1267 2349 1304 2377 et
1318 2345 1436 2377 sordes
1452 2345 1486 2377 iu
1509 2344 1596 2386 illud

885 2406 905 2430 e
919 2405 1039 2429 mensa
1054 2396 1278 2435 decidebant,
1301 2401 1372 2428 tam
1396 2394 1501 2428 facile
1523 2394 1595 2429 ani-¹

883 2449 1197 2483 madverterentur.
1251 2448 1345 2480 Vide
1366 2447 1518 2479 Plinium
1535 2448 1594 2481 lib.

885 2509 1022 2533 xxxvi.
1038 2509 1068 2532 c.
1083 2502 1138 2532 25.
1159 2503 1195 2531 et
1209 2498 1329 2531 Sidon.
1347 2497 1464 2541 Apoll.
1480 2498 1595 2532 Carm-

885 2559 1004 2584 xxm.
1017 2550 1061 2582 de
1077 2549 1252 2582 Narbone.
1277 2549 1411 2581 Getoert.
1519 2589 1521 2592 .

926 2604 969 2634 5⁷
994 2600 1137 2641 Gradus]
1170 2599 1286 2632 Pedes
1314 2599 1381 2631 mei
1411 2609 1596 2641 expavere,

883 2662 960 2685 cum
985 2653 1162 2685 calcarent
1191 2657 1260 2684 tam
1285 2651 1476 2694 pretiosum
1499 2651 1595 2693 pavi-

885 2707 1049 2735 mentum.
1073 2702 1250 2735 Domitius.

927 2755 970 2786 58
1010 2753 1106 2785 Tecta
1140 2752 1306 2795 trichoms]
1337 2752 1348 2771 ‘
1364 2751 1570 2784 'trichoram
1586 2751 1594 2763 ’

886 2802 978 2846 quod
1008 2802 1145 2839 aedificii
1169 2813 1277 2847 genus
1302 2802 1420 2842 fuerit,
1437 2806 1596 2844 quaeruut

1426 2859 1444 2886 ⁵
1471 2855 1508 2886 M
