<?xml version="1.0" encoding="UTF-8"?>
<!DOCTYPE html PUBLIC "-//W3C//DTD XHTML 1.0 Transitional//EN"
    "http://www.w3.org/TR/xhtml1/DTD/xhtml1-transitional.dtd">
<html xmlns="http://www.w3.org/1999/xhtml" xml:lang="en" lang="en">
 <head>
  <title>
</title>
<meta http-equiv="Content-Type" content="text/html;charset=utf-8" />
  <meta name='ocr-system' content='tesseract 3.04.00' />
  <meta name='ocr-capabilities' content='ocr_page ocr_carea ocr_par ocr_line ocrx_word'/>
</head>
<body>
  <div class='ocr_page' id='page_1' title='image "./operaomniaexedit03statuoft_0048.png"; bbox 0 0 1846 3120; ppageno 0'>
   <div class='ocr_carea' id='block_1_1' title="bbox 261 246 375 290">
    <p class='ocr_par' dir='ltr' id='par_1_1' title="bbox 261 246 375 290">
     <span class='ocr_line' id='line_1_1' title="bbox 261 246 375 290; baseline 0.009 -1"><span class='ocrx_word' id='word_1_1' title='bbox 261 246 375 290; x_wconf 87' lang='grc'>1148</span> 
     </span>
    </p>
   </div>
   <div class='ocr_carea' id='block_1_2' title="bbox 745 254 1214 287">
    <p class='ocr_par' dir='ltr' id='par_1_2' title="bbox 745 254 1214 287">
     <span class='ocr_line' id='line_1_2' title="bbox 745 254 1214 287; baseline -0.002 0"><span class='ocrx_word' id='word_1_2' title='bbox 745 256 788 287; x_wconf 84' lang='lat' dir='ltr'><strong>P.</strong></span> <span class='ocrx_word' id='word_1_3' title='bbox 822 254 1014 287; x_wconf 74' lang='lat' dir='ltr'><strong>PAmNu</strong></span> <span class='ocrx_word' id='word_1_4' title='bbox 1047 254 1214 287; x_wconf 82' lang='lat' dir='ltr'>STATII</span> 
     </span>
    </p>
   </div>
   <div class='ocr_carea' id='block_1_3' title="bbox 258 349 1538 607">
    <p class='ocr_par' dir='ltr' id='par_1_3' title="bbox 258 349 1538 607">
     <span class='ocr_line' id='line_1_3' title="bbox 260 349 1455 406; baseline -0.002 -10"><span class='ocrx_word' id='word_1_5' title='bbox 260 353 558 406; x_wconf 87' lang='lat' dir='ltr'><strong>Infestumque</strong></span> <span class='ocrx_word' id='word_1_6' title='bbox 575 353 704 393; x_wconf 90' lang='lat' dir='ltr'><strong>tonat</strong></span> <span class='ocrx_word' id='word_1_7' title='bbox 720 353 860 404; x_wconf 86' lang='lat' dir='ltr'><strong>pater,</strong></span> <span class='ocrx_word' id='word_1_8' title='bbox 880 353 925 392; x_wconf 86' lang='lat' dir='ltr'><strong>et</strong></span> <span class='ocrx_word' id='word_1_9' title='bbox 942 349 1060 392; x_wconf 86' lang='lat' dir='ltr'><strong>mala</strong></span> <span class='ocrx_word' id='word_1_10' title='bbox 1079 349 1254 404; x_wconf 83' lang='lat' dir='ltr'><strong>fulgura</strong></span> <span class='ocrx_word' id='word_1_11' title='bbox 1279 349 1455 394; x_wconf 87' lang='lat' dir='ltr'><strong>lucent:</strong></span> 
     </span>
     <span class='ocr_line' id='line_1_4' title="bbox 259 417 1406 473; baseline -0.002 -11"><span class='ocrx_word' id='word_1_12' title='bbox 259 419 575 472; x_wconf 87' lang='lat' dir='ltr'><strong>Terrificaeque</strong></span> <span class='ocrx_word' id='word_1_13' title='bbox 595 417 742 472; x_wconf 85' lang='lat' dir='ltr'><strong>adytis</strong></span> <span class='ocrx_word' id='word_1_14' title='bbox 760 430 910 470; x_wconf 87' lang='lat' dir='ltr'><strong>voces,</strong></span> <span class='ocrx_word' id='word_1_15' title='bbox 933 418 1186 473; x_wconf 81' lang='lat' dir='ltr'><strong>clausaeque</strong></span> <span class='ocrx_word' id='word_1_16' title='bbox 1208 417 1406 460; x_wconf 79' lang='lat' dir='ltr'>Deorum</span> 
     </span>
     <span class='ocr_line' id='line_1_5' title="bbox 260 485 1538 542; baseline 0.001 -13"><span class='ocrx_word' id='word_1_17' title='bbox 260 487 429 542; x_wconf 82' lang='lat' dir='ltr'><strong>Sponte</strong></span> <span class='ocrx_word' id='word_1_18' title='bbox 448 486 592 528; x_wconf 88' lang='lat' dir='ltr'><strong>fores:</strong></span> <span class='ocrx_word' id='word_1_19' title='bbox 622 498 739 527; x_wconf 89' lang='lat' dir='ltr'><strong>nunc</strong></span> <span class='ocrx_word' id='word_1_20' title='bbox 762 485 1049 540; x_wconf 84' lang='lat' dir='ltr'><strong>sanguineuS,</strong></span> <span class='ocrx_word' id='word_1_21' title='bbox 1069 498 1182 528; x_wconf 90' lang='lat' dir='ltr'><strong>nunc</strong></span> <span class='ocrx_word' id='word_1_22' title='bbox 1202 497 1366 528; x_wconf 82' lang='lat' dir='ltr'><strong>saxeus</strong></span> <span class='ocrx_word' id='word_1_23' title='bbox 1385 486 1538 538; x_wconf 84' lang='lat' dir='ltr'>imber,</span> 
     </span>
     <span class='ocr_line' id='line_1_6' title="bbox 258 551 1412 607; baseline -0.001 -11"><span class='ocrx_word' id='word_1_24' title='bbox 258 554 319 596; x_wconf 90' lang='lat' dir='ltr'><strong>Et</strong></span> <span class='ocrx_word' id='word_1_25' title='bbox 336 553 474 596; x_wconf 90' lang='lat' dir='ltr'><strong>subiti</strong></span> <span class='ocrx_word' id='word_1_26' title='bbox 494 551 671 604; x_wconf 87' lang='lat' dir='ltr'><strong>Manes,</strong></span> <span class='ocrx_word' id='word_1_27' title='bbox 687 552 957 607; x_wconf 88' lang='lat' dir='ltr'><strong>flentumque</strong></span> <span class='ocrx_word' id='word_1_28' title='bbox 975 565 1192 595; x_wconf 89' lang='lat' dir='ltr'><strong>occursus</strong></span> <span class='ocrx_word' id='word_1_29' title='bbox 1212 565 1412 596; x_wconf 86' lang='lat' dir='ltr'><strong>avorum.</strong></span> 
     </span>
    </p>
   </div>
   <div class='ocr_carea' id='block_1_4' title="bbox 258 619 1344 676">
    <p class='ocr_par' dir='ltr' id='par_1_4' title="bbox 258 619 1344 676">
     <span class='ocr_line' id='line_1_7' title="bbox 258 619 1344 676; baseline 0.001 -13"><span class='ocrx_word' id='word_1_30' title='bbox 258 621 384 664; x_wconf 87' lang='lat' dir='ltr'><strong>Tunc</strong></span> <span class='ocrx_word' id='word_1_31' title='bbox 405 624 452 664; x_wconf 89' lang='lat' dir='ltr'><strong>et</strong></span> <span class='ocrx_word' id='word_1_32' title='bbox 471 619 728 675; x_wconf 80' lang='lat' dir='ltr'><strong>Apollineae</strong></span> <span class='ocrx_word' id='word_1_33' title='bbox 747 625 930 664; x_wconf 78' lang='lat' dir='ltr'><strong>tacuere</strong></span> <span class='ocrx_word' id='word_1_34' title='bbox 948 621 1131 664; x_wconf 85' lang='lat' dir='ltr'><strong>oracula</strong></span> <span class='ocrx_word' id='word_1_35' title='bbox 1152 619 1344 676; x_wconf 80' lang='lat' dir='ltr'><strong>Cyrrhae,</strong></span> 
     </span>
    </p>
   </div>
   <div class='ocr_carea' id='block_1_5' title="bbox 1628 621 1716 666">
    <p class='ocr_par' dir='ltr' id='par_1_5' title="bbox 1628 621 1716 666">
     <span class='ocr_line' id='line_1_8' title="bbox 1628 621 1716 666; baseline 0.023 -2"><span class='ocrx_word' id='word_1_36' title='bbox 1628 621 1716 666; x_wconf 81' lang='lat'><strong>410</strong></span> 
     </span>
    </p>
   </div>
   <div class='ocr_carea' id='block_1_6' title="bbox 258 759 1718 806">
    <p class='ocr_par' dir='ltr' id='par_1_6' title="bbox 258 759 1718 806">
     <span class='ocr_line' id='line_1_9' title="bbox 258 759 1718 806; baseline -0.002 -10"><span class='ocrx_word' id='word_1_37' title='bbox 258 774 279 796; x_wconf 82' lang='lat' dir='ltr'><strong>a</strong></span> <span class='ocrx_word' id='word_1_38' title='bbox 292 764 359 796; x_wconf 80' lang='lat' dir='ltr'><strong>suis</strong></span> <span class='ocrx_word' id='word_1_39' title='bbox 371 765 469 797; x_wconf 78' lang='lat' dir='ltr'><strong>alveis</strong></span> <span class='ocrx_word' id='word_1_40' title='bbox 481 765 567 798; x_wconf 70' lang='lat' dir='ltr'><strong>dani</strong></span> <span class='ocrx_word' id='word_1_41' title='bbox 573 765 743 797; x_wconf 73' lang='lat' dir='ltr'><strong>horrendos</strong></span> <span class='ocrx_word' id='word_1_42' title='bbox 755 764 910 797; x_wconf 79' lang='lat' dir='ltr'><strong>monitus.-</strong></span> <span class='ocrx_word' id='word_1_43' title='bbox 931 763 1062 806; x_wconf 71' lang='lat' dir='ltr'><strong>Jupiter</strong></span> <span class='ocrx_word' id='word_1_44' title='bbox 1074 764 1236 796; x_wconf 69' lang='lat' dir='ltr'><strong>adversum</strong></span> <span class='ocrx_word' id='word_1_45' title='bbox 1250 765 1351 802; x_wconf 70' lang='lat' dir='ltr'><strong>tonat,</strong></span> <span class='ocrx_word' id='word_1_46' title='bbox 1372 765 1403 794; x_wconf 81' lang='lat' dir='ltr'><strong>et</strong></span> <span class='ocrx_word' id='word_1_47' title='bbox 1424 761 1543 794; x_wconf 61' lang='lat' dir='ltr'><strong>mioniae</strong></span> <span class='ocrx_word' id='word_1_48' title='bbox 1562 761 1637 794; x_wconf 69' lang='lat' dir='ltr'><strong>dii-«i</strong></span> <span class='ocrx_word' id='word_1_49' title='bbox 1646 759 1718 801; x_wconf 68' lang='grc' dir='ltr'><strong>Μ-</strong></span> 
     </span>
    </p>
   </div>
   <div class='ocr_carea' id='block_1_7' title="bbox 255 807 1124 892">
    <p class='ocr_par' dir='ltr' id='par_1_7' title="bbox 255 807 1124 892">
     <span class='ocr_line' id='line_1_10' title="bbox 255 807 1124 856; baseline 0 -17"><span class='ocrx_word' id='word_1_50' title='bbox 255 816 359 846; x_wconf 81' lang='lat' dir='ltr'><strong>gura:</strong></span> <span class='ocrx_word' id='word_1_51' title='bbox 381 808 594 849; x_wconf 78' lang='lat' dir='ltr'><strong><em>terribilesque</em></strong></span> <span class='ocrx_word' id='word_1_52' title='bbox 607 817 695 840; x_wconf 82' lang='lat' dir='ltr'><strong>voces</strong></span> <span class='ocrx_word' id='word_1_53' title='bbox 708 807 894 840; x_wconf 78' lang='lat' dir='ltr'><strong>emittuntur</strong></span> <span class='ocrx_word' id='word_1_54' title='bbox 907 816 924 839; x_wconf 84' lang='lat' dir='ltr'><strong>e</strong></span> <span class='ocrx_word' id='word_1_55' title='bbox 939 807 1124 856; x_wconf 76' lang='lat' dir='ltr'><strong>templorum</strong></span> 
     </span>
     <span class='ocr_line' id='line_1_11' title="bbox 258 849 1049 892; baseline 0.001 -11"><span class='ocrx_word' id='word_1_56' title='bbox 258 859 301 881; x_wconf 81' lang='lat' dir='ltr'><strong>ex</strong></span> <span class='ocrx_word' id='word_1_57' title='bbox 314 859 347 881; x_wconf 83' lang='lat' dir='ltr'><strong>se</strong></span> <span class='ocrx_word' id='word_1_58' title='bbox 360 851 474 884; x_wconf 77' lang='lat' dir='ltr'><strong>clausa.</strong></span> <span class='ocrx_word' id='word_1_59' title='bbox 517 851 614 883; x_wconf 77' lang='lat' dir='ltr'><strong>Nune</strong></span> <span class='ocrx_word' id='word_1_60' title='bbox 632 850 717 892; x_wconf 78' lang='lat' dir='ltr'><strong>pluit</strong></span> <span class='ocrx_word' id='word_1_61' title='bbox 735 859 855 890; x_wconf 63' lang='lat' dir='ltr'><strong>auore,</strong></span> <span class='ocrx_word' id='word_1_62' title='bbox 869 858 949 882; x_wconf 79' lang='lat' dir='ltr'><strong>nunc</strong></span> <span class='ocrx_word' id='word_1_63' title='bbox 963 849 1049 892; x_wconf 76' lang='lat' dir='ltr'><strong>lapid</strong></span> 
     </span>
    </p>
   </div>
   <div class='ocr_carea' id='block_1_8' title="bbox 257 891 968 936">
    <p class='ocr_par' dir='ltr' id='par_1_8' title="bbox 257 891 968 936">
     <span class='ocr_line' id='line_1_12' title="bbox 257 891 968 936; baseline 0.003 -13"><span class='ocrx_word' id='word_1_64' title='bbox 257 896 373 934; x_wconf 80' lang='lat' dir='ltr'><strong>rentes,</strong></span> <span class='ocrx_word' id='word_1_65' title='bbox 394 897 426 926; x_wconf 84' lang='lat' dir='ltr'><strong>et</strong></span> <span class='ocrx_word' id='word_1_66' title='bbox 446 894 606 936; x_wconf 75' lang='lat' dir='ltr'><em>plorantes</em></span> <span class='ocrx_word' id='word_1_67' title='bbox 620 893 754 934; x_wconf 68' lang='lat' dir='ltr'><strong>mqiores</strong></span> <span class='ocrx_word' id='word_1_68' title='bbox 767 892 849 926; x_wconf 75' lang='lat' dir='ltr'><strong>obvii</strong></span> <span class='ocrx_word' id='word_1_69' title='bbox 868 891 968 933; x_wconf 78' lang='lat' dir='ltr'><strong>facti.</strong></span> 
     </span>
    </p>
   </div>
   <div class='ocr_carea' id='block_1_9' title="bbox 1015 804 1719 934">
    <p class='ocr_par' dir='ltr' id='par_1_9' title="bbox 1015 804 1718 934">
     <span class='ocr_line' id='line_1_13' title="bbox 1143 804 1718 848; baseline -0.003 -10"><span class='ocrx_word' id='word_1_70' title='bbox 1143 806 1366 848; x_wconf 73' lang='lat' dir='ltr'><strong>pevaetralibus,</strong></span> <span class='ocrx_word' id='word_1_71' title='bbox 1385 815 1422 837; x_wconf 78' lang='lat' dir='ltr'><strong>ac</strong></span> <span class='ocrx_word' id='word_1_72' title='bbox 1435 804 1563 837; x_wconf 73' lang='lat' dir='ltr'><strong>delubra</strong></span> <span class='ocrx_word' id='word_1_73' title='bbox 1576 804 1718 837; x_wconf 74' lang='lat' dir='ltr'><strong>Deorum</strong></span> 
     </span>
     <span class='ocr_line' id='line_1_14' title="bbox 1049 848 1719 898; baseline -0.003 -18"><span class='ocrx_word' id='word_1_74' title='bbox 1049 848 1129 891; x_wconf 78' lang='lat' dir='ltr'><strong>ibus,</strong></span> <span class='ocrx_word' id='word_1_75' title='bbox 1147 848 1265 881; x_wconf 78' lang='lat' dir='ltr'><strong>umbroe</strong></span> <span class='ocrx_word' id='word_1_76' title='bbox 1279 850 1471 880; x_wconf 73' lang='lat' dir='ltr'><strong>mortuoram</strong></span> <span class='ocrx_word' id='word_1_77' title='bbox 1483 850 1611 898; x_wconf 71' lang='lat' dir='ltr'><strong>repente</strong></span> <span class='ocrx_word' id='word_1_78' title='bbox 1622 849 1719 888; x_wconf 76' lang='lat' dir='ltr'><strong>appa-</strong></span> 
     </span>
     <span class='ocr_line' id='line_1_15' title="bbox 1015 889 1716 934; baseline -0.006 -8"><span class='ocrx_word' id='word_1_79' title='bbox 1015 892 1101 926; x_wconf 63' lang='lat' dir='ltr'><strong>nm</strong></span> <span class='ocrx_word' id='word_1_80' title='bbox 1114 894 1146 925; x_wconf 74' lang='lat' dir='ltr'><strong>et</strong></span> <span class='ocrx_word' id='word_1_81' title='bbox 1160 901 1306 934; x_wconf 75' lang='lat' dir='ltr'><strong>responsa</strong></span> <span class='ocrx_word' id='word_1_82' title='bbox 1323 890 1456 932; x_wconf 73' lang='lat' dir='ltr'><strong><em>Cyrrhoe</em></strong></span> <span class='ocrx_word' id='word_1_83' title='bbox 1466 889 1607 933; x_wconf 68' lang='lat' dir='ltr'><strong>Apollini</strong></span> <span class='ocrx_word' id='word_1_84' title='bbox 1618 896 1716 923; x_wconf 73' lang='lat' dir='ltr'><strong>ouem</strong></span> 
     </span>
    </p>
   </div>
   <div class='ocr_carea' id='block_1_10' title="bbox 913 987 1059 1022">
    <p class='ocr_par' dir='ltr' id='par_1_10' title="bbox 913 987 1059 1022">
     <span class='ocr_line' id='line_1_16' title="bbox 913 987 1059 1022; baseline -0.014 0"><span class='ocrx_word' id='word_1_85' title='bbox 913 987 1059 1022; x_wconf 79' lang='lat' dir='ltr'>NOTAE</span> 
     </span>
    </p>
   </div>
   <div class='ocr_carea' id='block_1_11' title="bbox 247 1061 962 2834">
    <p class='ocr_par' dir='ltr' id='par_1_11' title="bbox 254 1061 962 1414">
     <span class='ocr_line' id='line_1_17' title="bbox 257 1061 961 1106; baseline -0.003 -9"><span class='ocrx_word' id='word_1_86' title='bbox 257 1063 350 1097; x_wconf 85' lang='lat' dir='ltr'><strong>inter</strong></span> <span class='ocrx_word' id='word_1_87' title='bbox 370 1063 538 1106; x_wconf 81' lang='lat' dir='ltr'><strong>prodigia,</strong></span> <span class='ocrx_word' id='word_1_88' title='bbox 554 1061 631 1106; x_wconf 52' lang='lat' dir='ltr'><strong>quas</strong></span> <span class='ocrx_word' id='word_1_89' title='bbox 646 1061 820 1096; x_wconf 84' lang='lat' dir='ltr'>excidium</span> <span class='ocrx_word' id='word_1_90' title='bbox 842 1062 961 1104; x_wconf 82' lang='lat' dir='ltr'><strong>ejusce</strong></span> 
     </span>
     <span class='ocr_line' id='line_1_18' title="bbox 257 1113 962 1156; baseline -0.004 -8"><span class='ocrx_word' id='word_1_91' title='bbox 257 1115 351 1148; x_wconf 88' lang='lat' dir='ltr'><strong>urbis</strong></span> <span class='ocrx_word' id='word_1_92' title='bbox 379 1118 641 1156; x_wconf 73' lang='lat' dir='ltr'><strong>praecesserunt.</strong></span> <span class='ocrx_word' id='word_1_93' title='bbox 698 1113 867 1155; x_wconf 81' lang='lat' dir='ltr'><strong>Aversique</strong></span> <span class='ocrx_word' id='word_1_94' title='bbox 894 1113 962 1145; x_wconf 82' lang='lat' dir='ltr'><strong>suis</strong></span> 
     </span>
     <span class='ocr_line' id='line_1_19' title="bbox 255 1163 960 1205; baseline -0.003 -7"><span class='ocrx_word' id='word_1_95' title='bbox 255 1165 436 1198; x_wconf 78' lang='lat' dir='ltr'><strong><em>decursibus</em></strong></span> <span class='ocrx_word' id='word_1_96' title='bbox 446 1163 568 1205; x_wconf 76' lang='lat' dir='ltr'><strong>amnes]</strong></span> <span class='ocrx_word' id='word_1_97' title='bbox 578 1164 636 1198; x_wconf 90' lang='lat' dir='ltr'><strong>Sic</strong></span> <span class='ocrx_word' id='word_1_98' title='bbox 650 1164 785 1196; x_wconf 80' lang='lat' dir='ltr'><strong>Plinius</strong></span> <span class='ocrx_word' id='word_1_99' title='bbox 796 1163 839 1196; x_wconf 87' lang='lat' dir='ltr'><strong>de</strong></span> <span class='ocrx_word' id='word_1_100' title='bbox 855 1163 960 1196; x_wconf 88' lang='lat' dir='ltr'><strong>Tibe·</strong></span> 
     </span>
     <span class='ocr_line' id='line_1_20' title="bbox 255 1214 958 1257; baseline -0.004 -8"><span class='ocrx_word' id='word_1_101' title='bbox 255 1217 288 1249; x_wconf 78' lang='lat' dir='ltr'><strong>ri</strong></span> <span class='ocrx_word' id='word_1_102' title='bbox 303 1216 501 1249; x_wconf 82' lang='lat' dir='ltr'><strong>exundante</strong></span> <span class='ocrx_word' id='word_1_103' title='bbox 522 1215 583 1248; x_wconf 88' lang='lat' dir='ltr'><strong>lib.</strong></span> <span class='ocrx_word' id='word_1_104' title='bbox 603 1224 659 1248; x_wconf 91' lang='lat'>111.</span> <span class='ocrx_word' id='word_1_105' title='bbox 674 1225 753 1257; x_wconf 87' lang='lat' dir='ltr'><strong>cap.</strong></span> <span class='ocrx_word' id='word_1_106' title='bbox 774 1218 806 1247; x_wconf 83' lang='lat'><strong>5.</strong></span> <span class='ocrx_word' id='word_1_107' title='bbox 827 1214 958 1249; x_wconf 78' lang='lat' dir='ltr'><strong>‘Quin-</strong></span> 
     </span>
     <span class='ocr_line' id='line_1_21' title="bbox 254 1265 958 1307; baseline -0.006 -6"><span class='ocrx_word' id='word_1_108' title='bbox 254 1268 359 1301; x_wconf 85' lang='lat' dir='ltr'><strong>immo</strong></span> <span class='ocrx_word' id='word_1_109' title='bbox 375 1270 470 1300; x_wconf 77' lang='lat' dir='ltr'><strong>vates</strong></span> <span class='ocrx_word' id='word_1_110' title='bbox 492 1266 693 1307; x_wconf 80' lang='lat' dir='ltr'><strong>intelligitur</strong></span> <span class='ocrx_word' id='word_1_111' title='bbox 713 1265 827 1307; x_wconf 86' lang='lat' dir='ltr'><strong>potius</strong></span> <span class='ocrx_word' id='word_1_112' title='bbox 838 1275 879 1297; x_wconf 87' lang='lat' dir='ltr'><strong>ac</strong></span> <span class='ocrx_word' id='word_1_113' title='bbox 889 1274 958 1297; x_wconf 91' lang='lat' dir='ltr'><strong>mo-</strong></span> 
     </span>
     <span class='ocr_line' id='line_1_22' title="bbox 256 1318 959 1362; baseline -0.006 -9"><span class='ocrx_word' id='word_1_114' title='bbox 256 1321 360 1358; x_wconf 86' lang='lat' dir='ltr'><strong>nitor,</strong></span> <span class='ocrx_word' id='word_1_115' title='bbox 375 1324 478 1353; x_wconf 86' lang='lat' dir='ltr'><strong>auctu</strong></span> <span class='ocrx_word' id='word_1_116' title='bbox 494 1329 628 1362; x_wconf 79' lang='lat' dir='ltr'>semper</span> <span class='ocrx_word' id='word_1_117' title='bbox 642 1319 819 1361; x_wconf 79' lang='lat' dir='ltr'><strong>religiosus</strong></span> <span class='ocrx_word' id='word_1_118' title='bbox 832 1318 959 1359; x_wconf 82' lang='lat' dir='ltr'><strong>verius,</strong></span> 
     </span>
     <span class='ocr_line' id='line_1_23' title="bbox 256 1370 510 1414; baseline 0 -11"><span class='ocrx_word' id='word_1_119' title='bbox 256 1381 359 1414; x_wconf 87' lang='lat' dir='ltr'><strong>quam</strong></span> <span class='ocrx_word' id='word_1_120' title='bbox 373 1370 510 1403; x_wconf 81' lang='lat' dir='ltr'><strong>saevus.’</strong></span> 
     </span>
    </p>

    <p class='ocr_par' dir='ltr' id='par_1_12' title="bbox 247 1418 959 1766">
     <span class='ocr_line' id='line_1_24' title="bbox 300 1418 959 1462; baseline -0.005 -8"><span class='ocrx_word' id='word_1_121' title='bbox 300 1424 366 1454; x_wconf 82' lang='lat'><strong>406</strong></span> <span class='ocrx_word' id='word_1_122' title='bbox 386 1423 407 1454; x_wconf 87' lang='grc' dir='ltr'><strong><em>Ι</em></strong></span> <span class='ocrx_word' id='word_1_123' title='bbox 408 1421 600 1462; x_wconf 81' lang='lat' dir='ltr'><strong>nsestumque</strong></span> <span class='ocrx_word' id='word_1_124' title='bbox 615 1423 702 1453; x_wconf 78' lang='lat' dir='ltr'><strong>tonat</strong></span> <span class='ocrx_word' id='word_1_125' title='bbox 714 1423 816 1462; x_wconf 82' lang='lat' dir='ltr'><strong>pater,</strong></span> <span class='ocrx_word' id='word_1_126' title='bbox 830 1422 862 1451; x_wconf 80' lang='lat' dir='ltr'><strong>et</strong></span> <span class='ocrx_word' id='word_1_127' title='bbox 876 1418 959 1451; x_wconf 75' lang='lat' dir='ltr'><strong>mala</strong></span> 
     </span>
     <span class='ocr_line' id='line_1_25' title="bbox 247 1470 959 1513; baseline -0.004 -8"><span class='ocrx_word' id='word_1_128' title='bbox 247 1473 386 1513; x_wconf 81' lang='lat' dir='ltr'><strong>fulgura</strong></span> <span class='ocrx_word' id='word_1_129' title='bbox 412 1471 530 1512; x_wconf 79' lang='lat' dir='ltr'><strong>lucent]</strong></span> <span class='ocrx_word' id='word_1_130' title='bbox 553 1470 747 1502; x_wconf 90' lang='lat' dir='ltr'><strong>Fulminum</strong></span> <span class='ocrx_word' id='word_1_131' title='bbox 768 1470 899 1511; x_wconf 85' lang='lat' dir='ltr'><strong>jactus,</strong></span> <span class='ocrx_word' id='word_1_132' title='bbox 922 1473 959 1502; x_wconf 86' lang='lat' dir='ltr'><strong>et</strong></span> 
     </span>
     <span class='ocr_line' id='line_1_26' title="bbox 255 1519 957 1564; baseline -0.004 -9"><span class='ocrx_word' id='word_1_133' title='bbox 255 1523 396 1564; x_wconf 81' lang='lat' dir='ltr'><strong>fulgura</strong></span> <span class='ocrx_word' id='word_1_134' title='bbox 413 1523 504 1554; x_wconf 88' lang='lat' dir='ltr'><strong>inter</strong></span> <span class='ocrx_word' id='word_1_135' title='bbox 527 1521 640 1554; x_wconf 89' lang='lat' dir='ltr'><strong>omina</strong></span> <span class='ocrx_word' id='word_1_136' title='bbox 661 1519 786 1563; x_wconf 87' lang='lat' dir='ltr'><strong>posita.</strong></span> <span class='ocrx_word' id='word_1_137' title='bbox 832 1520 957 1552; x_wconf 86' lang='lat' dir='ltr'><strong>Cicero</strong></span> 
     </span>
     <span class='ocr_line' id='line_1_27' title="bbox 258 1570 958 1607; baseline -0.006 -1"><span class='ocrx_word' id='word_1_138' title='bbox 258 1575 303 1607; x_wconf 88' lang='lat' dir='ltr'><strong>de</strong></span> <span class='ocrx_word' id='word_1_139' title='bbox 319 1574 542 1606; x_wconf 81' lang='lat' dir='ltr'><strong>Divinatione</strong></span> <span class='ocrx_word' id='word_1_140' title='bbox 559 1572 617 1604; x_wconf 90' lang='lat' dir='ltr'><strong>lib.</strong></span> <span class='ocrx_word' id='word_1_141' title='bbox 632 1581 656 1604; x_wconf 88' lang='lat'><strong>1.</strong></span> <span class='ocrx_word' id='word_1_142' title='bbox 666 1575 702 1603; x_wconf 88' lang='lat' dir='ltr'><strong>et</strong></span> <span class='ocrx_word' id='word_1_143' title='bbox 718 1570 887 1603; x_wconf 83' lang='lat' dir='ltr'><strong>Oratione</strong></span> <span class='ocrx_word' id='word_1_144' title='bbox 900 1580 958 1603; x_wconf 78' lang='grc' dir='ltr'>ιιι.</span> 
     </span>
     <span class='ocr_line' id='line_1_28' title="bbox 255 1623 959 1657; baseline -0.004 0"><span class='ocrx_word' id='word_1_145' title='bbox 255 1625 291 1657; x_wconf 92' lang='lat' dir='ltr'><strong>in</strong></span> <span class='ocrx_word' id='word_1_146' title='bbox 308 1624 512 1657; x_wconf 81' lang='lat' dir='ltr'><strong>Catilinam:</strong></span> <span class='ocrx_word' id='word_1_147' title='bbox 537 1624 547 1642; x_wconf 89' lang='lat'>‘</span> <span class='ocrx_word' id='word_1_148' title='bbox 560 1623 649 1656; x_wconf 85' lang='lat' dir='ltr'><strong>Nam</strong></span> <span class='ocrx_word' id='word_1_149' title='bbox 665 1623 747 1655; x_wconf 77' lang='lat' dir='ltr'><strong>visoe</strong></span> <span class='ocrx_word' id='word_1_150' title='bbox 769 1626 850 1654; x_wconf 86' lang='lat' dir='ltr'><strong>sunt</strong></span> <span class='ocrx_word' id='word_1_151' title='bbox 873 1627 959 1654; x_wconf 89' lang='lat' dir='ltr'><strong>tem-</strong></span> 
     </span>
     <span class='ocr_line' id='line_1_29' title="bbox 257 1673 958 1717; baseline -0.003 -10"><span class='ocrx_word' id='word_1_152' title='bbox 257 1684 341 1717; x_wconf 82' lang='lat' dir='ltr'><strong>pore</strong></span> <span class='ocrx_word' id='word_1_153' title='bbox 364 1679 534 1707; x_wconf 86' lang='lat' dir='ltr'><strong>nocturno</strong></span> <span class='ocrx_word' id='word_1_154' title='bbox 557 1673 664 1714; x_wconf 83' lang='lat' dir='ltr'><strong>faces,</strong></span> <span class='ocrx_word' id='word_1_155' title='bbox 680 1673 850 1715; x_wconf 84' lang='lat' dir='ltr'><strong>ardorque</strong></span> <span class='ocrx_word' id='word_1_156' title='bbox 867 1673 958 1713; x_wconf 84' lang='lat' dir='ltr'><strong>coeli,</strong></span> 
     </span>
     <span class='ocr_line' id='line_1_30' title="bbox 255 1723 934 1766; baseline -0.003 -8"><span class='ocrx_word' id='word_1_157' title='bbox 255 1731 349 1758; x_wconf 88' lang='lat' dir='ltr'><strong>mota</strong></span> <span class='ocrx_word' id='word_1_158' title='bbox 364 1730 418 1757; x_wconf 88' lang='lat' dir='ltr'><strong>est</strong></span> <span class='ocrx_word' id='word_1_159' title='bbox 434 1730 539 1766; x_wconf 82' lang='lat' dir='ltr'><strong>terra,</strong></span> <span class='ocrx_word' id='word_1_160' title='bbox 549 1724 692 1756; x_wconf 88' lang='lat' dir='ltr'><strong>fulmina</strong></span> <span class='ocrx_word' id='word_1_161' title='bbox 705 1723 934 1756; x_wconf 62' lang='lat' dir='ltr'><strong>deciderunt!</strong></span> 
     </span>
    </p>

    <p class='ocr_par' dir='ltr' id='par_1_13' title="bbox 252 1775 961 2580">
     <span class='ocr_line' id='line_1_31' title="bbox 297 1775 959 1820; baseline -0.002 -10"><span class='ocrx_word' id='word_1_162' title='bbox 297 1780 360 1810; x_wconf 87' lang='grc'><strong>407</strong></span> <span class='ocrx_word' id='word_1_163' title='bbox 393 1777 609 1820; x_wconf 77' lang='lat' dir='ltr'><strong>Ternflcoeque</strong></span> <span class='ocrx_word' id='word_1_164' title='bbox 634 1777 740 1818; x_wconf 78' lang='lat' dir='ltr'><strong>adytis</strong></span> <span class='ocrx_word' id='word_1_165' title='bbox 766 1775 870 1817; x_wconf 78' lang='lat' dir='ltr'><strong>voces]</strong></span> <span class='ocrx_word' id='word_1_166' title='bbox 907 1775 959 1809; x_wconf 84' lang='lat' dir='ltr'><strong>Ut</strong></span> 
     </span>
     <span class='ocr_line' id='line_1_32' title="bbox 255 1825 959 1861; baseline -0.004 0"><span class='ocrx_word' id='word_1_167' title='bbox 255 1837 333 1861; x_wconf 87' lang='lat' dir='ltr'><strong>cum</strong></span> <span class='ocrx_word' id='word_1_168' title='bbox 349 1827 441 1860; x_wconf 90' lang='lat' dir='ltr'><strong>bello</strong></span> <span class='ocrx_word' id='word_1_169' title='bbox 465 1828 598 1860; x_wconf 84' lang='lat' dir='ltr'><strong>Gallico</strong></span> <span class='ocrx_word' id='word_1_170' title='bbox 616 1836 683 1858; x_wconf 83' lang='lat' dir='ltr'><strong>vox</strong></span> <span class='ocrx_word' id='word_1_171' title='bbox 705 1826 877 1858; x_wconf 86' lang='lat' dir='ltr'><strong>Senonum</strong></span> <span class='ocrx_word' id='word_1_172' title='bbox 899 1825 959 1858; x_wconf 89' lang='lat' dir='ltr'><strong>ad·</strong></span> 
     </span>
     <span class='ocr_line' id='line_1_33' title="bbox 255 1877 960 1921; baseline -0.004 -9"><span class='ocrx_word' id='word_1_173' title='bbox 255 1883 395 1912; x_wconf 87' lang='lat' dir='ltr'><strong>ventum</strong></span> <span class='ocrx_word' id='word_1_174' title='bbox 409 1878 582 1921; x_wconf 66' lang='lat' dir='ltr'><strong>praedixit.</strong></span> <span class='ocrx_word' id='word_1_175' title='bbox 624 1878 681 1910; x_wconf 83' lang='lat' dir='ltr'><strong>Sic</strong></span> <span class='ocrx_word' id='word_1_176' title='bbox 711 1883 748 1910; x_wconf 82' lang='lat' dir='ltr'><strong>et</strong></span> <span class='ocrx_word' id='word_1_177' title='bbox 770 1881 887 1909; x_wconf 82' lang='lat' dir='ltr'><strong>narrat</strong></span> <span class='ocrx_word' id='word_1_178' title='bbox 900 1877 960 1911; x_wconf 86' lang='lat' dir='ltr'><strong>Jo-</strong></span> 
     </span>
     <span class='ocr_line' id='line_1_34' title="bbox 255 1926 958 1971; baseline -0.003 -10"><span class='ocrx_word' id='word_1_179' title='bbox 255 1929 391 1971; x_wconf 78' lang='lat' dir='ltr'><strong>sephus,</strong></span> <span class='ocrx_word' id='word_1_180' title='bbox 420 1928 539 1970; x_wconf 79' lang='lat' dir='ltr'><strong>paucis</strong></span> <span class='ocrx_word' id='word_1_181' title='bbox 578 1933 659 1960; x_wconf 90' lang='lat' dir='ltr'><strong>ante</strong></span> <span class='ocrx_word' id='word_1_182' title='bbox 697 1926 819 1960; x_wconf 82' lang='lat' dir='ltr'><strong>diebus</strong></span> <span class='ocrx_word' id='word_1_183' title='bbox 855 1937 958 1970; x_wconf 87' lang='lat' dir='ltr'><strong>quam</strong></span> 
     </span>
     <span class='ocr_line' id='line_1_35' title="bbox 254 1978 959 2020; baseline -0.003 -8"><span class='ocrx_word' id='word_1_184' title='bbox 254 1979 496 2020; x_wconf 84' lang='lat' dir='ltr'><strong>Hierosolyma</strong></span> <span class='ocrx_word' id='word_1_185' title='bbox 510 1983 809 2020; x_wconf 77' lang='lat' dir='ltr'><strong>expugnarentur,</strong></span> <span class='ocrx_word' id='word_1_186' title='bbox 823 1978 959 2010; x_wconf 69' lang='lat' dir='ltr'><strong>auditos</strong></span> 
     </span>
     <span class='ocr_line' id='line_1_36' title="bbox 253 2030 958 2074; baseline -0.006 -9"><span class='ocrx_word' id='word_1_187' title='bbox 253 2034 289 2065; x_wconf 89' lang='lat' dir='ltr'><strong>in</strong></span> <span class='ocrx_word' id='word_1_188' title='bbox 303 2032 432 2074; x_wconf 89' lang='lat' dir='ltr'><strong>templo</strong></span> <span class='ocrx_word' id='word_1_189' title='bbox 447 2031 615 2072; x_wconf 83' lang='lat' dir='ltr'><strong>strepitus</strong></span> <span class='ocrx_word' id='word_1_190' title='bbox 629 2030 729 2072; x_wconf 84' lang='lat' dir='ltr'><strong>quasi</strong></span> <span class='ocrx_word' id='word_1_191' title='bbox 745 2030 958 2070; x_wconf 83' lang='lat' dir='ltr'><strong>exeuntium,</strong></span> 
     </span>
     <span class='ocr_line' id='line_1_37' title="bbox 255 2077 958 2123; baseline -0.006 -7"><span class='ocrx_word' id='word_1_192' title='bbox 255 2087 293 2116; x_wconf 85' lang='lat' dir='ltr'><strong>et</strong></span> <span class='ocrx_word' id='word_1_193' title='bbox 317 2083 453 2116; x_wconf 83' lang='lat' dir='ltr'><strong>auditas</strong></span> <span class='ocrx_word' id='word_1_194' title='bbox 479 2091 593 2123; x_wconf 85' lang='lat' dir='ltr'><strong>voces,</strong></span> <span class='ocrx_word' id='word_1_195' title='bbox 621 2081 827 2123; x_wconf 81' lang='lat' dir='ltr'><strong>‘migremus</strong></span> <span class='ocrx_word' id='word_1_196' title='bbox 857 2077 958 2113; x_wconf 62' lang='lat' dir='ltr'><strong>uine?</strong></span> 
     </span>
     <span class='ocr_line' id='line_1_38' title="bbox 258 2130 960 2175; baseline -0.003 -10"><span class='ocrx_word' id='word_1_197' title='bbox 258 2133 441 2175; x_wconf 74' lang='lat' dir='ltr'><strong>Clausoeque</strong></span> <span class='ocrx_word' id='word_1_198' title='bbox 452 2132 596 2165; x_wconf 78' lang='lat' dir='ltr'><strong>Deorum</strong></span> <span class='ocrx_word' id='word_1_199' title='bbox 608 2130 834 2173; x_wconf 81' lang='lat' dir='ltr'><strong>Spontesores]</strong></span> <span class='ocrx_word' id='word_1_200' title='bbox 851 2131 960 2165; x_wconf 83' lang='lat' dir='ltr'><strong>Quasi</strong></span> 
     </span>
     <span class='ocr_line' id='line_1_39' title="bbox 255 2183 959 2227; baseline 0 -10"><span class='ocrx_word' id='word_1_201' title='bbox 255 2189 439 2227; x_wconf 87' lang='lat' dir='ltr'><strong>precantes</strong></span> <span class='ocrx_word' id='word_1_202' title='bbox 462 2183 703 2223; x_wconf 83' lang='lat' dir='ltr'><strong>excluderent,</strong></span> <span class='ocrx_word' id='word_1_203' title='bbox 721 2183 813 2225; x_wconf 87' lang='lat' dir='ltr'><strong>quod</strong></span> <span class='ocrx_word' id='word_1_204' title='bbox 825 2183 959 2225; x_wconf 81' lang='lat' dir='ltr'><strong>signnm</strong></span> 
     </span>
     <span class='ocr_line' id='line_1_40' title="bbox 254 2234 959 2278; baseline -0.004 -9"><span class='ocrx_word' id='word_1_205' title='bbox 254 2240 331 2270; x_wconf 83' lang='lat' dir='ltr'><strong>erat</strong></span> <span class='ocrx_word' id='word_1_206' title='bbox 346 2235 609 2278; x_wconf 82' lang='lat' dir='ltr'><strong>inauspicatum.</strong></span> <span class='ocrx_word' id='word_1_207' title='bbox 641 2234 700 2267; x_wconf 86' lang='lat' dir='ltr'><strong>Sic</strong></span> <span class='ocrx_word' id='word_1_208' title='bbox 714 2243 735 2267; x_wconf 89' lang='lat' dir='ltr'><strong>e</strong></span> <span class='ocrx_word' id='word_1_209' title='bbox 750 2238 870 2267; x_wconf 86' lang='lat' dir='ltr'><strong>contra</strong></span> <span class='ocrx_word' id='word_1_210' title='bbox 883 2235 893 2253; x_wconf 80' lang='lat'>‘</span> <span class='ocrx_word' id='word_1_211' title='bbox 906 2244 959 2267; x_wconf 86' lang='lat' dir='ltr'><strong>re-</strong></span> 
     </span>
     <span class='ocr_line' id='line_1_41' title="bbox 253 2284 961 2328; baseline -0.003 -9"><span class='ocrx_word' id='word_1_212' title='bbox 253 2287 358 2319; x_wconf 81' lang='lat' dir='ltr'><strong>clusae</strong></span> <span class='ocrx_word' id='word_1_213' title='bbox 386 2286 593 2328; x_wconf 87' lang='lat' dir='ltr'><strong>templorum</strong></span> <span class='ocrx_word' id='word_1_214' title='bbox 619 2284 711 2318; x_wconf 83' lang='lat' dir='ltr'><strong>fores</strong></span> <span class='ocrx_word' id='word_1_215' title='bbox 735 2285 826 2318; x_wconf 81' lang='lat' dir='ltr'><strong>inter</strong></span> <span class='ocrx_word' id='word_1_216' title='bbox 847 2285 961 2318; x_wconf 85' lang='lat' dir='ltr'><strong>omina</strong></span> 
     </span>
     <span class='ocr_line' id='line_1_42' title="bbox 252 2335 957 2378; baseline -0.003 -9"><span class='ocrx_word' id='word_1_217' title='bbox 252 2336 468 2377; x_wconf 85' lang='lat' dir='ltr'><strong>numeratae,’</strong></span> <span class='ocrx_word' id='word_1_218' title='bbox 484 2340 524 2369; x_wconf 89' lang='lat' dir='ltr'><strong>ut</strong></span> <span class='ocrx_word' id='word_1_219' title='bbox 537 2335 582 2368; x_wconf 85' lang='lat' dir='ltr'><strong>de</strong></span> <span class='ocrx_word' id='word_1_220' title='bbox 604 2335 715 2378; x_wconf 84' lang='lat' dir='ltr'><strong>portis</strong></span> <span class='ocrx_word' id='word_1_221' title='bbox 732 2335 854 2377; x_wconf 86' lang='lat' dir='ltr'><strong>templi</strong></span> <span class='ocrx_word' id='word_1_222' title='bbox 871 2335 957 2368; x_wconf 88' lang='lat' dir='ltr'><strong>Hie-</strong></span> 
     </span>
     <span class='ocr_line' id='line_1_43' title="bbox 253 2386 957 2430; baseline -0.003 -10"><span class='ocrx_word' id='word_1_223' title='bbox 253 2387 490 2430; x_wconf 84' lang='lat' dir='ltr'><strong>rosolymitani</strong></span> <span class='ocrx_word' id='word_1_224' title='bbox 510 2386 620 2419; x_wconf 85' lang='lat' dir='ltr'><strong>refert</strong></span> <span class='ocrx_word' id='word_1_225' title='bbox 633 2387 805 2428; x_wconf 79' lang='lat' dir='ltr'><strong>Josephus</strong></span> <span class='ocrx_word' id='word_1_226' title='bbox 819 2387 895 2418; x_wconf 85' lang='lat' dir='ltr'><strong>loeo</strong></span> <span class='ocrx_word' id='word_1_227' title='bbox 910 2386 957 2420; x_wconf 85' lang='lat' dir='ltr'><strong>ci·</strong></span> 
     </span>
     <span class='ocr_line' id='line_1_44' title="bbox 254 2436 956 2479; baseline -0.003 -8"><span class='ocrx_word' id='word_1_228' title='bbox 254 2442 338 2471; x_wconf 83' lang='lat' dir='ltr'><strong>tato.</strong></span> <span class='ocrx_word' id='word_1_229' title='bbox 382 2438 428 2470; x_wconf 93' lang='lat' dir='ltr'><strong>Et</strong></span> <span class='ocrx_word' id='word_1_230' title='bbox 453 2436 543 2470; x_wconf 75' lang='lat' dir='ltr'><strong>infra</strong></span> <span class='ocrx_word' id='word_1_231' title='bbox 563 2437 711 2470; x_wconf 76' lang='lat' dir='ltr'><strong>Noster:</strong></span> <span class='ocrx_word' id='word_1_232' title='bbox 735 2438 803 2470; x_wconf 85' lang='lat' dir='ltr'><strong>‘Et</strong></span> <span class='ocrx_word' id='word_1_233' title='bbox 819 2436 956 2479; x_wconf 73' lang='lat' dir='ltr'><strong>templis</strong></span> 
     </span>
     <span class='ocr_line' id='line_1_45' title="bbox 253 2487 959 2529; baseline 0.001 -10"><span class='ocrx_word' id='word_1_234' title='bbox 253 2487 379 2529; x_wconf 84' lang='lat' dir='ltr'><strong>Sparte</strong></span> <span class='ocrx_word' id='word_1_235' title='bbox 406 2497 565 2529; x_wconf 79' lang='lat' dir='ltr'><strong>praesaga</strong></span> <span class='ocrx_word' id='word_1_236' title='bbox 583 2487 724 2520; x_wconf 79' lang='lat' dir='ltr'><strong>reclusis</strong></span> <span class='ocrx_word' id='word_1_237' title='bbox 739 2487 840 2520; x_wconf 87' lang='lat' dir='ltr'><strong>Vidit</strong></span> <span class='ocrx_word' id='word_1_238' title='bbox 853 2487 959 2529; x_wconf 86' lang='lat' dir='ltr'><strong>Amy-</strong></span> 
     </span>
     <span class='ocr_line' id='line_1_46' title="bbox 252 2537 943 2580; baseline -0.003 -9"><span class='ocrx_word' id='word_1_239' title='bbox 252 2538 353 2571; x_wconf 84' lang='lat' dir='ltr'><strong>claeos</strong></span> <span class='ocrx_word' id='word_1_240' title='bbox 368 2538 515 2577; x_wconf 84' lang='lat' dir='ltr'><strong>(facinus</strong></span> <span class='ocrx_word' id='word_1_241' title='bbox 527 2538 553 2580; x_wconf 85' lang='lat'><strong>!)</strong></span> <span class='ocrx_word' id='word_1_242' title='bbox 568 2548 772 2571; x_wconf 85' lang='lat' dir='ltr'><strong>concurrere</strong></span> <span class='ocrx_word' id='word_1_243' title='bbox 788 2537 943 2573; x_wconf 52' lang='lat' dir='ltr'><strong>fratres:</strong></span> 
     </span>
    </p>

    <p class='ocr_par' dir='ltr' id='par_1_14' title="bbox 251 2588 959 2834">
     <span class='ocr_line' id='line_1_47' title="bbox 295 2588 959 2631; baseline 0 -10"><span class='ocrx_word' id='word_1_244' title='bbox 295 2592 361 2622; x_wconf 80' lang='lat'><strong>408</strong></span> <span class='ocrx_word' id='word_1_245' title='bbox 385 2589 481 2622; x_wconf 76' lang='lat' dir='ltr'><strong>Nunc</strong></span> <span class='ocrx_word' id='word_1_246' title='bbox 509 2588 710 2631; x_wconf 69' lang='lat' dir='ltr'><strong>sanguineus,</strong></span> <span class='ocrx_word' id='word_1_247' title='bbox 735 2599 818 2622; x_wconf 73' lang='lat' dir='ltr'><strong>nunc</strong></span> <span class='ocrx_word' id='word_1_248' title='bbox 845 2596 959 2622; x_wconf 75' lang='lat' dir='ltr'><strong>saxeus</strong></span> 
     </span>
     <span class='ocr_line' id='line_1_48' title="bbox 251 2639 957 2682; baseline 0 -9"><span class='ocrx_word' id='word_1_249' title='bbox 251 2640 367 2682; x_wconf 81' lang='lat' dir='ltr'><strong>imber]</strong></span> <span class='ocrx_word' id='word_1_250' title='bbox 408 2640 532 2673; x_wconf 85' lang='lat' dir='ltr'><strong>Cicero</strong></span> <span class='ocrx_word' id='word_1_251' title='bbox 569 2639 614 2672; x_wconf 88' lang='lat' dir='ltr'><strong>de</strong></span> <span class='ocrx_word' id='word_1_252' title='bbox 650 2640 875 2673; x_wconf 85' lang='lat' dir='ltr'><strong>Divinatione</strong></span> <span class='ocrx_word' id='word_1_253' title='bbox 910 2648 957 2673; x_wconf 79' lang='grc' dir='ltr'><strong>ιι.</strong></span> 
     </span>
     <span class='ocr_line' id='line_1_49' title="bbox 253 2689 956 2732; baseline 0 -10"><span class='ocrx_word' id='word_1_254' title='bbox 253 2692 264 2709; x_wconf 89' lang='lat'>‘</span> <span class='ocrx_word' id='word_1_255' title='bbox 276 2689 450 2732; x_wconf 73' lang='lat' dir='ltr'><strong>Sanguine</strong></span> <span class='ocrx_word' id='word_1_256' title='bbox 465 2689 592 2731; x_wconf 82' lang='lat' dir='ltr'><strong>pluisse</strong></span> <span class='ocrx_word' id='word_1_257' title='bbox 606 2689 741 2722; x_wconf 83' lang='lat' dir='ltr'><strong>senatui</strong></span> <span class='ocrx_word' id='word_1_258' title='bbox 762 2690 956 2723; x_wconf 81' lang='lat' dir='ltr'><strong>nuntiatum</strong></span> 
     </span>
     <span class='ocr_line' id='line_1_50' title="bbox 253 2740 955 2782; baseline 0.001 -9"><span class='ocrx_word' id='word_1_259' title='bbox 253 2740 329 2773; x_wconf 83' lang='lat' dir='ltr'><strong>est.&#39;</strong></span> <span class='ocrx_word' id='word_1_260' title='bbox 374 2740 491 2774; x_wconf 86' lang='lat' dir='ltr'><strong>Livius</strong></span> <span class='ocrx_word' id='word_1_261' title='bbox 509 2740 569 2773; x_wconf 88' lang='lat' dir='ltr'><strong>lib.</strong></span> <span class='ocrx_word' id='word_1_262' title='bbox 587 2747 641 2773; x_wconf 80' lang='lat' dir='ltr'><strong>xx.</strong></span> <span class='ocrx_word' id='word_1_263' title='bbox 677 2740 688 2758; x_wconf 87' lang='lat'><em>‘</em></span> <span class='ocrx_word' id='word_1_264' title='bbox 703 2740 842 2773; x_wconf 86' lang='lat' dir='ltr'><strong>Praeter</strong></span> <span class='ocrx_word' id='word_1_265' title='bbox 857 2740 955 2782; x_wconf 69' lang='lat' dir='ltr'><strong>haec:</strong></span> 
     </span>
     <span class='ocr_line' id='line_1_51' title="bbox 252 2790 956 2834; baseline -0.001 -9"><span class='ocrx_word' id='word_1_266' title='bbox 252 2791 373 2834; x_wconf 85' lang='lat' dir='ltr'><strong>inquit,</strong></span> <span class='ocrx_word' id='word_1_267' title='bbox 396 2790 564 2825; x_wconf 85' lang='lat' dir='ltr'><strong>‘relatum</strong></span> <span class='ocrx_word' id='word_1_268' title='bbox 590 2794 646 2825; x_wconf 83' lang='lat' dir='ltr'><strong>est</strong></span> <span class='ocrx_word' id='word_1_269' title='bbox 668 2791 704 2825; x_wconf 86' lang='lat' dir='ltr'><strong>iu</strong></span> <span class='ocrx_word' id='word_1_270' title='bbox 723 2795 956 2834; x_wconf 82' lang='lat' dir='ltr'><strong>monumenta,</strong></span> 
     </span>
    </p>
   </div>
   <div class='ocr_carea' id='block_1_12' title="bbox 1015 1058 1717 1103">
    <p class='ocr_par' dir='ltr' id='par_1_15' title="bbox 1015 1058 1717 1103">
     <span class='ocr_line' id='line_1_52' title="bbox 1015 1058 1717 1103; baseline -0.001 -9"><span class='ocrx_word' id='word_1_271' title='bbox 1015 1058 1181 1094; x_wconf 87' lang='lat' dir='ltr'><strong>inferiore</strong></span> <span class='ocrx_word' id='word_1_272' title='bbox 1197 1058 1283 1095; x_wconf 86' lang='lat' dir='ltr'><strong>coelo</strong></span> <span class='ocrx_word' id='word_1_273' title='bbox 1298 1060 1389 1094; x_wconf 85' lang='lat' dir='ltr'><strong>laete</strong></span> <span class='ocrx_word' id='word_1_274' title='bbox 1404 1063 1441 1094; x_wconf 82' lang='lat' dir='ltr'><strong>et</strong></span> <span class='ocrx_word' id='word_1_275' title='bbox 1460 1058 1626 1103; x_wconf 69' lang='lat' dir='ltr'><strong>sanguine</strong></span> <span class='ocrx_word' id='word_1_276' title='bbox 1641 1060 1717 1103; x_wconf 89' lang='lat' dir='ltr'><strong>plu-</strong></span> 
     </span>
    </p>
   </div>
   <div class='ocr_carea' id='block_1_13' title="bbox 1009 1118 1742 2832">
    <p class='ocr_par' dir='ltr' id='par_1_16' title="bbox 1011 1118 1720 1415">
     <span class='ocr_line' id='line_1_53' title="bbox 1014 1118 1718 1153; baseline 0 -1"><span class='ocrx_word' id='word_1_277' title='bbox 1014 1119 1109 1153; x_wconf 83' lang='lat' dir='ltr'><strong>isse.’</strong></span> <span class='ocrx_word' id='word_1_278' title='bbox 1120 1119 1218 1152; x_wconf 88' lang='lat' dir='ltr'><strong>Idem</strong></span> <span class='ocrx_word' id='word_1_279' title='bbox 1230 1119 1291 1152; x_wconf 93' lang='lat' dir='ltr'><strong>lib.</strong></span> <span class='ocrx_word' id='word_1_280' title='bbox 1301 1128 1354 1151; x_wconf 84' lang='lat' dir='ltr'><strong>vr.</strong></span> <span class='ocrx_word' id='word_1_281' title='bbox 1362 1118 1453 1151; x_wconf 89' lang='lat' dir='ltr'><strong>Belli</strong></span> <span class='ocrx_word' id='word_1_282' title='bbox 1460 1119 1599 1152; x_wconf 86' lang='lat' dir='ltr'><strong>Maced.</strong></span> <span class='ocrx_word' id='word_1_283' title='bbox 1611 1119 1623 1139; x_wconf 79' lang='lat'><strong><em>⁴</em></strong></span> <span class='ocrx_word' id='word_1_284' title='bbox 1631 1119 1718 1152; x_wconf 83' lang='lat' dir='ltr'><strong>&#39;rer-</strong></span> 
     </span>
     <span class='ocr_line' id='line_1_54' title="bbox 1013 1169 1720 1211; baseline -0.001 -8"><span class='ocrx_word' id='word_1_285' title='bbox 1013 1170 1141 1203; x_wconf 75' lang='lat' dir='ltr'><strong>racIuae</strong></span> <span class='ocrx_word' id='word_1_286' title='bbox 1167 1172 1204 1202; x_wconf 88' lang='lat' dir='ltr'><strong>et</strong></span> <span class='ocrx_word' id='word_1_287' title='bbox 1227 1169 1400 1202; x_wconf 84' lang='lat' dir='ltr'><strong>Amiterni</strong></span> <span class='ocrx_word' id='word_1_288' title='bbox 1426 1169 1622 1203; x_wconf 79' lang='lat' dir='ltr'><strong>nuntiatum</strong></span> <span class='ocrx_word' id='word_1_289' title='bbox 1651 1173 1720 1211; x_wconf 78' lang='lat' dir='ltr'><strong>est,</strong></span> 
     </span>
     <span class='ocr_line' id='line_1_55' title="bbox 1011 1212 1715 1262; baseline 0 -10"><span class='ocrx_word' id='word_1_290' title='bbox 1011 1218 1187 1262; x_wconf 83' lang='lat' dir='ltr'><strong>lapidibus</strong></span> <span class='ocrx_word' id='word_1_291' title='bbox 1211 1219 1392 1262; x_wconf 87' lang='lat' dir='ltr'><strong>aliquando</strong></span> <span class='ocrx_word' id='word_1_292' title='bbox 1418 1212 1570 1262; x_wconf 68' lang='lat' dir='ltr'><strong>pluisse!</strong></span> <span class='ocrx_word' id='word_1_293' title='bbox 1615 1217 1715 1258; x_wconf 81' lang='lat' dir='ltr'><strong>Idem</strong></span> 
     </span>
     <span class='ocr_line' id='line_1_56' title="bbox 1013 1269 1717 1312; baseline 0.001 -9"><span class='ocrx_word' id='word_1_294' title='bbox 1013 1270 1076 1303; x_wconf 90' lang='lat' dir='ltr'><strong>lib.</strong></span> <span class='ocrx_word' id='word_1_295' title='bbox 1105 1278 1132 1303; x_wconf 76' lang='grc' dir='ltr'><strong>ι.</strong></span> <span class='ocrx_word' id='word_1_296' title='bbox 1174 1270 1404 1303; x_wconf 87' lang='lat' dir='ltr'><strong>‘Nuntiatum</strong></span> <span class='ocrx_word' id='word_1_297' title='bbox 1438 1269 1511 1312; x_wconf 73' lang='lat' dir='ltr'><strong>regi</strong></span> <span class='ocrx_word' id='word_1_298' title='bbox 1541 1269 1717 1312; x_wconf 73' lang='lat' dir='ltr'><strong>patribus·</strong></span> 
     </span>
     <span class='ocr_line' id='line_1_57' title="bbox 1013 1315 1717 1365; baseline 0.001 -11"><span class='ocrx_word' id='word_1_299' title='bbox 1013 1331 1082 1365; x_wconf 88' lang='lat' dir='ltr'><strong>que</strong></span> <span class='ocrx_word' id='word_1_300' title='bbox 1104 1325 1171 1363; x_wconf 83' lang='lat' dir='ltr'><strong>est,</strong></span> <span class='ocrx_word' id='word_1_301' title='bbox 1191 1322 1225 1354; x_wconf 87' lang='lat' dir='ltr'><strong>in</strong></span> <span class='ocrx_word' id='word_1_302' title='bbox 1247 1325 1364 1354; x_wconf 80' lang='lat' dir='ltr'><strong>monte</strong></span> <span class='ocrx_word' id='word_1_303' title='bbox 1390 1315 1525 1354; x_wconf 78' lang='lat' dir='ltr'><strong>Albano</strong></span> <span class='ocrx_word' id='word_1_304' title='bbox 1546 1321 1717 1365; x_wconf 70' lang='lat' dir='ltr'><strong>lapidibus</strong></span> 
     </span>
     <span class='ocr_line' id='line_1_58' title="bbox 1013 1373 1150 1415; baseline 0.007 -11"><span class='ocrx_word' id='word_1_305' title='bbox 1013 1373 1150 1415; x_wconf 82' lang='lat' dir='ltr'><strong>pluisse.</strong></span> 
     </span>
    </p>

    <p class='ocr_par' dir='ltr' id='par_1_17' title="bbox 1010 1421 1734 2527">
     <span class='ocr_line' id='line_1_59' title="bbox 1054 1421 1716 1464; baseline 0 -9"><span class='ocrx_word' id='word_1_306' title='bbox 1054 1426 1120 1455; x_wconf 76' lang='lat'><strong>409</strong></span> <span class='ocrx_word' id='word_1_307' title='bbox 1143 1423 1190 1454; x_wconf 78' lang='lat' dir='ltr'><strong>Et</strong></span> <span class='ocrx_word' id='word_1_308' title='bbox 1203 1421 1301 1454; x_wconf 78' lang='lat' dir='ltr'><strong>subiti</strong></span> <span class='ocrx_word' id='word_1_309' title='bbox 1316 1422 1441 1459; x_wconf 77' lang='lat' dir='ltr'><strong>Manes.</strong></span> <span class='ocrx_word' id='word_1_310' title='bbox 1457 1422 1651 1464; x_wconf 73' lang='lat' dir='ltr'><strong>flentumque</strong></span> <span class='ocrx_word' id='word_1_311' title='bbox 1664 1431 1716 1455; x_wconf 81' lang='lat' dir='ltr'><strong>oc-</strong></span> 
     </span>
     <span class='ocr_line' id='line_1_60' title="bbox 1011 1466 1734 1516; baseline 0.001 -11"><span class='ocrx_word' id='word_1_312' title='bbox 1011 1482 1121 1505; x_wconf 80' lang='lat' dir='ltr'><strong>cursus</strong></span> <span class='ocrx_word' id='word_1_313' title='bbox 1150 1472 1293 1513; x_wconf 76' lang='lat' dir='ltr'><strong>avorum]</strong></span> <span class='ocrx_word' id='word_1_314' title='bbox 1315 1472 1382 1504; x_wconf 88' lang='lat' dir='ltr'><strong>Vel</strong></span> <span class='ocrx_word' id='word_1_315' title='bbox 1407 1471 1496 1514; x_wconf 88' lang='lat' dir='ltr'><strong>quod</strong></span> <span class='ocrx_word' id='word_1_316' title='bbox 1524 1466 1576 1504; x_wconf 82' lang='lat' dir='ltr'><strong>ita</strong></span> <span class='ocrx_word' id='word_1_317' title='bbox 1599 1481 1654 1505; x_wconf 79' lang='lat' dir='ltr'><strong>res</strong></span> <span class='ocrx_word' id='word_1_318' title='bbox 1678 1482 1734 1516; x_wconf 51' lang='lat' dir='ltr'><strong>se⁴</strong></span> 
     </span>
     <span class='ocr_line' id='line_1_61' title="bbox 1010 1521 1716 1564; baseline 0 -9"><span class='ocrx_word' id='word_1_319' title='bbox 1010 1523 1150 1564; x_wconf 86' lang='lat' dir='ltr'><strong>habeat,</strong></span> <span class='ocrx_word' id='word_1_320' title='bbox 1166 1522 1221 1555; x_wconf 88' lang='lat' dir='ltr'><strong>vel</strong></span> <span class='ocrx_word' id='word_1_321' title='bbox 1236 1521 1327 1564; x_wconf 89' lang='lat' dir='ltr'><strong>quod</strong></span> <span class='ocrx_word' id='word_1_322' title='bbox 1350 1521 1385 1553; x_wconf 89' lang='lat' dir='ltr'><strong>in</strong></span> <span class='ocrx_word' id='word_1_323' title='bbox 1407 1521 1554 1564; x_wconf 80' lang='lat' dir='ltr'><strong>publicis</strong></span> <span class='ocrx_word' id='word_1_324' title='bbox 1577 1522 1716 1555; x_wconf 80' lang='lat' dir='ltr'><strong>calami·</strong></span> 
     </span>
     <span class='ocr_line' id='line_1_62' title="bbox 1012 1570 1716 1615; baseline -0.001 -8"><span class='ocrx_word' id='word_1_325' title='bbox 1012 1574 1142 1607; x_wconf 82' lang='lat' dir='ltr'><strong>tatibus</strong></span> <span class='ocrx_word' id='word_1_326' title='bbox 1153 1577 1264 1606; x_wconf 88' lang='lat' dir='ltr'><strong>metus</strong></span> <span class='ocrx_word' id='word_1_327' title='bbox 1276 1572 1348 1615; x_wconf 77' lang='lat' dir='ltr'><strong>ipse</strong></span> <span class='ocrx_word' id='word_1_328' title='bbox 1362 1572 1437 1605; x_wconf 66' lang='lat' dir='ltr'><strong>hue</strong></span> <span class='ocrx_word' id='word_1_329' title='bbox 1458 1570 1567 1605; x_wconf 85' lang='lat' dir='ltr'><strong>menti</strong></span> <span class='ocrx_word' id='word_1_330' title='bbox 1590 1571 1716 1606; x_wconf 76' lang='lat' dir='ltr'><strong>oculis·</strong></span> 
     </span>
     <span class='ocr_line' id='line_1_63' title="bbox 1011 1622 1717 1668; baseline 0 -10"><span class='ocrx_word' id='word_1_331' title='bbox 1011 1635 1079 1668; x_wconf 89' lang='lat' dir='ltr'><strong>que</strong></span> <span class='ocrx_word' id='word_1_332' title='bbox 1107 1625 1205 1668; x_wconf 84' lang='lat' dir='ltr'><strong>quasi</strong></span> <span class='ocrx_word' id='word_1_333' title='bbox 1233 1624 1381 1666; x_wconf 80' lang='lat' dir='ltr'><strong>ingerat.</strong></span> <span class='ocrx_word' id='word_1_334' title='bbox 1437 1622 1561 1656; x_wconf 77' lang='lat' dir='ltr'><strong>Refert</strong></span> <span class='ocrx_word' id='word_1_335' title='bbox 1584 1624 1652 1657; x_wconf 85' lang='lat' dir='ltr'><strong>Dio</strong></span> <span class='ocrx_word' id='word_1_336' title='bbox 1680 1625 1717 1658; x_wconf 80' lang='lat' dir='ltr'><strong>in</strong></span> 
     </span>
     <span class='ocr_line' id='line_1_64' title="bbox 1011 1674 1717 1718; baseline 0 -9"><span class='ocrx_word' id='word_1_337' title='bbox 1011 1677 1109 1714; x_wconf 79' lang='lat' dir='ltr'><strong>Tito,</strong></span> <span class='ocrx_word' id='word_1_338' title='bbox 1124 1680 1303 1709; x_wconf 87' lang='lat' dir='ltr'><strong>evomente</strong></span> <span class='ocrx_word' id='word_1_339' title='bbox 1319 1675 1471 1709; x_wconf 74' lang='lat' dir='ltr'><strong>flammas</strong></span> <span class='ocrx_word' id='word_1_340' title='bbox 1482 1674 1717 1718; x_wconf 74' lang='lat' dir='ltr'><strong>vesuvio,ho-</strong></span> 
     </span>
     <span class='ocr_line' id='line_1_65' title="bbox 1010 1725 1716 1770; baseline -0.001 -11"><span class='ocrx_word' id='word_1_341' title='bbox 1010 1727 1120 1759; x_wconf 87' lang='lat' dir='ltr'><strong>mines</strong></span> <span class='ocrx_word' id='word_1_342' title='bbox 1136 1727 1306 1769; x_wconf 78' lang='lat' dir='ltr'><strong>giganteae</strong></span> <span class='ocrx_word' id='word_1_343' title='bbox 1318 1756 1323 1770; x_wconf 44' lang='lat'>⁸</span> <span class='ocrx_word' id='word_1_344' title='bbox 1337 1725 1582 1766; x_wconf 76' lang='lat' dir='ltr'><strong>magnitudinis</strong></span> <span class='ocrx_word' id='word_1_345' title='bbox 1607 1726 1716 1759; x_wconf 85' lang='lat' dir='ltr'><strong>iuter-</strong></span> 
     </span>
     <span class='ocr_line' id='line_1_66' title="bbox 1013 1776 1717 1819; baseline 0 -9"><span class='ocrx_word' id='word_1_346' title='bbox 1013 1778 1072 1810; x_wconf 89' lang='lat' dir='ltr'><strong>diu</strong></span> <span class='ocrx_word' id='word_1_347' title='bbox 1097 1782 1270 1819; x_wconf 82' lang='lat' dir='ltr'><strong>noctuque</strong></span> <span class='ocrx_word' id='word_1_348' title='bbox 1300 1785 1362 1818; x_wconf 88' lang='lat' dir='ltr'><strong>per</strong></span> <span class='ocrx_word' id='word_1_349' title='bbox 1390 1777 1494 1809; x_wconf 83' lang='lat' dir='ltr'><strong>urbes</strong></span> <span class='ocrx_word' id='word_1_350' title='bbox 1522 1776 1717 1810; x_wconf 84' lang='lat' dir='ltr'><strong>oberrasse.</strong></span> 
     </span>
     <span class='ocr_line' id='line_1_67' title="bbox 1012 1826 1717 1871; baseline -0.001 -10"><span class='ocrx_word' id='word_1_351' title='bbox 1012 1829 1201 1871; x_wconf 82' lang='lat' dir='ltr'><strong>Dionysius</strong></span> <span class='ocrx_word' id='word_1_352' title='bbox 1230 1827 1463 1859; x_wconf 71' lang='lat' dir='ltr'><strong>Halicarnass.</strong></span> <span class='ocrx_word' id='word_1_353' title='bbox 1481 1826 1540 1860; x_wconf 86' lang='lat' dir='ltr'><strong>lib.</strong></span> <span class='ocrx_word' id='word_1_354' title='bbox 1556 1836 1642 1861; x_wconf 81' lang='lat' dir='ltr'><strong>vm.</strong></span> <span class='ocrx_word' id='word_1_355' title='bbox 1653 1827 1717 1860; x_wconf 71' lang='lat' dir='ltr'><strong>snb</strong></span> 
     </span>
     <span class='ocr_line' id='line_1_68' title="bbox 1011 1876 1718 1911; baseline 0.001 -1"><span class='ocrx_word' id='word_1_356' title='bbox 1011 1878 1115 1911; x_wconf 88' lang='lat' dir='ltr'><strong>finem</strong></span> <span class='ocrx_word' id='word_1_357' title='bbox 1131 1877 1251 1910; x_wconf 84' lang='lat' dir='ltr'><strong>scribit</strong></span> <span class='ocrx_word' id='word_1_358' title='bbox 1266 1878 1385 1909; x_wconf 81' lang='lat' dir='ltr'><strong>Romae</strong></span> <span class='ocrx_word' id='word_1_359' title='bbox 1407 1876 1512 1909; x_wconf 85' lang='lat' dir='ltr'><strong>multa</strong></span> <span class='ocrx_word' id='word_1_360' title='bbox 1532 1876 1718 1911; x_wconf 69' lang='lat' dir='ltr'><strong>observata</strong></span> 
     </span>
     <span class='ocr_line' id='line_1_69' title="bbox 1010 1926 1718 1972; baseline -0.001 -11"><span class='ocrx_word' id='word_1_361' title='bbox 1010 1929 1179 1972; x_wconf 84' lang='lat' dir='ltr'><strong>prodigia,</strong></span> <span class='ocrx_word' id='word_1_362' title='bbox 1208 1929 1362 1961; x_wconf 81' lang='lat' dir='ltr'><strong>Deorum</strong></span> <span class='ocrx_word' id='word_1_363' title='bbox 1398 1926 1484 1960; x_wconf 74' lang='lat' dir='ltr'><strong>iram</strong></span> <span class='ocrx_word' id='word_1_364' title='bbox 1508 1927 1718 1969; x_wconf 81' lang='lat' dir='ltr'><strong>portenden-</strong></span> 
     </span>
     <span class='ocr_line' id='line_1_70' title="bbox 1010 1977 1719 2020; baseline -0.003 -8"><span class='ocrx_word' id='word_1_365' title='bbox 1010 1980 1073 2020; x_wconf 84' lang='lat' dir='ltr'><strong>tia,</strong></span> <span class='ocrx_word' id='word_1_366' title='bbox 1084 1978 1264 2012; x_wconf 78' lang='lat' dir='ltr'><strong>exauditas</strong></span> <span class='ocrx_word' id='word_1_367' title='bbox 1285 1977 1515 2018; x_wconf 70' lang='lat' dir='ltr'><strong>inauspicatu</strong></span> <span class='ocrx_word' id='word_1_368' title='bbox 1541 1986 1647 2011; x_wconf 69' lang='lat' dir='ltr'><strong>voees</strong></span> <span class='ocrx_word' id='word_1_369' title='bbox 1664 1978 1719 2010; x_wconf 85' lang='lat' dir='ltr'><strong>in-</strong></span> 
     </span>
     <span class='ocr_line' id='line_1_71' title="bbox 1011 2027 1717 2067; baseline -0.003 -5"><span class='ocrx_word' id='word_1_370' title='bbox 1011 2034 1108 2062; x_wconf 83' lang='lat' dir='ltr'><strong>certo</strong></span> <span class='ocrx_word' id='word_1_371' title='bbox 1134 2032 1291 2067; x_wconf 83' lang='lat' dir='ltr'><strong>auctore,</strong></span> <span class='ocrx_word' id='word_1_372' title='bbox 1305 2027 1506 2060; x_wconf 70' lang='lat' dir='ltr'><strong>obversatus</strong></span> <span class='ocrx_word' id='word_1_373' title='bbox 1523 2028 1631 2060; x_wconf 82' lang='lat' dir='ltr'><strong>oculis</strong></span> <span class='ocrx_word' id='word_1_374' title='bbox 1655 2037 1717 2060; x_wconf 80' lang='lat' dir='ltr'><strong>no-</strong></span> 
     </span>
     <span class='ocr_line' id='line_1_72' title="bbox 1012 2077 1719 2123; baseline 0.003 -11"><span class='ocrx_word' id='word_1_375' title='bbox 1012 2090 1069 2114; x_wconf 80' lang='lat' dir='ltr'><strong>vas</strong></span> <span class='ocrx_word' id='word_1_376' title='bbox 1097 2084 1310 2123; x_wconf 70' lang='lat' dir='ltr'><strong>spectu-orum</strong></span> <span class='ocrx_word' id='word_1_377' title='bbox 1325 2077 1502 2119; x_wconf 46' lang='lat' dir='ltr'><strong>faeiemet</strong></span> <span class='ocrx_word' id='word_1_378' title='bbox 1515 2079 1591 2112; x_wconf 76' lang='lat' dir='ltr'><strong>boee</strong></span> <span class='ocrx_word' id='word_1_379' title='bbox 1609 2079 1719 2115; x_wconf 72' lang='lat' dir='ltr'><strong>oculi·</strong></span> 
     </span>
     <span class='ocr_line' id='line_1_73' title="bbox 1011 2129 1718 2175; baseline -0.004 -10"><span class='ocrx_word' id='word_1_380' title='bbox 1011 2137 1116 2175; x_wconf 86' lang='lat' dir='ltr'><strong>atque</strong></span> <span class='ocrx_word' id='word_1_381' title='bbox 1132 2130 1270 2164; x_wconf 80' lang='lat' dir='ltr'><strong>nuribus</strong></span> <span class='ocrx_word' id='word_1_382' title='bbox 1283 2130 1458 2162; x_wconf 84' lang='lat' dir='ltr'><strong>hominnm</strong></span> <span class='ocrx_word' id='word_1_383' title='bbox 1471 2138 1565 2171; x_wconf 78' lang='lat' dir='ltr'><strong>saepe</strong></span> <span class='ocrx_word' id='word_1_384' title='bbox 1586 2129 1718 2163; x_wconf 77' lang='lat' dir='ltr'><strong>oblata.</strong></span> 
     </span>
     <span class='ocr_line' id='line_1_74' title="bbox 1011 2179 1716 2216; baseline -0.004 -1"><span class='ocrx_word' id='word_1_385' title='bbox 1011 2184 1170 2216; x_wconf 83' lang='lat' dir='ltr'><strong>Lucanus</strong></span> <span class='ocrx_word' id='word_1_386' title='bbox 1185 2181 1246 2214; x_wconf 86' lang='lat' dir='ltr'><strong>lib.</strong></span> <span class='ocrx_word' id='word_1_387' title='bbox 1261 2189 1288 2214; x_wconf 75' lang='grc' dir='ltr'><strong>ι.</strong></span> <span class='ocrx_word' id='word_1_388' title='bbox 1330 2181 1341 2198; x_wconf 90' lang='lat'>‘</span> <span class='ocrx_word' id='word_1_389' title='bbox 1358 2179 1548 2212; x_wconf 78' lang='lat' dir='ltr'><strong>Venientes</strong></span> <span class='ocrx_word' id='word_1_390' title='bbox 1562 2180 1716 2213; x_wconf 71' lang='lat' dir='ltr'><strong>eominus</strong></span> 
     </span>
     <span class='ocr_line' id='line_1_75' title="bbox 1012 2229 1717 2276; baseline -0.006 -10"><span class='ocrx_word' id='word_1_391' title='bbox 1012 2232 1176 2266; x_wconf 72' lang='lat' dir='ltr'><strong>umbras:</strong></span> <span class='ocrx_word' id='word_1_392' title='bbox 1234 2229 1383 2263; x_wconf 80' lang='lat' dir='ltr'><strong>Ovidius</strong></span> <span class='ocrx_word' id='word_1_393' title='bbox 1411 2229 1508 2264; x_wconf 75' lang='lat' dir='ltr'><strong>Fast.</strong></span> <span class='ocrx_word' id='word_1_394' title='bbox 1537 2238 1580 2276; x_wconf 65' lang='grc' dir='ltr'><strong>μ.</strong></span> <span class='ocrx_word' id='word_1_395' title='bbox 1601 2253 1606 2255; x_wconf 60' lang='grc'><strong>»</strong></span> <span class='ocrx_word' id='word_1_396' title='bbox 1624 2229 1717 2262; x_wconf 82' lang='lat' dir='ltr'><strong>‘Vix</strong></span> 
     </span>
     <span class='ocr_line' id='line_1_76' title="bbox 1013 2279 1716 2327; baseline -0.007 -10"><span class='ocrx_word' id='word_1_397' title='bbox 1013 2283 1172 2327; x_wconf 90' lang='lat' dir='ltr'><strong>equidem</strong></span> <span class='ocrx_word' id='word_1_398' title='bbox 1188 2281 1295 2315; x_wconf 87' lang='lat' dir='ltr'><strong>credo</strong></span> <span class='ocrx_word' id='word_1_399' title='bbox 1311 2291 1320 2313; x_wconf 72' lang='grc' dir='ltr'><strong>ε</strong></span> <span class='ocrx_word' id='word_1_400' title='bbox 1342 2279 1453 2313; x_wconf 79' lang='lat' dir='ltr'><strong>bustis</strong></span> <span class='ocrx_word' id='word_1_401' title='bbox 1469 2279 1582 2313; x_wconf 71' lang='lat' dir='ltr'><strong>exisse</strong></span> <span class='ocrx_word' id='word_1_402' title='bbox 1597 2279 1716 2313; x_wconf 82' lang='lat' dir='ltr'><strong>ferun-</strong></span> 
     </span>
     <span class='ocr_line' id='line_1_77' title="bbox 1013 2330 1715 2374; baseline -0.007 -6"><span class='ocrx_word' id='word_1_403' title='bbox 1013 2339 1082 2374; x_wconf 89' lang='lat' dir='ltr'><strong>tur,</strong></span> <span class='ocrx_word' id='word_1_404' title='bbox 1103 2334 1151 2366; x_wconf 88' lang='lat' dir='ltr'><strong>Et</strong></span> <span class='ocrx_word' id='word_1_405' title='bbox 1170 2333 1289 2365; x_wconf 78' lang='lat' dir='ltr'><strong>taeitae</strong></span> <span class='ocrx_word' id='word_1_406' title='bbox 1300 2330 1420 2374; x_wconf 65' lang='lat' dir='ltr'><strong>questi</strong></span> <span class='ocrx_word' id='word_1_407' title='bbox 1431 2334 1587 2373; x_wconf 82' lang='lat' dir='ltr'><strong>tempore</strong></span> <span class='ocrx_word' id='word_1_408' title='bbox 1601 2332 1715 2364; x_wconf 78' lang='lat' dir='ltr'><strong>noetis</strong></span> 
     </span>
     <span class='ocr_line' id='line_1_78' title="bbox 1011 2380 1719 2426; baseline -0.006 -9"><span class='ocrx_word' id='word_1_409' title='bbox 1011 2385 1078 2418; x_wconf 81' lang='lat' dir='ltr'><strong>avi.</strong></span> <span class='ocrx_word' id='word_1_410' title='bbox 1101 2385 1241 2426; x_wconf 80' lang='lat' dir='ltr'><strong>Perque</strong></span> <span class='ocrx_word' id='word_1_411' title='bbox 1246 2382 1320 2415; x_wconf 81' lang='lat' dir='ltr'><strong>vias</strong></span> <span class='ocrx_word' id='word_1_412' title='bbox 1331 2380 1440 2422; x_wconf 83' lang='lat' dir='ltr'><strong>urbis,</strong></span> <span class='ocrx_word' id='word_1_413' title='bbox 1450 2380 1636 2424; x_wconf 72' lang='lat' dir='ltr'><strong>Latiosque</strong></span> <span class='ocrx_word' id='word_1_414' title='bbox 1644 2382 1719 2414; x_wconf 79' lang='lat' dir='ltr'><strong>nlu-</strong></span> 
     </span>
     <span class='ocr_line' id='line_1_79' title="bbox 1012 2430 1717 2477; baseline -0.007 -8"><span class='ocrx_word' id='word_1_415' title='bbox 1012 2437 1102 2469; x_wconf 83' lang='lat' dir='ltr'><strong>lasse</strong></span> <span class='ocrx_word' id='word_1_416' title='bbox 1131 2444 1196 2477; x_wconf 87' lang='lat' dir='ltr'><strong>per</strong></span> <span class='ocrx_word' id='word_1_417' title='bbox 1223 2443 1324 2476; x_wconf 74' lang='lat' dir='ltr'><strong>agro·</strong></span> <span class='ocrx_word' id='word_1_418' title='bbox 1358 2430 1544 2465; x_wconf 71' lang='lat' dir='ltr'><strong>Deforme·</strong></span> <span class='ocrx_word' id='word_1_419' title='bbox 1572 2430 1717 2473; x_wconf 73' lang='lat' dir='ltr'><strong>animas,</strong></span> 
     </span>
     <span class='ocr_line' id='line_1_80' title="bbox 1013 2482 1424 2527; baseline -0.013 -8"><span class='ocrx_word' id='word_1_420' title='bbox 1013 2488 1132 2527; x_wconf 84' lang='lat' dir='ltr'><strong>vulgus</strong></span> <span class='ocrx_word' id='word_1_421' title='bbox 1149 2486 1272 2525; x_wconf 89' lang='lat' dir='ltr'><strong>inane,</strong></span> <span class='ocrx_word' id='word_1_422' title='bbox 1282 2482 1424 2516; x_wconf 62' lang='lat' dir='ltr'><strong>ferunt!</strong></span> 
     </span>
    </p>

    <p class='ocr_par' dir='ltr' id='par_1_18' title="bbox 1009 2510 1742 2832">
     <span class='ocr_line' id='line_1_81' title="bbox 1056 2510 1715 2577; baseline -0.008 -8"><span class='ocrx_word' id='word_1_423' title='bbox 1056 2540 1121 2569; x_wconf 79' lang='lat'><strong>410</strong></span> <span class='ocrx_word' id='word_1_424' title='bbox 1143 2535 1318 2577; x_wconf 76' lang='lat' dir='ltr'><strong>Apollineae</strong></span> <span class='ocrx_word' id='word_1_425' title='bbox 1329 2531 1479 2575; x_wconf 69' lang='lat' dir='ltr'><strong>Cyrrhae]</strong></span> <span class='ocrx_word' id='word_1_426' title='bbox 1493 2510 1623 2575; x_wconf 67' lang='lat' dir='ltr'><strong>Cyn-rhu</strong></span> <span class='ocrx_word' id='word_1_427' title='bbox 1635 2531 1715 2565; x_wconf 83' lang='lat' dir='ltr'><strong>urbs</strong></span> 
     </span>
     <span class='ocr_line' id='line_1_82' title="bbox 1011 2582 1742 2626; baseline -0.008 -5"><span class='ocrx_word' id='word_1_428' title='bbox 1011 2587 1189 2621; x_wconf 85' lang='lat' dir='ltr'><strong>Phocidis.</strong></span> <span class='ocrx_word' id='word_1_429' title='bbox 1235 2584 1387 2626; x_wconf 72' lang='lat' dir='ltr'><strong>Tacioere]</strong></span> <span class='ocrx_word' id='word_1_430' title='bbox 1407 2582 1485 2615; x_wconf 83' lang='lat' dir='ltr'><strong>Hoc</strong></span> <span class='ocrx_word' id='word_1_431' title='bbox 1511 2582 1608 2625; x_wconf 81' lang='lat' dir='ltr'><strong>dicit,</strong></span> <span class='ocrx_word' id='word_1_432' title='bbox 1623 2583 1742 2626; x_wconf 79' lang='lat' dir='ltr'><strong>quia,·&#39;</strong></span> 
     </span>
     <span class='ocr_line' id='line_1_83' title="bbox 1010 2633 1714 2675; baseline -0.007 -4"><span class='ocrx_word' id='word_1_433' title='bbox 1010 2642 1051 2670; x_wconf 87' lang='lat' dir='ltr'><strong>ut</strong></span> <span class='ocrx_word' id='word_1_434' title='bbox 1064 2638 1114 2670; x_wconf 92' lang='lat' dir='ltr'><strong>ait</strong></span> <span class='ocrx_word' id='word_1_435' title='bbox 1129 2635 1329 2669; x_wconf 86' lang='lat' dir='ltr'><strong>Lactantius</strong></span> <span class='ocrx_word' id='word_1_436' title='bbox 1342 2633 1433 2675; x_wconf 82' lang='lat' dir='ltr'><strong>hic,</strong></span> <span class='ocrx_word' id='word_1_437' title='bbox 1424 2643 1459 2665; x_wconf 86' lang='lat' dir='ltr'><strong>m</strong></span> <span class='ocrx_word' id='word_1_438' title='bbox 1474 2633 1607 2674; x_wconf 77' lang='lat' dir='ltr'><strong>Cyri-ha</strong></span> <span class='ocrx_word' id='word_1_439' title='bbox 1618 2643 1714 2675; x_wconf 81' lang='lat' dir='ltr'><strong>pros-</strong></span> 
     </span>
     <span class='ocr_line' id='line_1_84' title="bbox 1009 2683 1713 2731; baseline -0.009 -10"><span class='ocrx_word' id='word_1_440' title='bbox 1009 2698 1094 2731; x_wconf 84' lang='lat' dir='ltr'><strong>pera</strong></span> <span class='ocrx_word' id='word_1_441' title='bbox 1108 2687 1282 2720; x_wconf 85' lang='lat' dir='ltr'><strong>dabantur</strong></span> <span class='ocrx_word' id='word_1_442' title='bbox 1296 2688 1428 2718; x_wconf 79' lang='lat' dir='ltr'><strong>tantum</strong></span> <span class='ocrx_word' id='word_1_443' title='bbox 1451 2683 1612 2724; x_wconf 60' lang='lat' dir='ltr'><strong>oraeulu</strong></span> <span class='ocrx_word' id='word_1_444' title='bbox 1634 2694 1713 2716; x_wconf 86' lang='lat' dir='ltr'><strong>nam</strong></span> 
     </span>
     <span class='ocr_line' id='line_1_85' title="bbox 1009 2734 1714 2776; baseline -0.004 -5"><span class='ocrx_word' id='word_1_445' title='bbox 1009 2739 1065 2772; x_wconf 85' lang='lat' dir='ltr'><strong>cui</strong></span> <span class='ocrx_word' id='word_1_446' title='bbox 1081 2736 1224 2771; x_wconf 85' lang='lat' dir='ltr'><strong>exitium</strong></span> <span class='ocrx_word' id='word_1_447' title='bbox 1239 2734 1454 2776; x_wconf 81' lang='lat' dir='ltr'><strong>imminebat,</strong></span> <span class='ocrx_word' id='word_1_448' title='bbox 1474 2734 1714 2768; x_wconf 77' lang='lat' dir='ltr'><strong>taciturnitate</strong></span> 
     </span>
     <span class='ocr_line' id='line_1_86' title="bbox 1010 2784 1540 2832; baseline -0.006 -9"><span class='ocrx_word' id='word_1_449' title='bbox 1010 2788 1131 2832; x_wconf 78' lang='lat' dir='ltr'><strong>templi</strong></span> <span class='ocrx_word' id='word_1_450' title='bbox 1146 2786 1283 2832; x_wconf 78' lang='lat' dir='ltr'><strong>penitus</strong></span> <span class='ocrx_word' id='word_1_451' title='bbox 1301 2784 1540 2820; x_wconf 77' lang='lat' dir='ltr'><strong>damnabatur.</strong></span> 
     </span>
    </p>
   </div>
  </div>
 </body>
</html>
