1846 3120
231 215 344 258 1320
726 225 765 256 P.
799 223 989 255 numu
1022 223 1187 256 s'rA'ru

274 318 446 360 cuperatis
473 316 670 358 corporibus
687 317 788 349 laetus
806 316 977 359 Amphion
993 326 1033 349 ea
1049 317 1093 349 ad
1115 327 1229 359 regem
1257 317 1416 360 remittit,
1434 318 1615 360 pergitque
1638 317 1686 350 ad

274 376 386 410 eastra
411 370 627 410 Argivorum,
641 369 693 400 his
719 369 956 410 insultaturus,
971 369 1191 402 monstrando
1218 370 1370 403 abscissa
1395 371 1525 413 Hoplei
1548 376 1585 404 et
1609 369 1685 412 Dy·
1797 396 1804 406 .
1826 357 1842 376 ’Δ

273 424 396 455 mantis
420 422 546 463 capita.
590 421 658 453 Sed
684 426 722 454 ut
739 422 824 454 vidit
849 427 957 455 totum
979 432 1135 464 campum
1157 424 1321 464 sanguine
1343 424 1513 464 inundari,
1536 434 1687 468 suosque
1802 375 1846 493 ἐ

275 477 467 518 promiscue
482 485 601 516 caesos,
615 479 713 507 tanto
729 481 868 517 stupore
884 479 920 508 et
941 477 1082 508 horrore
1104 476 1302 518 corripitur,
1317 481 1355 509 ut
1370 475 1481 519 ipsum
1496 486 1563 510 vox
1579 477 1685 510 visus·
1821 475 1845 526 ’ξ

273 540 340 571 que
354 539 393 561 ac
410 529 499 561 vires
514 527 690 571 deficiant,
704 533 742 562 et
758 539 864 571 equus
881 528 1004 572 sponte
1018 536 1136 562 versus
1153 530 1287 562 Thebas
1308 530 1450 575 repetit,
1462 528 1616 572 fugiente
1638 531 1684 565 si-

273 583 401 615 militer
415 582 566 624 equitum
583 588 706 615 turma.
749 583 848 615 Tunc
863 582 994 626 Argivi,
1010 583 1128 615 audita
1149 588 1266 625 strage
1282 594 1302 615 a
1317 583 1564 618 Thiodamante
1577 583 1683 627 faeta,

275 636 399 668 castris
415 639 648 677 erumpentes,
663 646 725 677 per
744 636 897 669 membra
911 641 1014 678 atque
1036 646 1128 669 arma
1146 637 1347 679 jacentium,
1359 637 1493 670 Thebas
1509 637 1685 680 advolant,

275 698 464 730 eorumque
494 689 631 730 plurimi
661 688 814 721 hostibus
843 689 935 721 misti
958 689 1076 722 urbem
1102 690 1244 723 intrant.
1288 691 1404 723 Portis
1430 700 1522 733 aegre
1547 691 1685 731 clausis,

276 743 357 775 urbs
372 742 662 783 circumvallatur,
677 737 714 775 et
728 741 1015 775 machinationum
1032 742 1124 775 omni
1140 752 1266 784 genere
1282 748 1511 785 oppugnatur.
1555 743 1685 777 Territi

277 797 369 828 cives
386 795 524 827 Tiresiae
541 804 641 835 opem
665 795 860 835 implorant,
876 795 933 836 qui
959 795 1072 836 ignem
1099 805 1203 837 super
1227 805 1301 828 aras
1325 795 1467 829 accendi
1484 796 1599 839 jubet,
1613 801 1650 830 et
1662 799 1692 829 θ’

276 849 379 890 signis
403 847 563 886 flammae,
578 847 643 879 sibi
667 858 687 879 a
702 849 824 880 Manto
847 848 915 880 filia
935 848 1064 889 relatis,
1088 848 1242 881 declarat
1263 849 1428 891 sanguine
1450 849 1596 882 humano
1611 850 1684 891 pla-

276 900 421 933 candum
447 900 573 932 Martis
597 901 804 942 Draconem,
818 900 1040 942 ultimumque
1057 910 1099 933 ex
1120 901 1211 933 illius
1238 910 1364 942 genere
1387 902 1608 943 superstitem
1624 903 1684 935 im-

275 952 490 985 molandum:
513 953 579 985 hac
606 954 678 985 sola
703 952 901 986 conditione
925 953 1043 985 urbem
1067 959 1239 986 servatum
1254 954 1308 987 iri.
1352 954 1464 987 Creon
1479 955 1535 997 qui
1551 953 1686 992 aderat,

275 1008 337 1039 hoc
353 1005 503 1046 oraculo,
519 1015 585 1047 quo
600 1006 814 1038 Menoeeeuni
830 1005 938 1039 filium
960 1006 1056 1049 posci
1071 1006 1179 1047 videt,
1203 1012 1363 1050 tanquam
1379 1007 1520 1040 fulmine
1534 1007 1686 1050 pereuti-

275 1065 345 1100 tur,
360 1063 397 1091 et
412 1063 526 1091 vatem
542 1059 687 1092 reticere
703 1059 871 1092 incassum
888 1064 998 1102 rogat.
1042 1060 1141 1093 Tunc
1156 1062 1322 1103 temporis
1339 1061 1540 1094 Menoeceus
1555 1061 1589 1094 iu
1613 1069 1685 1093 me-

276 1114 334 1145 dia
349 1113 424 1146 acie
439 1113 592 1154 ingentia
607 1113 734 1145 edebat
750 1112 916 1146 facinora.
961 1114 1040 1146 Dea
1054 1113 1172 1146 Virtus
1189 1114 1274 1146 coelo
1289 1114 1443 1155 delapsa,
1457 1118 1568 1146 sumto
1583 1113 1683 1146 Man-

277 1172 334 1199 tus
350 1167 461 1207 vultu,
476 1167 565 1200 hunc
590 1166 675 1208 adit,
701 1167 800 1209 eique
826 1173 965 1200 narrato
990 1167 1129 1200 oraculo
1154 1167 1299 1210 inspirat
1319 1165 1515 1209 cupidinem
1537 1167 1685 1209 glorios·

275 1223 386 1252 morte
411 1229 448 1251 se
473 1229 537 1261 pro
565 1219 678 1261 patria
702 1219 906 1252 devovendi.
950 1219 1029 1252 Hoc
1054 1212 1195 1252 consilio
1220 1220 1254 1252 in
1281 1219 1399 1253 urbem
1423 1220 1623 1262 revertitur,
1647 1224 1684 1252 et

276 1273 372 1305 eluso
387 1277 498 1315 patre,
514 1283 614 1314 quem
630 1272 768 1306 obvium
783 1272 963 1315 habuerat,
977 1273 1104 1315 qquue
1119 1274 1150 1305 ei
1166 1272 1268 1306 iidem
1283 1273 1419 1306 oraculo
1435 1264 1598 1305 adhibere
1614 1272 1684 1306 dis-

275 1326 457 1366 suadebat,
474 1326 696 1358 editissimam
713 1331 842 1359 turrem
859 1326 1073 1368 conscendit,
1089 1325 1239 1369 fusisque
1252 1326 1295 1359 ad
1309 1326 1406 1359 Deos
1422 1326 1595 1369 precibus,
1608 1326 1686 1359 red·

276 1380 400 1412 derent
414 1388 474 1411 sua
494 1383 604 1412 morte
627 1378 802 1412 Thebanis
824 1379 964 1421 templa,
981 1389 1095 1421 agros,
1106 1379 1238 1420 domos,
1251 1389 1388 1421 uxores,
1403 1383 1440 1412 et
1459 1379 1600 1433 liberps,
1612 1389 1683 1413 me-

275 1432 333 1465 dio
349 1436 490 1473 pectore
506 1431 572 1463 sibi
596 1431 711 1473 gladio
735 1430 937 1469 transfosso,
955 1431 988 1463 in
1005 1431 1152 1464 mediam
1167 1431 1371 1474 Argivorum
1387 1432 1492 1466 aciem
1509 1441 1546 1465 se
1561 1433 1684 1474 praeci-

276 1486 383 1527 pitem
410 1486 495 1526 egit.
540 1485 673 1526 Corpus
697 1485 772 1527 ejus
795 1485 888 1517 nullo
911 1484 1029 1517 labore
1055 1490 1292 1527 recuperatur,
1304 1485 1507 1518 cedentibus
1530 1485 1619 1518 ultro
1641 1494 1682 1518 ae

276 1549 352 1571 cum
367 1538 588 1571 veneratione
604 1538 755 1580 Argivis.
801 1538 845 1571 In
866 1538 986 1571 urbem
1005 1543 1164 1580 portatur
1183 1547 1259 1570 cum
1274 1538 1412 1570 summis
1434 1537 1632 1580 honeribus,
1646 1542 1684 1571 et

275 1602 378 1633 supra
391 1591 557 1624 Cadmum
571 1596 609 1624 et
623 1591 850 1633 Amphionem
863 1591 1021 1624 laudibus
1037 1591 1225 1624 extollitur.
1265 1590 1409 1624 Interim
1426 1590 1619 1633 Capaneus,
1632 1591 1682 1624 in-

276 1646 372 1687 genti
386 1645 624 1678 Thebanorum
640 1644 858 1678 multitudine
883 1644 1010 1685 occisa,
1023 1654 1127 1677 morae
1149 1644 1348 1688 impatiens,
1368 1644 1470 1677 scalis
1486 1643 1632 1679 admotis
1647 1644 1683 1678 in

276 1708 390 1731 muros
405 1698 553 1739 evadere
567 1698 705 1739 nititur,
717 1703 755 1731 et
766 1698 850 1731 licet
865 1698 1015 1740 undique
1029 1698 1109 1732 telis
1123 1698 1360 1740 lapidibusque
1371 1706 1414 1730 ae
1429 1698 1563 1740 sagittis
1577 1697 1683 1740 impe-

276 1755 424 1792 teretur,
439 1750 560 1784 turrim
581 1753 782 1792 exsuperat,
801 1753 838 1783 et
857 1751 937 1783 hinc
952 1750 1085 1792 lapides
1099 1760 1142 1783 ex
1157 1751 1232 1793 ipsa
1245 1754 1342 1783 turre
1357 1747 1493 1783 avulsos
1505 1750 1540 1785 in
1555 1751 1684 1793 templa

276 1811 312 1837 et
327 1804 444 1837 domos
460 1804 542 1845 ruit,
557 1808 594 1836 et
609 1803 729 1836 urbem
742 1803 822 1836 —suis
844 1803 1009 1839 moenibus
1022 1802 1164 1846 frangit.
1207 1804 1335 1836 Verum
1349 1811 1416 1837 nou
1432 1807 1611 1837 contentus
1625 1804 1685 1836 be-

278 1859 425 1893 minibus
441 1858 619 1898 insultare,
635 1858 776 1900 Superis
791 1857 875 1900 ipsis
889 1857 1016 1890 bellum
1037 1857 1170 1899 indicit,
1184 1858 1362 1901 ipsumque
1381 1857 1505 1892 Jovem
1524 1857 1558 1889 in
1571 1862 1685 1890 certa·

277 1923 356 1946 men
383 1916 562 1955 provocat.
605 1911 775 1944 Omnibus
801 1910 876 1943 Diis
901 1910 1139 1951 frementibus,
1153 1911 1293 1953 Jupiter
1315 1910 1397 1943 totis
1419 1910 1548 1944 viribus
1570 1911 1606 1944 in
1621 1911 1682 1946 iut-

277 1967 371 2009 pium
392 1965 520 1998 fulmen
536 1966 723 2007 jaculatur.
768 1964 890 1997 Manet
904 1964 962 1996 ille
977 1964 1240 2007 imperterritus.
1281 1964 1432 1998 Tandem
1447 1971 1592 2008 corpore
1607 1965 1683 2007 ejus

278 2021 312 2052 vi
334 2019 485 2052 fulminis
511 2019 658 2051 cedente
672 2017 766 2051 efflat
780 2019 939 2060 animam,
962 2019 1058 2052 vultu
1074 2018 1109 2050 in
1126 2018 1248 2051 coelum
1264 2017 1427 2052 ferociter
1447 2016 1627 2059 converso,
1647 2025 1684 2051 et

279 2073 390 2112 adhuc
405 2073 512 2105 minas
526 2072 602 2106 Diis
616 2072 801 2105 intentans.

763 2195 1144 2205 ,m

764 2206 1150 2227 m

237 2278 458 2337 Onnum
479 2279 704 2348 Hesperia
724 2293 942 2335 Phoebum
962 2305 1052 2335 nox
1071 2274 1258 2335 humida*
1271 2296 1413 2351 porta,

237 2362 446 2417 Imperiis
467 2365 705 2418 properata
725 2360 756 2403 J
759 2361 880 2404 ovis:
910 2373 993 2403 nec
1012 2364 1158 2403 castra
1178 2360 1416 2415 Pelasgum

281 2475 359 2507 Nox
380 2474 486 2516 uvida,
501 2474 659 2514 festinata
675 2473 769 2513 jussu
789 2474 893 2514 Josis,
912 2473 1004 2505 solem
1024 2472 1130 2505 condit
1157 2472 1353 2505 occidentali
1364 2476 1459 2515 porta
1469 2483 1482 2511 ,·
1503 2483 1558 2506 nec
1570 2473 1621 2506 ille
1636 2477 1683 2505 est

841 2556 1078 2570 OOOOOONOOOO

279 2626 358 2659 Hoc
372 2624 620 2667 Argumentum
635 2623 798 2656 exhibent
819 2624 958 2657 Behott.
973 2626 1004 2655 1.
1019 2626 1052 2655 2.
1070 2632 1155 2655 unus
1169 2622 1290 2656 Barth.
1308 2623 1468 2663 Laetam.
1491 2623 1634 2658 Veneti.
1650 2625 1684 2659 3..

237 2672 270 2702 4.
286 2669 382 2701 Rom.
400 2667 627 2708 Lindenbrog.
639 2668 740 2700 Cruc.
756 2672 791 2699 et
806 2666 927 2699 Barth.

622 2710 765 2747 Quatuor
777 2710 902 2752 afflictis
913 2708 1054 2741 Ducibus
1055 2708 1180 2750 fiducia
1193 2707 1266 2740 belli

578 2752 717 2785 Sidoniis
727 2754 850 2795 crescit,
866 2752 1033 2789 Graiorum
1046 2751 1183 2784 obsidere
1196 2754 1309 2783 castra.
