1858 3112
317 207 432 251 1664

319 313 408 346 libro
423 322 503 345 xrv.
520 313 640 355 Epigr.
655 312 785 355 penult.
816 312 937 345 ‘Mille
952 312 1016 344 tibi

319 363 436 396 dulces
465 372 606 404 operum
636 372 753 398 manus
791 363 860 394 ista
888 362 1015 403 figuras

310 413 495 464 ⁸Ertstruet,
530 411 608 444 huic
643 412 701 444 uni
736 422 840 454 parca
881 413 1016 444 laborat

307 461 416 504 tapis!
453 462 500 493 Et
516 462 593 503 quia
608 462 712 494 certis
728 461 834 504 signis
849 471 910 494 seu
925 461 1016 507 ιιιίςίἰ-μ

320 513 361 545 lis
397 512 559 553 imagines
598 512 666 544 illae
715 512 794 554 pani
839 512 1015 553 impressae

321 565 430 599 erant,
454 561 531 595 ideo
551 562 627 594 haec
650 571 792 594 munera
808 565 818 580 ‘
831 561 994 602 sigillaria
1006 561 1016 577 ’

320 610 415 643 dicta
429 615 521 644 sunt.
564 612 707 652 Seneca,
722 612 833 654 Epist.
845 613 898 644 12.
921 612 931 630 ‘
943 611 1018 652 Ego

321 671 395 693 snm
410 661 552 702 Felicio,
566 662 620 694 cui
636 662 768 694 solebas
782 660 944 702 sigillaria
959 661 1019 692 ad-

319 710 436 744 ἔατε-3
457 712 660 754 Spartianus
671 712 706 743 in
722 711 897 743 Hadriano
912 721 920 742 :
937 715 946 728 ‘
958 710 1019 743 Sa-

322 762 470 795 turnalia
485 767 520 795 et
536 762 702 804 sigillaria
723 761 925 804 frequenter
935 761 1019 792 ami-

322 813 371 847 cis
396 813 650 854 inopinantibus
680 801 784 853 misiP,
808 816 846 844 et
871 812 946 853 ipse
976 811 1019 843 ab

319 862 373 894 eis
392 862 542 901 libenter
568 862 724 904 aceepit!
759 863 900 894 Sueton.
920 861 1020 893 Clau-

322 911 402 944 dio:
424 912 435 929 ‘
449 911 492 944 Id
514 913 621 944 solum
645 912 811 945 codicillis
833 911 1022 952 rescripsit,

323 961 549 1003 quadraginta
564 973 685 995 aureos
706 963 740 995 in
762 961 959 995 Saturnalia
973 965 1021 994 -et

323 1012 487 1052 sigillaria
515 1023 552 1046 se
585 1013 716 1046 misisse
752 1012 809 1045 ei!
854 1011 922 1044 Alii
958 1020 1020 1053 pro

326 1061 429 1095 Caioli
443 1063 560 1103 legunt
576 1063 710 1103 Caseoli,
725 1067 761 1095 et
778 1072 838 1104 pro
857 1063 1021 1102 laguncu-

322 1112 358 1153 li,
372 1122 449 1144 cnm
459 1113 616 1145 Tui-nebo
627 1114 769 1153 malunt,
779 1112 944 1151 lucunculi,
956 1112 1021 1143 hoc

322 1161 444 1193 modo:
482 1162 596 1194 Molles
635 1162 758 1202 caseoli,
795 1162 1021 1203 lucunculique.

324 1211 415 1245 Qum
445 1213 616 1245 sententia
646 1213 832 1255 rejicienda
860 1223 926 1245 non
956 1216 1021 1245 est.

323 1261 414 1294 Nam
429 1262 500 1294 scio
520 1272 656 1295 caseum
679 1264 782 1296 etiam
803 1261 908 1295 fuisse
931 1263 1023 1294 inter

324 1311 413 1344 dona
443 1314 668 1346 saturnalitia.
712 1314 803 1345 Hinc
833 1320 948 1345 noster
970 1322 1021 1345 xv.

324 1362 415 1404 Sylv.
432 1363 515 1395 Risu
531 1364 669 1396 Saturn.
693 1366 702 1382 ‘
717 1363 747 1396 N
753 1373 797 1396 on
822 1364 870 1395 sal
893 1373 1023 1405 oxypo-

323 1421 456 1452 rumve,
470 1413 656 1448 caseusve.'
691 1413 925 1445 Lucnnculum
941 1422 1023 1445 vero

325 1463 429 1496 etiam
441 1463 547 1496 fuisse
562 1465 653 1496 inter
669 1464 811 1501 bellaria
826 1468 863 1496 et
879 1463 1025 1505 cupedia

325 1514 450 1556 probat
476 1513 642 1556 Apuleius
661 1515 760 1548 Asini
781 1515 842 1547 lib.
866 1523 903 1547 x.
929 1515 938 1532 ‘
956 1514 1024 1546 Hic

324 1572 445 1604 panes,
472 1566 638 1605 crustula,
664 1565 872 1605 lucunculos,
897 1564 1026 1606 hamos,

324 1613 523 1655 lacertulos,
536 1615 634 1655 plura
648 1616 854 1647 scitamenta
869 1613 1023 1646 mellita.¹

309 1662 510 1698 'Afraniusz
532 1668 542 1682 ‘
558 1665 685 1697 Pistori
701 1675 763 1697 cur
779 1675 859 1704 non,
875 1674 936 1696 cur
957 1674 1025 1696 non

327 1713 547 1754 scriblitario,
574 1715 624 1746 Ut
659 1715 775 1747 mittat
804 1714 921 1747 fratris
953 1714 1024 1746 filio

326 1763 558 1796 lucunculos?’
583 1766 715 1798 Gevart.

371 1816 413 1845 18
436 1814 483 1846 Et
496 1816 608 1847 nuassis
622 1815 773 1847 Amerina
795 1825 855 1846 non
873 1813 1024 1855 penatis]

328 1864 436 1905 Pyra,
445 1874 488 1896 ex
501 1864 641 1896 Ameria
652 1866 762 1897 ltaliae
773 1864 911 1906 oppido,
923 1863 1025 1895 Ame-

327 1913 404 1945 rina
419 1913 524 1954 dicta,
543 1919 582 1946 ut
603 1915 799 1954 Picentina,
816 1919 852 1946 et
873 1915 1026 1947 Numan-

327 1963 412 2003 tina,
427 1963 482 1995 hic
506 1963 716 2006 intelligunt.
760 1964 826 1996 Sed
848 1974 923 2005 quae
947 1966 1027 1995 sunt

327 2013 398 2045 illae
414 2015 424 2031 ‘
436 2022 556 2046 massae
568 2013 577 2028 ⁹
592 2014 625 2045 in
643 2015 736 2055 pyris
752 2019 788 2046 et
800 2014 931 2055 pomis?
948 2013 1026 2044 Pla·

328 2067 386 2094 cet
401 2062 529 2099 clariss.
560 2063 694 2097 Heinsii
719 2064 828 2095 nostri
853 2062 1027 2103 conjectu-

329 2121 390 2143 ra:
424 2112 472 2144 Et
492 2112 595 2153 passis
617 2113 769 2146 Amerina
792 2123 861 2145 cum
879 2112 1028 2154 perustis.

328 2162 490 2202 Veteres,
501 2163 511 2180 ‘
522 2172 620 2195 uvam
633 2163 785 2204 passam,’
797 2173 895 2195 uvam
911 2163 921 2180 ‘
930 2163 1028 2194 adus-

329 2215 399 2244 tam
413 2212 422 2226 ¹
438 2217 576 2253 vocant,
590 2214 669 2255 quia
684 2213 892 2254 expanditur
907 2212 942 2244 in
957 2212 1028 2244 sole

329 2266 367 2294 et
381 2262 581 2295 amburitur.
605 2263 707 2296 Idem.

374 2315 415 2345 19
437 2314 483 2346 Et
510 2317 695 2354 mustaceus,
724 2318 756 2346 et
783 2315 900 2346 latente
925 2314 1030 2355 palma

329 2363 540 2403 Praegnantes
550 2365 723 2406 caryotides
732 2364 895 2405 cadebant]
918 2363 1028 2396 Valde

329 2413 385 2449 hic
406 2414 531 2447 sudant
552 2415 615 2447 viri
641 2415 750 2455 docti,
765 2415 844 2446 dum
870 2417 1030 2456 quaerunt

331 2472 394 2495 cur
404 2463 531 2503 Poeta,
539 2464 713 2506 caryotides
725 2464 840 2496 latente
847 2464 961 2504 palma,
972 2472 1028 2495 ce-

330 2512 455 2544 cidisse
470 2514 528 2546 ait.
552 2515 748 2547 Domitius:
772 2518 781 2532 ⁴
793 2513 1028 2555 Videbamus,'

330 2561 454 2603 inquit,
474 2563 619 2596 ‘cadere
642 2564 850 2605 caryotides,
872 2565 1028 2605 ignoran-

329 2614 383 2644 tes
399 2612 535 2644 ubinam
552 2618 642 2645 esset
659 2614 772 2655 palma
787 2614 887 2646 arbor
902 2624 946 2646 ex
963 2623 1030 2655 qua

330 2661 558 2697 deciderent!
598 2664 816 2705 Dispeream,
828 2665 858 2697 si
874 2664 955 2706 quid
969 2673 1029 2696 un-

331 2721 432 2755 quam
446 2713 481 2745 in
497 2713 567 2745 vita
580 2713 649 2755 legi
670 2713 837 2754 frigidius,
858 2719 919 2746 ant
934 2714 1030 2754 inep-

331 2762 414 2799 tius.
457 2762 646 2796 Politianus
659 2766 691 2795 6.
707 2763 890 2806 Epistolar.
906 2763 948 2796 ad
964 2764 1031 2796 Be-

771 217 913 250 No'rAE
945 216 1007 249 vA
1017 216 1209 251 molum
1242 219 1296 251 m

1064 312 1173 345 roald.
1217 313 1548 348 Commentariorum
1585 309 1760 352 Caldeffl

1065 362 1302 399 Aristarchum
1317 373 1434 405 agens,
1459 364 1509 396 ait
1522 364 1671 399 smiun
1684 364 1763 400 dia-

1063 412 1130 443 isse
1154 413 1268 444 latente
1292 414 1407 454 palm,
1433 423 1504 454 prae
1524 406 1764 456 saiwands-a

1063 462 1138 504 ipsa
1151 462 1376 505 dactylorum.
1411 464 1521 497 Quam
1535 463 1696 500 Politiani
1711 464 1762 500 ia-

1065 514 1353 554 terpretutionem¹
1374 513 1576 549 Bernartius
1599 513 1681 549 sibu
1701 523 1765 549 no·

1065 561 1100 593 vi
1129 562 1315 603 inveniens,
1351 563 1527 604 amplexus
1549 568 1623 600 est,
1664 563 1764 600 Alina

1066 611 1145 643 dum
1161 612 1270 646 locum
1283 612 1386 645 etiam
1401 622 1468 645 uon
1481 613 1591 655 capit,
1605 614 1765 657 perplexi

1066 661 1185 693 nescio
1198 661 1279 703 quid
1296 663 1488 703 concinnat,
1505 663 1610 706 quod,
1624 673 1694 697 non
1710 664 1763 698 vi-

1066 720 1155 748 vam,
1186 712 1213 743 si
1254 711 1400 753 ipsemet
1436 713 1658 749 intellexerit.
1701 713 1765 747 Ait

1067 760 1157 793 enim
1186 761 1387 801 Caryotides
1412 763 1540 803 lateuoe,
1569 771 1612 798 an
1636 766 1764 805 patente

1062 813 1169 853 palma
1183 813 1321 852 eadere,
1336 812 1408 846 fere
1423 813 1473 853 its
1487 813 1616 850 dictum
1627 823 1716 853 esso,
1725 818 1766 847 nt

1068 862 1159 903 apud
1173 863 1401 904 Theognidem
1417 863 1462 896 de
1484 864 1615 899 hrono
1635 863 1765 906 Apolli-

1068 922 1145 944 nem
1160 917 1196 945 et
1212 913 1360 946 Dianam
1383 913 1484 946 enixa
1506 913 1663 947 canitur:
1695 912 1766 947 sot,

1068 973 1148 996 umor
1163 963 1294 1004 ῥαδιναῖς
1314 963 1423 1007 χερᾳὶν
1439 962 1651 1005 ἐφη-τομὴ.
1687 964 1767 998 Pd-

1067 1014 1441 1047 manutenet-ammanitas
1450 1015 1638 1056 amma.
1659 1013 1766 1057 Equi·

1069 1063 1147 1096 dem
1163 1064 1340 1105 imaginari
1364 1074 1431 1109 πρυ
1453 1073 1590 1106 possum
1603 1072 1671 1107 qna
1683 1064 1766 1097 rati·

1070 1123 1135 1146 one
1162 1114 1218 1146 hic
1245 1123 1361 1146 versus
1382 1114 1540 1156 Statiano
1563 1113 1608 1147 ait
1635 1113 1767 1147 similis.

1068 1162 1131 1196 Ait
1144 1164 1310 1204 Theognis
1325 1164 1490 1199 Latonam
1506 1164 1628 1206 palm
1651 1164 1768 1199 arbori

1070 1207 1222 1246 inniiam
1252 1215 1427 1256 peperisse
1439 1207 1662 1256 ‘Apollinems
1683 1214 1767 1257 qnid

1068 1264 1134 1295 hoc
1148 1263 1191 1295 ad
1207 1264 1306 1298 Statii
1321 1265 1491 1298 mentem?
1533 1263 1583 1298 At
1597 1264 1680 1308 quin
1705 1274 1767 1306 po-

1071 1314 1140 1346 tius
1155 1314 1206 1346 his
1228 1315 1360 1347 omissis
1380 1319 1531 1347 nostram
1551 1315 1770 1356 proponimus

1072 1366 1276 1399 sententiam
1288 1366 1300 1397 ?
1312 1366 1454 1401 Romani
1468 1367 1547 1399 olim
1562 1366 1597 1399 in
1605 1367 1771 1399 Saturna·

1072 1415 1174 1455 libus,
1190 1425 1267 1457 quae
1286 1415 1342 1447 bic
1364 1415 1530 1449 describit
1542 1412 1697 1455 'stau-u,
1710 1423 1768 1448 ca-

1073 1465 1228 1506 ryotides
1243 1465 1427 1498 etiamnum
1442 1465 1476 1497 in
1498 1465 1600 1498 ramis
1620 1475 1642 1498 a
1655 1465 1770 1506 palma

1073 1514 1193 1548 arbore
1209 1516 1363 1558 abruptis
1371 1516 1606 1558 dependentes
1617 1516 1684 1548 sibi
1697 1525 1770 1548 mu·

1073 1570 1134 1599 tuo
1149 1567 1377 1599 missitabant.
1420 1568 1495 1600 Hos
1516 1572 1632 1599 autem
1654 1566 1770 1599 termi-

1074 1620 1126 1649 tes
1162 1616 1394 1659 caryotidibns
1430 1622 1584 1658 onustos,
1621 1625 1691 1649 non
1719 1617 1770 1648 ia-

1074 1672 1244 1709 comptos,
1259 1672 1295 1699 et
1317 1668 1433 1709 quales
1447 1676 1492 1699 ex
1513 1668 1625 1708 palma
1649 1666 1770 1699 decer-

1073 1717 1254 1759 pebantur,
1268 1717 1466 1758 mittebant,
1479 1717 1539 1749 sed
1553 1716 1643 1749 omni
1657 1721 1771 1759 parte,

1074 1777 1180 1799 aureo
1196 1766 1341 1809 quodam
1356 1777 1456 1799 succo
1474 1767 1650 1799 bracteato
1663 1766 1771 1799 obdia«

1075 1817 1211 1857 cebant,
1239 1827 1279 1850 ac
1308 1817 1510 1850 illinebant=
1551 1815 1773 1858 quemadmo-

1075 1867 1154 1898 dum
1170 1871 1206 1899 et
1220 1867 1310 1908 apud
1327 1876 1388 1899 nos
1403 1866 1502 1898 moris
1518 1870 1583 1899 >est
1605 1866 1641 1898 in
1661 1865 1772 1897 solen-

1075 1916 1172 1947 nibus
1194 1916 1305 1958 epulis
1331 1916 1460 1948 mellita
1483 1914 1624 1948 bellaria
1659 1914 1771 1948 aureis

1076 1965 1187 1999 succis
1203 1964 1421 2007 perfundere.
1444 1965 1600 1997 Martial.
1614 1964 1675 1997 lib.
1688 1972 1774 1997 xm.

1076 2015 1177 2056 Epig.
1193 2018 1248 2047 26.
1272 2015 1330 2048 ubi
1350 2015 1542 2056 spathalion
1556 2017 1773 2055 caryotarum

1077 2065 1263 2098 describit:
1300 2067 1310 2084 ‘
1322 2065 1439 2098 Aurea
1477 2065 1663 2107 porr-igitur
1690 2063 1773 2098 Jani

1077 2121 1218 2157 caryota
1232 2116 1406 2155 Calendis,
1415 2115 1484 2148 Sed
1502 2121 1616 2148 tamen
1627 2116 1690 2149 boc
1700 2123 1773 2146 mn-

1077 2174 1139 2201 nns
1154 2165 1313 2206 pauperis
1328 2175 1402 2197 esse
1417 2166 1526 2197 solete
1568 2162 1774 2196 Ibidem-lib.

1076 2223 1163 2247 vm.
1188 2215 1308 2256 Epigr.
1323 2217 1378 2247 33.
1400 2216 1410 2233 ‘
1426 2214 1504 2247 Hoc
1529 2213 1648 2247 linitur
1670 2216 1773 2254 apulo

1076 2264 1155 2299 Jani
1183 2270 1324 2306 caryota
1351 2264 1522 2305 Calendis,
1556 2265 1682 2297 Quem·
1702 2261 1774 2295 fert

1078 2324 1155 2347 cum
1170 2324 1274 2356 parvo
1286 2314 1442 2347 sordidus
1457 2323 1533 2346 asse
1549 2312 1679 2345 cliens:
1719 2313 1773 2345 Ex

1076 2364 1128 2396 bis
1138 2356 1227 2406 jam,
1241 2365 1374 2406 opinor,
1387 2373 1485 2396 nemo
1500 2367 1554 2395 est
1569 2363 1626 2404 qui
1641 2363 1775 2395 nesciat

1079 2414 1159 2455 quid
1175 2413 1286 2445 Poeta
1301 2417 1417 2445 noster
1427 2412 1572 2445 voluerit
1585 2412 1664 2444 dum
1675 2411 1776 2453 dixit,

1077 2465 1193 2496 latente
1204 2464 1321 2504 palma.
1365 2462 1531 2505 Respexit
1552 2463 1643 2494 enim
1660 2461 1776 2494 termi-

1078 2518 1132 2549 tes
1156 2514 1231 2545 illos
1261 2523 1282 2544 a
1308 2513 1421 2554 palma
1443 2511 1567 2546 arbore
1593 2511 1774 2552 abruptos,

1078 2562 1148 2604 qui,
1175 2562 1254 2604 quia
1282 2566 1384 2603 sputo
1413 2561 1473 2594 illo
1503 2569 1605 2594 aureo
1633 2559 1775 2593 obducti

1078 2617 1188 2650 erant,
1210 2612 1334 2644 merito
1355 2612 1464 2644 latere
1479 2609 1564 2642 dicti
1585 2612 1676 2644 sunt.
1719 2608 1775 2640 De

1078 2662 1129 2695 his
1153 2671 1252 2703 porro
1276 2660 1447 2702 palmetis,
1469 2659 1602 2694 Solinus
1621 2659 1656 2691 in
1671 2659 1775 2699 Poly·

1078 2711 1156 2744 hist.
1170 2721 1247 2752 cap.
1269 2711 1400 2747 ultimo,
1415 2709 1460 2742 de
1481 2709 1623 2743 ean-ria
1645 2717 1773 2754 agens:

1079 2762 1090 2782 ‘
1104 2761 1256 2796 Nemora
1265 2759 1442 2804 pomifera,
1457 2759 1607 2801 palmeta
1619 2761 1776 2801 carnotas
