1846 3120
300 263 414 306 1134
781 271 839 301 r.
869 269 1061 302 numu
1096 269 1263 303 surii

301 369 540 412 Proximus
562 355 950 425 Eurymedonjasui
970 366 1221 421 pastoralia
1238 365 1389 409 Fauni
1423 368 1444 379 ''
1499 367 1504 374 '

299 436 438 477 Arma
458 434 610 487 patris,
628 432 852 487 pinusque
867 431 1005 487 jdbas
1023 432 1216 475 imitatur
1235 434 1420 488 equinas

297 501 526 543 Terribilis
546 500 710 554 sylvis:
739 512 838 541 reor
856 499 1123 546 etMavorte
1146 505 1325 542 cruento

298 569 425 611 Talis
443 569 549 610 erit:
581 567 695 609 dites
715 560 928 621 pecorum
949 567 1213 612 comitantur
1234 568 1448 623 Erythrae,

299 634 389 685 Qui
412 635 593 685 Scolon,
612 634 884 688 densamque
897 634 1018 688 jugis
1036 634 1268 677 Etheonon
1285 636 1468 689 iniquis,
1526 655 1528 658 ·
1583 639 1587 642 ’

300 701 391 753 Qui
408 703 540 744 breve
559 702 684 743 littus
703 701 867 756 Hyles,
882 701 1270 757 Atalantaeamque
1291 703 1473 757 superbi
1528 722 1530 724 v

297 772 521 814 Schoenon
539 772 714 822 habent,
731 769 1084 825 notiquecolunt
1098 771 1287 825 vestigia
1307 772 1470 826 campi.

298 838 545 882 Fraxineas
564 838 738 881 vibrant
759 839 1065 882 Macetum⁴de
1084 851 1207 881 more
1229 838 1444 881 sarissas:

294 962 407 994 sacris.
451 964 558 1004 Prope
571 966 620 996 est
635 963 843 1004 Eurymedon,
858 962 911 1003 qui
922 962 993 1001 fert
1008 970 1095 992 arma
1108 961 1280 1001 pastoralia
1293 961 1450 1000 genitoris
1464 961 1582 999 Fauni.
1601 961 1754 1004 pinusque

295 1006 461 1036 (emulatur
466 1006 558 1044 soliis
573 1009 656 1038 setas
669 1005 806 1046 equinas,
821 1004 1039 1044 formidabilis
1059 1003 1246 1035 nemoribus.
1294 1004 1380 1038 Talis
1394 1004 1471 1044 erit,
1483 1008 1518 1037 ut
1531 1008 1619 1045 puto,
1632 1006 1667 1037 in
1680 1014 1753 1037 san-

291 1047 409 1120 *ἓῖἰῖἔῖ
411 1047 938 1126 Ρέἴέῗλωῗέἕιιῗζιῖηῒίΐῗηᾝῖῑέ
951 1045 1640 1131 553322⁶50ssssfflzz²2252222¹322¹3..³²2
1649 1039 1762 1130 52²2}-

285 1132 409 1168 -colunt,
424 1136 454 1163 et
468 1133 504 1170 ii,
519 1134 571 1173 qui
586 1134 691 1165 tenent
712 1132 844 1172 gloriosi
869 1131 1019 1164 Schoenon
1040 1112 1206 1163 Atalanta’
1221 1131 1378 1173 celebrem,
1404 1135 1436 1164 et
1455 1100 1604 1164 habitant
1614 1131 1754 1172 wangia

292 1173 429 1206 illustris
442 1176 549 1209 stadii.
596 1175 755 1223 Qaatiu'nt
768 1171 940 1215 fraxineas
955 1175 1077 1206 lanceas
1090 1174 1296 1207 Macedonum
1309 1184 1405 1217 more,
1425 1177 1457 1206 et
1475 1175 1578 1216 peltas
1591 1174 1754 1217 incapaces

1044 1267 1142 1284 W

293 1322 393 1356 multi
409 1324 509 1357 codd.
526 1329 562 1357 et
577 1325 656 1358 edd.
673 1328 758 1357 vett.
770 1325 878 1367 sylvis.
900 1325 990 1357 Vide
1005 1325 1089 1357 Not.
1107 1324 1189 1357 Ver.
1191 1326 1298 1356 -262
1320 1324 1363 1355 In
1380 1323 1582 1365 quibusdam
1604 1323 1685 1357 edd.
1700 1325 1754 1366 qui

290 1368 477 1408 pastoralia,
492 1368 644 1400 correxit
669 1368 838 1403 Bartbius.
842 1371 946 1399 -265
974 1368 1062 1400 Talis
1082 1371 1151 1399 erat
1176 1377 1263 1402 unus
1278 1367 1401 1399 Bebot.
1426 1367 1552 1398 erio-tha·
1578 1367 1612 1398 in
1627 1334 1752 1399 eodem

292 1408 414 1440 codice
418 1413 536 1442 .—266
561 1411 627 1447 Qui
644 1411 739 1442 Colon
762 1411 852 1442 Dan.
855 1413 962 1442 -267
986 1411 1223 1451 Atalantemque
1237 1410 1331 1441 Dan.
1354 1409 1437 1440 Put.
1462 1409 1585 1441 Petav.
1603 1409 1752 1441 Linden-

292 1451 388 1489 brog.
403 1456 438 1484 et
454 1453 558 1485 erue.
573 1453 773 1494 Athalatemq
775 1463 812 1485 ue
828 1453 953 1484 Behot.
970 1455 1002 1485 1.
1018 1452 1301 1492 Athalanteamque
1315 1451 1441 1483 Behot.
1453 1453 1485 1484 2.
1489 1454 1595 1483 -268
1617 1451 1753 1485 &hiron

293 1494 417 1526 Behot.
434 1498 465 1526 1.
481 1494 592 1526 Sciron
606 1496 728 1527 Behot.
751 1499 783 1527 2.
801 1500 837 1527 et
853 1505 915 1536 pro
933 1505 965 1527 v.
981 1496 1004 1528 1.
1026 1495 1151 1527 Scinon.
1152 1497 1260 1526 —269
1282 1494 1448 1526 Macedum
1467 1498 1612 1535 uterque
1626 1493 1752 1526 Behot.

291 1535 327 1568 in
344 1537 452 1569 altero
467 1541 580 1570 tamen
610 1538 830 1579 reseniptum‚
846 1548 924 1570 cum
941 1537 1088 1579 primum
1113 1538 1273 1570 Macetum
1297 1537 1493 1578 legeretur;
1516 1536 1578 1569 sed
1602 1536 1681 1578 ipsa·
1691 1545 1751 1568 ex-

950 1622 1093 1656 NO'rAE

294 1690 420 1732 Thisbe]
455 1691 579 1724 Thisbe
603 1692 683 1724 urbs
710 1691 870 1724 Boeotiae.
913 1692 994 1724 Dio-

289 1742 369 1773 naeis
403 1742 527 1783 avibus]
565 1742 749 1774 Columbis.
793 1742 994 1775 Lactantius

290 1788 411 1824 scribit
432 1792 524 1834 apud
549 1792 698 1824 Thisben
727 1792 900 1823 Venerem
921 1792 994 1823 cul-

289 1846 374 1882 tam,
403 1843 517 1884 ibique
539 1843 661 1876 Jovem
677 1842 812 1874 dedisse
829 1850 994 1883 responsa

288 1901 354 1933 per
370 1893 558 1924 columbas.
613 1893 789 1925 Columbae
806 1897 922 1924 autem
939 1902 992 1923 sa-

289 1950 358 1972 crae
374 1946 453 1974 sunt
465 1943 607 1983 Veneri,
623 1953 699 1984 quae
711 1947 747 1974 et
763 1942 885 1974 Dione.
911 1941 993 1973 Ovi-

289 1991 367 2022 dius
383 2002 391 2023 :
419 1992 430 2010 ‘
447 1992 533 2024 Quae
564 2002 654 2024 nunc
683 1992 859 2024 Thisbaeas
884 1992 993 2033 agitat

288 2045 421 2073 mutata
434 2042 631 2074 columbas.'
667 2041 759 2074 Hinc
773 2042 926 2074 Homero
936 2053 992 2073 πο-

288 2091 445 2133 λυτρήρων
465 2091 582 2131 Θίσβη.

330 2144 394 2174 262
417 2142 601 2174 Ραεέοναῑὶα
615 2143 730 2184 Arma]
757 2142 946 2175 Venabula.

329 2196 394 2225 263
418 2191 576 2234 Pinusqu'e
583 2193 677 2233 jubas
692 2195 837 2226 imitatur
850 2194 991 2236 equinas]

286 2243 330 2275 Id
348 2248 413 2283 est,
427 2245 511 2275 rami
527 2244 605 2275 Pini
628 2245 746 2276 inserti
770 2249 850 2276 sunt
866 2244 991 2277 cassidi

287 2293 322 2324 in
337 2293 474 2325 modum
484 2294 581 2335 Jubae
602 2294 748 2336 equinae,
765 2299 802 2327 et
817 2295 881 2327 hoe
897 2305 916 2326 a
929 2305 988 2337 pa-

287 2347 355 2382 tre,
371 2344 426 2375 cni
444 2344 543 2384 pinus
558 2354 666 2376 sacra.

316 2393 391 2426 265
416 2394 582 2435 Erythroe]
596 2394 772 2436 Oppidum
784 2367 932 2428 Boeotiae
944 2395 988 2427 ad

286 2443 420 2475 radices
435 2443 639 2476 Cithaeronis
655 2445 781 2477 montis
796 2446 911 2478 situm.
926 2447 989 2479 Est

286 2496 323 2524 et
337 2492 489 2533 ejusdem
503 2494 649 2526 nominis
666 2495 772 2527 urbs'
764 2505 798 2527 1n
814 2495 923 2527 Ionia.

328 2544 393 2573 266
416 2542 540 2584 Scolon]
566 2543 683 2576 Scolos
708 2554 804 2577 mons
829 2546 987 2579 Boeotiae.

286 2591 465 2632 Ethemon]
498 2593 669 2625 Etheonos
697 2595 862 2636 oppidum
886 2596 989 2628 Boeo-

226 2669 233 2674 .
286 2640 355 2672 tiae.
401 2641 504 2681 Jugis.
534 2643 667 2685 iniquis]
705 2644 797 2677 Hinc
833 2646 988 2679 Homero

284 2690 386 2722 Iliad.
402 2695 437 2723 Β.
448 2691 655 2732 πολύκνημος.

326 2742 390 2773 267
413 2742 533 2784 Hyles]
557 2743 760 2792 Hylehlocus
783 2744 819 2776 in
841 2745 991 2787 Boeotia,

284 2795 324 2824 ut
347 2801 390 2824 ex
404 2792 561 2826 hocloco
588 2792 623 2827 εἰ
648 2794 819 2829 Strabone
841 2801 987 2832 constat.

1049 1691 1198 1726 Quidam
1233 1695 1347 1724 tamen
1380 1690 1499 1723 dicunt
1527 1700 1603 1724 esse
1631 1690 1750 1724 urbem

1047 1741 1220 1774 Phocidis.
1263 1742 1350 1773 Erat
1371 1741 1406 1772 in
1426 1741 1542 1783 Cypro
1564 1740 1645 1773 urbs
1659 1741 1750 1783 ejus-

1047 1792 1126 1824 dem
1142 1791 1299 1824 nominis.
1342 1790 1613 1832 Atalantoeumque
1625 1791 1751 1832 superbi

1047 1841 1198 1874 Schoenon
1221 1840 1349 1881 habent]
1380 1840 1541 1873 Schoenos
1553 1840 1750 1878 urbsBoeo-

1047 1891 1119 1929 tiae,
1135 1901 1155 1923 a
1168 1891 1315 1923 Schoeno
1325 1890 1491 1922 Atalante
1505 1895 1604 1932 patre
1616 1890 1750 1928 sindic-

1047 1945 1102 1974 tau.
1144 1941 1306 1974 Sehoenos
1336 1950 1420 1973 vero
1444 1941 1557 1973 Plinio
1579 1946 1617 1974 et
1642 1941 1748 1974 Melae

1046 1992 1146 2027 Sinus
1160 1992 1261 2023 maris
1276 1990 1429 2023 Doridis.
1451 2002 1453 2005 ¹
1472 1990 1682 2037 Strabolib.
1693 2000 1748 2025 1x.

1047 2042 1217 2074 Schoenon
1247 2039 1438 2082 χώρανπῆς
1462 2042 1622 2079 Θηβαικῆε
1635 2046 1752 2083 vocat,

1044 2092 1102 2124 ubi
1116 2096 1151 2125 et
1167 2092 1272 2134 Hyle,
1288 2097 1325 2124 et
1339 2092 1574 2134 praecedentis
1593 2092 1748 2134 proxime

1045 2143 1136 2175 Scoli
1165 2141 1332 2175 meminit.
1376 2142 1523 2174 Fallitur
1553 2141 1748 2184 Gemi-tius,

1045 2192 1103 2235 qui
1118 2193 1284 2225 Schoenon
1301 2192 1386 2225 dicit
1409 2202 1495 2236 esse*
1510 2192 1678 2230 Arcadia.
1688 2203 1748 2235 op-

1044 2243 1188 2285 pidum:
1216 2253 1294 2275 nam
1327 2242 1748 2289 Arcadessefluebffluur

1044 2298 1162 2335 partes
1193 2292 1413 2334 Argivorum,
1449 2292 1746 2333 Schoen1‚,;im1ae

1041 2343 1293 2375 Thebanorum.
1349 2343 1454 2378 Duas⁴
1485 2347 1616 2379 autem,
1631 2341 1745 2382 ..fuis-se

1042 2393 1222 2425 Atalantas
1252 2396 1400 2429 constat,
1424 2395 1463 2424 ut
1479 2392 1553 2434 jam
1575 2387 1743 2432 dirimas:

1042 2453 1143 2476 unam
1179 2443 1363 2476 Arcadiam
1393 2443 1747 2485 Parthenopaei;„ma-

1042 2498 1130 2526 trem
1142 2505 1152 2534 3
1169 2495 1312 2526 alteram
1324 2503 1419 2535 vero,
1431 2503 1476 2526 ex
1487 2493 1744 2531 urbe.Schoeno,

1043 2555 1143 2587 quam
1159 2545 1396 2586 Hippomanes
1411 2554 1515 2577 cursu
1529 2544 1640 2579 vicit..
1658 2549 1663 2553 “

1083 2598 1148 2627 268
1177 2595 1317 2636 Notique
1338 2596 1443 2627 colunt
1460 2594 1620 2642 vestigia
1629 2595 1745 2638 campi]

1041 2645 1083 2678 In
1097 2655 1169 2687 quo·
1181 2645 1329 2680 scilicet,
1336 2644 1479 2683 solebat
1483 2635 1650 2681 Atalanta
1663 2652 1742 2680 cum

1041 2696 1154 2738 procis
1169 2704 1275 2731 cursu
1281 2695 1507 2730 contendere.
1598 2718 1611 2723 -

1085 2748 1150 2779 269
1175 2744 1367 2788 Macetum]
1375 2745 1523 2779 Macetm
1545 2753 1608 2778 seu
1622 2743 1741 2779 Muce-

1042 2797 1147 2830 dones
1161 2796 1280 2840 populi
1296 2796 1458 2838 Groeeiae,
1480 2794 1561 2829 solis
1576 2795 1740 2838 Philippo
