1846 3120
261 220 374 264 1380
758 217 799 261 ι’».
833 231 1020 262 partun
1053 231 1218 264 s'rA‘rn

262 324 393 367 Colla
412 324 524 366 inter
535 323 762 379 juvenum,
780 323 985 378 laetisque
1005 325 1233 367 favoribus
1252 328 1371 370 omni

260 391 521 434 Concinitur
540 389 685 443 vulgo,
707 388 926 433 Cadmum
947 396 1078 446 atque
1097 392 1354 447 Amphiona
1373 408 1511 451 supra

260 457 472 500 Conditor
490 469 501 498 ε
518 455 576 497 vhi
596 457 737 507 sertis,
756 457 801 498 hi
820 458 935 500 veris
955 457 1119 501 honore
1139 461 1287 503 soluto
1414 462 1416 465 ’

257 523 558 566 Accumulant
577 528 712 575 artus,
733 525 965 579 patriaque
985 525 1034 567 in
1051 526 1159 568 sede
1179 533 1397 581 reponunt

258 589 432 644 Corpus
452 590 706 632 adoratum:
737 596 943 645 repetunt
961 605 1069 634 mox
1087 593 1207 635 bella
1223 596 1418 647 peractis

257 656 486 698 Laudibus
504 669 514 699 :
544 657 616 698 hic
637 657 758 700 victa
776 658 944 711 genitor
962 658 1262 713 lacrymabilis
1283 662 1347 704 ira

255 723 500 778 Congemit,
519 729 566 767 et
582 724 758 767 tandem
778 726 904 768 matri
924 725 1030 768 data
1048 727 1152 769 flere
1171 733 1373 782 potestas
1391 743 1404 772 ι

255 789 562 833 Lustralemne
578 791 681 834 feris
701 805 783 846 ego
802 796 860 844 te,
881 806 993 848 puer
1010 794 1191 850 inclyte,
1211 795 1395 847 Thebis,

1621 597 1708 641 790

255 923 305 951 tro
318 919 512 952 discesserat.
556 920 589 952 F
586 923 673 952 ertur
686 922 777 961 longo
791 922 939 955 comitatu
952 924 1035 956 inter
1048 926 1182 958 cervices
1200 925 1362 967 juvenum,
1387 930 1418 959 et
1437 927 1533 960 hilari
1545 928 1705 977 appianae

254 962 294 993 ab
309 962 392 993 omni
405 962 524 1003 ordine,
543 964 684 994 conditor
705 964 878 996 celebratur
896 976 992 1007 supra
1009 967 1157 1000 Cadmum
1173 971 1205 1000 et
1218 969 1431 1011 Amphionem.
1474 970 1525 1002 Hi
1547 970 1650 1010 artis,
1670 970 1705 1002 Ιιι

253 1004 359 1035 vernis
373 1005 465 1044 rosis,
480 1009 697 1045 -compergunt
720 1006 787 1045 ejus
807 1008 954 1047 membra,
969 1012 1002 1041 et
1025 1011 1126 1042 locant
1141 1012 1303 1044 adoratum
1325 1022 1434 1053 corpus
1454 1012 1489 1044 ἐκ
1509 1014 1626 1045 mmuh
1640 1022 1706 1045 ua·

246 1045 367 1084 joram.
410 1046 535 1078 Deinde
547 1049 679 1087 redeunt,
691 1050 732 1080 ad
743 1050 899 1090 prothum,
910 1051 1021 1093 finitis
1035 1053 1185 1085 laudibus.
1222 1054 1290 1086 Hic
1302 1055 1506 1095 deplorandus
1514 1059 1607 1096 pater
1617 1055 1708 1096 pln-

252 1088 306 1129 git
326 1089 436 1120 sedata
449 1089 512 1130 ira,
528 1092 559 1122 et
584 1091 710 1122 tandem
723 1091 813 1124 licuit
831 1094 927 1124 matri
944 1094 1079 1134 plorare.
1125 1096 1245 1137 Egone,
1263 1097 1379 1139 inclyte
1397 1096 1583 1140 molem,
1594 1098 1706 1131 edum-

859 1185 997 1199 000‘000
1000 1187 1098 1201 coece

251 1248 347 1280 ultro.
392 1252 403 1267 ‘
418 1248 584 1282 Meliores
604 1250 684 1283 libri
706 1250 860 1284 scribunt
879 1253 1073 1286 abcesserat!
1087 1254 1318 1288 Bana—796
1338 1255 1503 1289 Nonnulli
1519 1255 1620 1289 codd.
1645 1261 1703 1290 ex*-

250 1288 395 1323 hibent:
418 1291 863 1334 loetiequefaventibus.-—⁷8⁷
878 1295 1037 1329 Petrens.
1052 1297 1177 1329 babet:
1203 1299 1262 1329 Am
1282 1298 1375 1330 hiona
1383 1298 1703 1340 sapen—resimas

252 1332 386 1366 codex:
408 1333 443 1365 1ιί
464 1335 548 1366 ruris
573 1335 695 1377 honore,
711 1346 753 1368 ex
770 1337 918 1369 Horatio
933 1347 958 1370 1.
976 1338 1044 1370 Od.
1060 1342 1112 1371 17.
1131 1342 1184 1373 16.
1206 1340 1248 1371 Vi
1276 1350 1295 1372 e
1317 1341 1429 1373 Bentl.
1451 1341 1533 1374 ibid.
1550 1346 1587 1374 et
1607 1341 1702 1382 sylv.

250 1383 302 1407 ιν.
315 1379 347 1408 5.
361 1379 499 1408 1.-789
515 1377 678 1410 Nonnulli
695 1379 794 1411 codd.
807 1379 928 1413 Barth.
943 1380 1164 1414 Adtumulant.
1194 1382 1289 1414 Unus
1303 1384 1427 1415 Behot.
1434 1383 1618 1424 pao-tajon-
1630 1384 1702 1416 sede

249 1422 523 1459 πρακτικὴ-493
545 1421 849 1460 Isustralemneferis
861 1432 947 1455 unus
963 1423 1195 1458 Bellon-⁷96
1216 1425 1356 1458 Bebott.
1374 1429 1404 1458 l.
1417 1429 1450 1458 2.
1466 1426 1574 1468 Lang.
1600 1426 1704 1460 Laut.

905 1520 1050 1553 NOTAE

293 1591 359 1622 788
387 1589 553 1633 Conditor]
577 1591 662 1624 Plus
685 1593 774 1625 enim
788 1598 864 1627 erat
881 1604 952 1627 ser-

250 1650 351 1674 vasse
361 1641 535 1674 conditam
552 1642 684 1683 urbem,
696 1654 796 1686 quam
807 1645 950 1686 primum

248 1692 446 1725 condidisse
457 1702 497 1724 ac
511 1693 676 1725 moenibus
686 1693 848 1735 cinxisse,
860 1694 952 1737 quod

253 1741 405 1774 Cadmus
421 1745 457 1774 et
482 1741 652 1783 Amphion
678 1742 847 1776 fecerant.
891 1744 950 1776 Sic

250 1792 414 1824 Camillus
443 1791 613 1824 secundus
641 1792 759 1826 Romae
787 1793 951 1826 fundator

247 1841 376 1882 dictus,
389 1841 480 1883 quod
496 1841 612 1873 Gallos
628 1842 772 1884 expulit,
793 1843 949 1875 Romam·

248 1901 316 1933 que
334 1891 379 1923 ab
393 1901 511 1923 eorum
527 1891 628 1922 armis
645 1901 745 1932 paene
760 1893 947 1924 extinctam

247 1941 420 1981 liberavit,
451 1950 492 1973 ae
520 1941 682 1973 servavit.
735 1941 852 1983 Sertis,
878 1941 947 1983 aa]

245 1990 655 2032 ovnosoatauintenigit,
680 2001 749 2033 qua
774 1992 865 2023 Deos
886 2002 948 2024 seu

245 2042 412 2082 homines,
438 2051 523 2083 quos
550 2041 677 2073 honore
706 2045 824 2074 auctos
852 2042 946 2073 vole-

246 2092 342 2129 bant,
354 2092 661 2134 prosequebantur.
684 2092 727 2123 In
740 2102 834 2124 more
844 2093 947 2125 etiam

246 2147 325 2174 erat
339 2146 548 2174 mortuorum
563 2151 710 2183 corpora
731 2141 873 2174 floribus
895 2152 948 2174 as·

246 2201 395 2233 pergere
421 2202 461 2224 ac
484 2192 655 2224 venerari.
698 2192 756 2224 Sic
772 2191 948 2233 Augustus

246 2243 419 2284 prolatum
436 2252 455 2274 e
472 2243 640 2284 penetrali
657 2251 779 2284 eorpus
799 2241 947 2274 Alexan-

246 2294 301 2327 dri
316 2296 435 2337 Magni
449 2294 588 2327 floribus
600 2295 747 2336 aspersis
763 2299 947 2327 veneratus

247 2349 311 2376 est.
355 2346 401 2377 Et
417 2345 579 2386 Virgilius
591 2345 667 2378 AEn.
682 2354 734 2378 vl.
757 2345 768 2363 ⁴
785 2345 947 2377 Manibus

246 2394 329 2426 date
352 2394 424 2427 lilia
438 2395 561 2435 plenis,
575 2395 772 2436 Purpureos
789 2404 945 2436 spargam

246 2442 372 2476 flores)
415 2444 580 2486 Sepulcra
594 2444 697 2476 etiam
712 2443 851 2477 floribus
866 2454 945 2477 con-

245 2503 378 2535 spersa,
391 2503 431 2526 ae
444 2494 528 2526 rosis
537 2499 671 2535 ornata,
684 2494 742 2537 qui
757 2505 830 2527 mos
841 2495 946 2528 etiam

247 2543 452 2576 Christianis
483 2544 692 2578 observatus.
749 2545 845 2578 Serta
865 2549 945 2578 sunt

245 2594 303 2625 vel
323 2603 473 2634 coronae,
496 2604 517 2625 a
543 2595 657 2635 sertin,
674 2595 708 2627 id
725 2600 791 2636 est,
806 2595 945 2638 digestis

244 2643 391 2677 invicem
404 2643 545 2677 floribus
554 2644 806 2688 frondibusque,
819 2657 861 2678 ex
872 2646 944 2689 qui-

246 2694 311 2726 bus
343 2694 386 2726 ab
413 2695 510 2727 initio
540 2704 675 2727 coronae
706 2695 836 2729 fiebant
854 2706 864 2728 :
892 2696 947 2728 vel

247 2744 349 2778 flores
373 2755 439 2778 uua
454 2746 620 2788 simulque
644 2745 809 2787 colligati.

858 2746 967 2779 Veris‘

1005 1596 1118 1628 honore
1133 1595 1246 1637 soluto]
1270 1595 1311 1628 ld
1324 1599 1389 1636 est,
1407 1594 1516 1636 Rasin,
1529 1604 1606 1636 quae
1621 1598 1702 1628 sunt

1005 1646 1105 1678 Veris
1129 1646 1247 1678 honor.
1291 1645 1417 1687 Soluto]
1452 1645 1520 1678 Vel
1543 1645 1579 1678 in
1604 1650 1702 1687 serta

1005 1704 1072 1727 non
1086 1695 1205 1736 ligato,
1221 1695 1275 1727 vel
1290 1700 1421 1736 aperto.

1047 1747 1112 1776 790
1135 1744 1324 1785 Admotum]
1357 1744 1425 1776 Alii
1449 1745 1570 1786 legunt
1591 1746 1700 1777 adm·-

1004 1796 1081 1834 tum,
1090 1793 1126 1825 id
1138 1797 1202 1834 est,
1214 1794 1397 1835 unguentis
1408 1793 1609 1827 delibutum.
1620 1795 1700 1827 Per-

1002 1843 1082 1875 actis
1098 1843 1274 1885 Laudibus]
1296 1843 1431 1875 Auudit
1447 1843 1573 1886 absque
1594 1843 1699 1876 dubio

1003 1892 1046 1924 ad
1069 1902 1196 1924 morem
1225 1893 1429 1934 Romanum,
1453 1902 1521 1935 quo
1548 1893 1698 1936 insignes

1002 1943 1066 1975 viri
1083 1953 1144 1984 pro
1161 1943 1296 1975 Rostris
1311 1942 1447 1984 publice
1461 1947 1541 1985 post
1555 1947 1698 1977 mortem

999 1993 1239 2026 laudabantur.
1643 2013 1647 2017 .

1042 2045 1105 2075 793
1128 2042 1355 2083 Lustralemue,
1376 2039 1447 2083 ssa]
1466 2041 1535 2075 Hic
1553 2041 1696 2076 Laetan-

1001 2092 1091 2125 tius:
1128 2093 1318 2125 ‘Lustrare
1345 2092 1522 2125 civitatem
1549 2092 1699 2126 humana

998 2143 1112 2176 hostia
1126 2143 1279 2176 Gallicus
1295 2146 1347 2175 est
1360 2152 1432 2175 mos
1446 2153 1456 2175 ε
1477 2152 1554 2175 nam
1575 2143 1699 2185 aliquis

1001 2193 1045 2226 de
1072 2192 1298 2235 egentissimis
1329 2192 1568 2234 pelliciebatur
1608 2202 1698 2234 pref

1001 2243 1088 2280 miis,
1100 2247 1139 2275 nt
1154 2252 1191 2274 se
1206 2242 1250 2275 ad
1263 2242 1326 2274 hoe
1335 2241 1522 2282 venderem
1536 2241 1595 2284 qui
1608 2251 1697 2274 anno

1001 2298 1076 2326 toto
1105 2292 1252 2334 publicis
1274 2291 1441 2324 sumtibus
1465 2291 1621 2324 alebatur
1634 2300 1696 2337 pu-

1000 2343 1143 2375 rioribus
1160 2342 1256 2382 cibis,
1277 2341 1426 2383 denique
1448 2344 1546 2373 certo
1580 2344 1619 2373 et
1642 2350 1696 2386 ⁸⁰3·

999 2393 1091 2426 leoni
1103 2392 1158 2424 die
1170 2400 1232 2433 per
1247 2395 1354 2424 totam
1367 2390 1547 2424 'civitatem
1560 2389 1698 2431 duetus,

999 2452 1043 2475 ex
1057 2441 1143 2474 urbe
1158 2447 1256 2473 extra
1274 2440 1424 2482 pomaria
1443 2440 1535 2473 saxis
1559 2439 1696 2473 oecide-

999 2493 1100 2526 batur
1120 2502 1141 2524 a
1169 2490 1322 2533 populo!
1364 2491 1434 2524 Sed
1463 2490 1556 2534 quod
1584 2490 1695 2525 Gallis

998 2543 1156 2575 universe
1170 2541 1332 2574 attribuit
1347 2542 1558 2583 Lactantius,
1573 2540 1637 2574 hoe
1652 2539 1697 2572 de

998 2591 1268 2626 Massiliensibus
1292 2591 1443 2634 proprie,
1472 2595 1509 2624 et
1532 2591 1570 2624 in
1591 2590 1698 2633 pesti-

998 2643 1105 2676 lentia
1119 2652 1161 2674 ex
1175 2641 1340 2675 Petronio
1359 2641 1467 2674 refert
1487 2641 1625 2675 Servius
1650 2640 1694 2683 ad

999 2693 1202 2727 AEneid.111.
1247 2691 1476 2724 Observatum
1489 2690 1594 2724 etiam
1610 2689 1694 2723 illud

1001 2744 1091 2787 apud
1107 2742 1347 2786 Athenienses,
1360 2743 1417 2786 qui
1432 2740 1607 2784 φαρμώωυς
1621 2741 1697 2788 illo?

1789 1000 1802 1026 0

1826 3023 1846 3120 Elium„
1836 2979 1846 3006 ’.ψ
1842 2919 1843 2922 Α
