<?xml version="1.0" encoding="UTF-8"?>
<!DOCTYPE html PUBLIC "-//W3C//DTD XHTML 1.0 Transitional//EN"
    "http://www.w3.org/TR/xhtml1/DTD/xhtml1-transitional.dtd">
<html xmlns="http://www.w3.org/1999/xhtml" xml:lang="en" lang="en">
 <head>
  <title>
</title>
<meta http-equiv="Content-Type" content="text/html;charset=utf-8" />
  <meta name='ocr-system' content='tesseract 3.04.00' />
  <meta name='ocr-capabilities' content='ocr_page ocr_carea ocr_par ocr_line ocrx_word'/>
</head>
<body>
  <div class='ocr_page' id='page_1' title='image "./operaomniaexedit03statuoft_0563.png"; bbox 0 0 1858 3112; ppageno 0'>
   <div class='ocr_carea' id='block_1_1' title="bbox 0 0 98 3112">
    <p class='ocr_par' dir='ltr' id='par_1_1' title="bbox 0 0 98 3112">
     <span class='ocr_line' id='line_1_1' title="bbox 0 0 98 3112; baseline 0 0"><span class='ocrx_word' id='word_1_1' title='bbox 0 0 98 3112; x_wconf 95' lang='lat' dir='ltr'> </span> 
     </span>
    </p>
   </div>
   <div class='ocr_carea' id='block_1_2' title="bbox 443 212 1348 255">
    <p class='ocr_par' dir='ltr' id='par_1_2' title="bbox 443 212 1348 255">
     <span class='ocr_line' id='line_1_2' title="bbox 443 212 1348 255; baseline -0.002 -1"><span class='ocrx_word' id='word_1_2' title='bbox 443 222 486 255; x_wconf 67' lang='grc' dir='ltr'>ι’.</span> <span class='ocrx_word' id='word_1_3' title='bbox 517 221 710 254; x_wconf 63' lang='lat' dir='ltr'>Parma</span> <span class='ocrx_word' id='word_1_4' title='bbox 743 220 910 254; x_wconf 68' lang='lat' dir='ltr'>sum</span> <span class='ocrx_word' id='word_1_5' title='bbox 948 222 1093 254; x_wconf 64' lang='grc' dir='ltr'>εγω.</span> <span class='ocrx_word' id='word_1_6' title='bbox 1128 217 1222 254; x_wconf 63' lang='grc' dir='ltr'><strong><em>[ΑΒ.</em></strong></span> <span class='ocrx_word' id='word_1_7' title='bbox 1246 223 1276 253; x_wconf 91' lang='lat'>1.</span> <span class='ocrx_word' id='word_1_8' title='bbox 1306 212 1348 254; x_wconf 81' lang='lat'>6.</span> 
     </span>
    </p>
   </div>
   <div class='ocr_carea' id='block_1_3' title="bbox 147 310 870 2029">
    <p class='ocr_par' dir='ltr' id='par_1_3' title="bbox 147 310 870 1817">
     <span class='ocr_line' id='line_1_3' title="bbox 147 310 870 360; baseline -0.006 -6"><span class='ocrx_word' id='word_1_9' title='bbox 147 317 179 344; x_wconf 60' lang='grc' dir='ltr'>-θ</span> <span class='ocrx_word' id='word_1_10' title='bbox 191 316 344 360; x_wconf 53' lang='lat' dir='ltr'>Mein}</span> <span class='ocrx_word' id='word_1_11' title='bbox 380 310 472 352; x_wconf 51' lang='lat' dir='ltr'>&amp;ste</span> <span class='ocrx_word' id='word_1_12' title='bbox 487 315 490 319; x_wconf 87' lang='grc'><strong><em>’</em></strong></span> <span class='ocrx_word' id='word_1_13' title='bbox 508 318 707 352; x_wconf 86' lang='lat' dir='ltr'>censorino.</span> <span class='ocrx_word' id='word_1_14' title='bbox 767 317 870 351; x_wconf 85' lang='lat' dir='ltr'>Unde</span> 
     </span>
     <span class='ocr_line' id='line_1_4' title="bbox 164 367 867 414; baseline -0.004 -10"><span class='ocrx_word' id='word_1_15' title='bbox 164 369 334 414; x_wconf 76' lang='lat' dir='ltr'>quispiam</span> <span class='ocrx_word' id='word_1_16' title='bbox 378 367 471 411; x_wconf 69' lang='lat' dir='ltr'>forto</span> <span class='ocrx_word' id='word_1_17' title='bbox 515 370 706 412; x_wconf 83' lang='lat' dir='ltr'>conjiceret</span> <span class='ocrx_word' id='word_1_18' title='bbox 743 370 867 412; x_wconf 87' lang='lat' dir='ltr'>primo,</span> 
     </span>
     <span class='ocr_line' id='line_1_5' title="bbox 162 419 868 464; baseline -0.004 -10"><span class='ocrx_word' id='word_1_19' title='bbox 162 420 340 463; x_wconf 63' lang='lat' dir='ltr'>obrimus</span> <span class='ocrx_word' id='word_1_20' title='bbox 368 421 518 462; x_wconf 68' lang='lat' dir='ltr'>Pur-oum,</span> <span class='ocrx_word' id='word_1_21' title='bbox 555 422 721 464; x_wconf 71' lang='lat' dir='ltr'>scriptum</span> <span class='ocrx_word' id='word_1_22' title='bbox 749 419 868 460; x_wconf 78' lang='lat' dir='ltr'>fuisse,</span> 
     </span>
     <span class='ocr_line' id='line_1_6' title="bbox 162 471 868 515; baseline -0.001 -11"><span class='ocrx_word' id='word_1_23' title='bbox 162 471 255 515; x_wconf 81' lang='lat' dir='ltr'>quod</span> <span class='ocrx_word' id='word_1_24' title='bbox 289 471 540 515; x_wconf 75' lang='lat' dir='ltr'>interpretatus</span> <span class='ocrx_word' id='word_1_25' title='bbox 569 472 703 514; x_wconf 80' lang='lat' dir='ltr'>aliquis,</span> <span class='ocrx_word' id='word_1_26' title='bbox 733 472 868 504; x_wconf 68' lang='grc' dir='ltr'>Μαι-απ·</span> 
     </span>
     <span class='ocr_line' id='line_1_7' title="bbox 162 521 866 564; baseline -0.003 -9"><span class='ocrx_word' id='word_1_27' title='bbox 162 521 379 564; x_wconf 76' lang='lat' dir='ltr'>ascripserat.</span> <span class='ocrx_word' id='word_1_28' title='bbox 423 521 587 556; x_wconf 84' lang='lat' dir='ltr'>Nobiliss.</span> <span class='ocrx_word' id='word_1_29' title='bbox 611 521 772 555; x_wconf 79' lang='lat' dir='ltr'>Barthius</span> <span class='ocrx_word' id='word_1_30' title='bbox 799 521 866 564; x_wconf 76' lang='lat' dir='ltr'>sig-</span> 
     </span>
     <span class='ocr_line' id='line_1_8' title="bbox 161 571 865 614; baseline -0.003 -9"><span class='ocrx_word' id='word_1_31' title='bbox 161 571 317 606; x_wconf 66' lang='lat' dir='ltr'>aine-vit</span> <span class='ocrx_word' id='word_1_32' title='bbox 331 572 411 605; x_wconf 76' lang='lat' dir='ltr'>milri</span> <span class='ocrx_word' id='word_1_33' title='bbox 426 573 460 604; x_wconf 87' lang='lat' dir='ltr'>iu</span> <span class='ocrx_word' id='word_1_34' title='bbox 477 573 545 605; x_wconf 83' lang='lat' dir='ltr'>Ms.</span> <span class='ocrx_word' id='word_1_35' title='bbox 557 571 779 614; x_wconf 83' lang='lat' dir='ltr'>suo-trajecto</span> <span class='ocrx_word' id='word_1_36' title='bbox 790 581 865 603; x_wconf 80' lang='lat' dir='ltr'>ver-</span> 
     </span>
     <span class='ocr_line' id='line_1_9' title="bbox 162 621 865 664; baseline -0.001 -9"><span class='ocrx_word' id='word_1_37' title='bbox 162 631 202 655; x_wconf 78' lang='lat' dir='ltr'>su</span> <span class='ocrx_word' id='word_1_38' title='bbox 215 623 306 664; x_wconf 73' lang='lat' dir='ltr'>legi:</span> <span class='ocrx_word' id='word_1_39' title='bbox 334 622 400 656; x_wconf 68' lang='lat' dir='ltr'>Via.-</span> <span class='ocrx_word' id='word_1_40' title='bbox 412 622 539 655; x_wconf 71' lang='lat' dir='ltr'>Aurom</span> <span class='ocrx_word' id='word_1_41' title='bbox 553 633 646 656; x_wconf 80' lang='lat' dir='ltr'>novos</span> <span class='ocrx_word' id='word_1_42' title='bbox 660 621 800 655; x_wconf 78' lang='lat' dir='ltr'>movebat</span> <span class='ocrx_word' id='word_1_43' title='bbox 815 633 865 654; x_wconf 83' lang='lat' dir='ltr'>or·</span> 
     </span>
     <span class='ocr_line' id='line_1_10' title="bbox 160 660 866 714; baseline -0.003 -8"><span class='ocrx_word' id='word_1_44' title='bbox 160 676 214 706; x_wconf 71' lang='lat' dir='ltr'>tus</span> <span class='ocrx_word' id='word_1_45' title='bbox 244 672 331 706; x_wconf 72' lang='lat' dir='ltr'>Len·</span> <span class='ocrx_word' id='word_1_46' title='bbox 364 673 502 706; x_wconf 70' lang='lat' dir='ltr'>cesaris</span> <span class='ocrx_word' id='word_1_47' title='bbox 532 660 652 705; x_wconf 64' lang='lat' dir='ltr'>eor-iim</span> <span class='ocrx_word' id='word_1_48' title='bbox 679 681 737 714; x_wconf 79' lang='lat' dir='ltr'>per</span> <span class='ocrx_word' id='word_1_49' title='bbox 760 681 866 705; x_wconf 74' lang='lat' dir='ltr'>axem.-</span> 
     </span>
     <span class='ocr_line' id='line_1_11' title="bbox 161 722 863 759; baseline -0.007 -1"><span class='ocrx_word' id='word_1_50' title='bbox 161 723 257 759; x_wconf 79' lang='lat' dir='ltr'>Quid</span> <span class='ocrx_word' id='word_1_51' title='bbox 271 723 308 757; x_wconf 87' lang='lat' dir='ltr'>in</span> <span class='ocrx_word' id='word_1_52' title='bbox 329 727 427 756; x_wconf 81' lang='lat' dir='ltr'>tanto</span> <span class='ocrx_word' id='word_1_53' title='bbox 448 728 485 756; x_wconf 77' lang='lat' dir='ltr'>ot</span> <span class='ocrx_word' id='word_1_54' title='bbox 498 724 584 756; x_wconf 73' lang='lat' dir='ltr'>Mas.</span> <span class='ocrx_word' id='word_1_55' title='bbox 600 726 637 755; x_wconf 93' lang='lat' dir='ltr'>et</span> <span class='ocrx_word' id='word_1_56' title='bbox 651 722 863 756; x_wconf 88' lang='lat' dir='ltr'>eruditorum</span> 
     </span>
     <span class='ocr_line' id='line_1_12' title="bbox 158 771 866 808; baseline -0.006 0"><span class='ocrx_word' id='word_1_57' title='bbox 158 771 316 808; x_wconf 69' lang='lat' dir='ltr'>dissensu</span> <span class='ocrx_word' id='word_1_58' title='bbox 345 774 566 807; x_wconf 84' lang='lat' dir='ltr'>statuendum</span> <span class='ocrx_word' id='word_1_59' title='bbox 581 773 595 806; x_wconf 72' lang='lat' dir='ltr'>i</span> <span class='ocrx_word' id='word_1_60' title='bbox 647 773 735 806; x_wconf 83' lang='lat' dir='ltr'>Mihi</span> <span class='ocrx_word' id='word_1_61' title='bbox 763 773 866 805; x_wconf 84' lang='lat' dir='ltr'>modo</span> 
     </span>
     <span class='ocr_line' id='line_1_13' title="bbox 158 823 863 866; baseline -0.003 -8"><span class='ocrx_word' id='word_1_62' title='bbox 158 826 243 858; x_wconf 75' lang='lat' dir='ltr'>satis</span> <span class='ocrx_word' id='word_1_63' title='bbox 256 830 324 866; x_wconf 78' lang='lat' dir='ltr'>est,</span> <span class='ocrx_word' id='word_1_64' title='bbox 338 825 446 858; x_wconf 72' lang='lat' dir='ltr'>veluti</span> <span class='ocrx_word' id='word_1_65' title='bbox 460 829 576 858; x_wconf 85' lang='lat' dir='ltr'>satura</span> <span class='ocrx_word' id='word_1_66' title='bbox 587 825 697 865; x_wconf 77' lang='lat' dir='ltr'>lance,</span> <span class='ocrx_word' id='word_1_67' title='bbox 711 823 863 856; x_wconf 83' lang='lat' dir='ltr'>diversas</span> 
     </span>
     <span class='ocr_line' id='line_1_14' title="bbox 159 874 862 914; baseline 0 -7"><span class='ocrx_word' id='word_1_68' title='bbox 159 875 338 908; x_wconf 79' lang='lat' dir='ltr'>doctorum</span> <span class='ocrx_word' id='word_1_69' title='bbox 351 875 542 908; x_wconf 82' lang='lat' dir='ltr'>sententias</span> <span class='ocrx_word' id='word_1_70' title='bbox 553 875 675 908; x_wconf 77' lang='lat' dir='ltr'>lectori</span> <span class='ocrx_word' id='word_1_71' title='bbox 686 874 862 914; x_wconf 76' lang='lat' dir='ltr'>obtulisse,</span> 
     </span>
     <span class='ocr_line' id='line_1_15' title="bbox 162 923 864 968; baseline 0 -11"><span class='ocrx_word' id='word_1_72' title='bbox 162 923 273 958; x_wconf 80' lang='lat' dir='ltr'>donec</span> <span class='ocrx_word' id='word_1_73' title='bbox 289 925 419 958; x_wconf 81' lang='lat' dir='ltr'>certius</span> <span class='ocrx_word' id='word_1_74' title='bbox 432 924 514 968; x_wconf 82' lang='lat' dir='ltr'>quid</span> <span class='ocrx_word' id='word_1_75' title='bbox 528 925 750 958; x_wconf 82' lang='lat' dir='ltr'>constituero.</span> <span class='ocrx_word' id='word_1_76' title='bbox 763 947 765 949; x_wconf 95' lang='lat'>-</span> <span class='ocrx_word' id='word_1_77' title='bbox 798 925 864 957; x_wconf 84' lang='lat' dir='ltr'>Ge-</span> 
     </span>
     <span class='ocr_line' id='line_1_16' title="bbox 157 975 863 1019; baseline 0 -11"><span class='ocrx_word' id='word_1_78' title='bbox 157 978 242 1008; x_wconf 69' lang='lat' dir='ltr'>vm.</span> <span class='ocrx_word' id='word_1_79' title='bbox 283 975 425 1011; x_wconf 56' lang='grc' dir='ltr'>Μ’</span> <span class='ocrx_word' id='word_1_80' title='bbox 438 977 574 1019; x_wconf 79' lang='lat' dir='ltr'>portem]</span> <span class='ocrx_word' id='word_1_81' title='bbox 597 975 723 1009; x_wconf 87' lang='lat' dir='ltr'>Omnia</span> <span class='ocrx_word' id='word_1_82' title='bbox 745 985 863 1008; x_wconf 87' lang='lat' dir='ltr'>recen-</span> 
     </span>
     <span class='ocr_line' id='line_1_17' title="bbox 159 1026 862 1069; baseline 0.003 -11"><span class='ocrx_word' id='word_1_83' title='bbox 159 1026 263 1067; x_wconf 75' lang='lat' dir='ltr'>senti,</span> <span class='ocrx_word' id='word_1_84' title='bbox 278 1035 354 1069; x_wconf 67' lang='lat' dir='ltr'>que</span> <span class='ocrx_word' id='word_1_85' title='bbox 369 1026 413 1060; x_wconf 84' lang='lat' dir='ltr'>ad</span> <span class='ocrx_word' id='word_1_86' title='bbox 427 1027 518 1059; x_wconf 85' lang='lat' dir='ltr'>hunc</span> <span class='ocrx_word' id='word_1_87' title='bbox 529 1027 640 1060; x_wconf 80' lang='lat' dir='ltr'>locum</span> <span class='ocrx_word' id='word_1_88' title='bbox 657 1037 677 1059; x_wconf 90' lang='lat' dir='ltr'>a</span> <span class='ocrx_word' id='word_1_89' title='bbox 693 1027 772 1059; x_wconf 82' lang='lat' dir='ltr'>viris</span> <span class='ocrx_word' id='word_1_90' title='bbox 782 1027 862 1060; x_wconf 82' lang='lat' dir='ltr'>doo-</span> 
     </span>
     <span class='ocr_line' id='line_1_18' title="bbox 159 1076 862 1118; baseline 0.001 -10"><span class='ocrx_word' id='word_1_91' title='bbox 159 1076 300 1109; x_wconf 67' lang='lat' dir='ltr'>tissimi:</span> <span class='ocrx_word' id='word_1_92' title='bbox 319 1081 400 1110; x_wconf 86' lang='lat' dir='ltr'>sunt</span> <span class='ocrx_word' id='word_1_93' title='bbox 418 1077 533 1118; x_wconf 81' lang='lat' dir='ltr'>allata,</span> <span class='ocrx_word' id='word_1_94' title='bbox 542 1078 630 1116; x_wconf 80' lang='lat' dir='ltr'>,nihil</span> <span class='ocrx_word' id='word_1_95' title='bbox 646 1078 811 1118; x_wconf 84' lang='lat' dir='ltr'>occurrit,</span> <span class='ocrx_word' id='word_1_96' title='bbox 826 1078 862 1110; x_wconf 86' lang='lat' dir='ltr'>in</span> 
     </span>
     <span class='ocr_line' id='line_1_19' title="bbox 155 1126 862 1170; baseline 0.001 -10"><span class='ocrx_word' id='word_1_97' title='bbox 155 1134 225 1169; x_wconf 78' lang='lat' dir='ltr'>quo</span> <span class='ocrx_word' id='word_1_98' title='bbox 247 1126 369 1161; x_wconf 83' lang='lat' dir='ltr'>sistere</span> <span class='ocrx_word' id='word_1_99' title='bbox 391 1128 531 1170; x_wconf 87' lang='lat' dir='ltr'>possim,</span> <span class='ocrx_word' id='word_1_100' title='bbox 546 1129 610 1160; x_wconf 83' lang='lat' dir='ltr'>nisi</span> <span class='ocrx_word' id='word_1_101' title='bbox 625 1128 716 1161; x_wconf 84' lang='lat' dir='ltr'>sorte</span> <span class='ocrx_word' id='word_1_102' title='bbox 734 1127 862 1161; x_wconf 87' lang='lat' dir='ltr'>refera-</span> 
     </span>
     <span class='ocr_line' id='line_1_20' title="bbox 147 1180 861 1222; baseline 0 -10"><span class='ocrx_word' id='word_1_103' title='bbox 147 1187 231 1212; x_wconf 58' lang='lat' dir='ltr'>mus</span> <span class='ocrx_word' id='word_1_104' title='bbox 243 1187 300 1221; x_wconf 77' lang='lat' dir='ltr'>eo,</span> <span class='ocrx_word' id='word_1_105' title='bbox 316 1183 358 1212; x_wconf 79' lang='lat' dir='ltr'>ut</span> <span class='ocrx_word' id='word_1_106' title='bbox 378 1180 627 1222; x_wconf 73' lang='lat' dir='ltr'>simplicissime</span> <span class='ocrx_word' id='word_1_107' title='bbox 645 1183 767 1221; x_wconf 78' lang='lat' dir='ltr'>partem</span> <span class='ocrx_word' id='word_1_108' title='bbox 780 1180 861 1212; x_wconf 79' lang='lat' dir='ltr'>ebri-</span> 
     </span>
     <span class='ocr_line' id='line_1_21' title="bbox 154 1224 862 1271; baseline 0.003 -10"><span class='ocrx_word' id='word_1_109' title='bbox 154 1238 209 1261; x_wconf 72' lang='lat' dir='ltr'>nus</span> <span class='ocrx_word' id='word_1_110' title='bbox 229 1229 298 1262; x_wconf 80' lang='lat' dir='ltr'>diei</span> <span class='ocrx_word' id='word_1_111' title='bbox 314 1229 460 1262; x_wconf 76' lang='lat' dir='ltr'>Caesaris</span> <span class='ocrx_word' id='word_1_112' title='bbox 479 1224 724 1271; x_wconf 76' lang='lat' dir='ltr'>intelligamus.</span> <span class='ocrx_word' id='word_1_113' title='bbox 768 1230 862 1263; x_wconf 79' lang='lat' dir='ltr'>Tota</span> 
     </span>
     <span class='ocr_line' id='line_1_22' title="bbox 155 1279 860 1322; baseline 0.001 -10"><span class='ocrx_word' id='word_1_114' title='bbox 155 1279 294 1322; x_wconf 79' lang='lat' dir='ltr'>quidem</span> <span class='ocrx_word' id='word_1_115' title='bbox 314 1279 461 1312; x_wconf 76' lang='lat' dir='ltr'>illudies</span> <span class='ocrx_word' id='word_1_116' title='bbox 476 1279 580 1312; x_wconf 77' lang='lat' dir='ltr'>beata</span> <span class='ocrx_word' id='word_1_117' title='bbox 597 1279 665 1312; x_wconf 80' lang='lat' dir='ltr'>fuit</span> <span class='ocrx_word' id='word_1_118' title='bbox 687 1280 769 1312; x_wconf 83' lang='lat' dir='ltr'>laeto</span> <span class='ocrx_word' id='word_1_119' title='bbox 785 1280 860 1313; x_wconf 86' lang='lat' dir='ltr'>Cae-</span> 
     </span>
     <span class='ocr_line' id='line_1_23' title="bbox 155 1324 861 1372; baseline -0.001 -9"><span class='ocrx_word' id='word_1_120' title='bbox 155 1324 246 1371; x_wconf 73' lang='lat' dir='ltr'>aare,</span> <span class='ocrx_word' id='word_1_121' title='bbox 261 1329 323 1363; x_wconf 81' lang='lat' dir='ltr'>sed</span> <span class='ocrx_word' id='word_1_122' title='bbox 338 1339 419 1372; x_wconf 82' lang='lat' dir='ltr'>pars</span> <span class='ocrx_word' id='word_1_123' title='bbox 434 1330 510 1372; x_wconf 85' lang='lat' dir='ltr'>ejus</span> <span class='ocrx_word' id='word_1_124' title='bbox 523 1339 599 1362; x_wconf 76' lang='lat' dir='ltr'>eum</span> <span class='ocrx_word' id='word_1_125' title='bbox 617 1330 695 1372; x_wconf 89' lang='lat' dir='ltr'>ipsi,</span> <span class='ocrx_word' id='word_1_126' title='bbox 712 1334 784 1362; x_wconf 88' lang='lat' dir='ltr'>tum</span> <span class='ocrx_word' id='word_1_127' title='bbox 801 1340 861 1372; x_wconf 87' lang='lat' dir='ltr'>po-</span> 
     </span>
     <span class='ocr_line' id='line_1_24' title="bbox 157 1378 859 1425; baseline 0.003 -13"><span class='ocrx_word' id='word_1_128' title='bbox 157 1378 239 1425; x_wconf 84' lang='lat' dir='ltr'>pulo</span> <span class='ocrx_word' id='word_1_129' title='bbox 268 1380 374 1413; x_wconf 79' lang='lat' dir='ltr'>etiam</span> <span class='ocrx_word' id='word_1_130' title='bbox 401 1380 508 1421; x_wconf 77' lang='lat' dir='ltr'>ebria,</span> <span class='ocrx_word' id='word_1_131' title='bbox 537 1381 697 1414; x_wconf 84' lang='lat' dir='ltr'>convivio</span> <span class='ocrx_word' id='word_1_132' title='bbox 720 1386 757 1414; x_wconf 88' lang='lat' dir='ltr'>et</span> <span class='ocrx_word' id='word_1_133' title='bbox 778 1382 859 1414; x_wconf 84' lang='lat' dir='ltr'>vino</span> 
     </span>
     <span class='ocr_line' id='line_1_25' title="bbox 154 1428 859 1473; baseline 0.003 -10"><span class='ocrx_word' id='word_1_134' title='bbox 154 1428 308 1463; x_wconf 71' lang='lat' dir='ltr'>affluens.</span> <span class='ocrx_word' id='word_1_135' title='bbox 352 1430 452 1473; x_wconf 76' lang='lat' dir='ltr'>Virg-</span> <span class='ocrx_word' id='word_1_136' title='bbox 480 1431 615 1465; x_wconf 81' lang='lat' dir='ltr'>AEneid.</span> <span class='ocrx_word' id='word_1_137' title='bbox 643 1440 699 1464; x_wconf 83' lang='lat' dir='ltr'>rx.</span> <span class='ocrx_word' id='word_1_138' title='bbox 737 1432 790 1465; x_wconf 91' lang='lat' dir='ltr'>‘N</span> <span class='ocrx_word' id='word_1_139' title='bbox 793 1442 859 1465; x_wconf 86' lang='lat' dir='ltr'>une</span> 
     </span>
     <span class='ocr_line' id='line_1_26' title="bbox 155 1481 860 1525; baseline 0.001 -11"><span class='ocrx_word' id='word_1_140' title='bbox 155 1481 257 1522; x_wconf 76' lang='lat' dir='ltr'>adso,</span> <span class='ocrx_word' id='word_1_141' title='bbox 270 1481 392 1514; x_wconf 83' lang='lat' dir='ltr'>melior</span> <span class='ocrx_word' id='word_1_142' title='bbox 403 1481 562 1524; x_wconf 26' lang='lat' dir='ltr'>&#39;quoniam</span> <span class='ocrx_word' id='word_1_143' title='bbox 579 1492 659 1524; x_wconf 88' lang='lat' dir='ltr'>pars</span> <span class='ocrx_word' id='word_1_144' title='bbox 675 1487 753 1515; x_wconf 82' lang='lat' dir='ltr'>acta</span> <span class='ocrx_word' id='word_1_145' title='bbox 776 1483 860 1525; x_wconf 88' lang='lat' dir='ltr'>diei,</span> 
     </span>
     <span class='ocr_line' id='line_1_27' title="bbox 155 1531 859 1574; baseline 0 -8"><span class='ocrx_word' id='word_1_146' title='bbox 155 1531 258 1566; x_wconf 79' lang='lat' dir='ltr'>Quod</span> <span class='ocrx_word' id='word_1_147' title='bbox 279 1535 448 1574; x_wconf 84' lang='lat' dir='ltr'>superest,</span> <span class='ocrx_word' id='word_1_148' title='bbox 469 1533 542 1566; x_wconf 66' lang='lat' dir='ltr'>leti</span> <span class='ocrx_word' id='word_1_149' title='bbox 556 1532 642 1566; x_wconf 88' lang='lat' dir='ltr'>bene</span> <span class='ocrx_word' id='word_1_150' title='bbox 657 1534 760 1574; x_wconf 75' lang='lat' dir='ltr'>gestis</span> <span class='ocrx_word' id='word_1_151' title='bbox 784 1544 859 1566; x_wconf 89' lang='lat' dir='ltr'>cor-</span> 
     </span>
     <span class='ocr_line' id='line_1_28' title="bbox 155 1582 858 1624; baseline 0.003 -10"><span class='ocrx_word' id='word_1_152' title='bbox 155 1591 241 1624; x_wconf 83' lang='lat' dir='ltr'>pora</span> <span class='ocrx_word' id='word_1_153' title='bbox 256 1583 359 1615; x_wconf 85' lang='lat' dir='ltr'>rebus</span> <span class='ocrx_word' id='word_1_154' title='bbox 373 1582 563 1616; x_wconf 67' lang='lat' dir='ltr'>Prae-:rate</span> <span class='ocrx_word' id='word_1_155' title='bbox 579 1583 668 1617; x_wconf 72' lang='lat' dir='ltr'>viri.¹</span> <span class='ocrx_word' id='word_1_156' title='bbox 712 1584 858 1617; x_wconf 85' lang='lat' dir='ltr'>Ovidius</span> 
     </span>
     <span class='ocr_line' id='line_1_29' title="bbox 155 1631 858 1676; baseline 0.004 -12"><span class='ocrx_word' id='word_1_157' title='bbox 155 1631 247 1665; x_wconf 74' lang='lat' dir='ltr'>Met.</span> <span class='ocrx_word' id='word_1_158' title='bbox 265 1632 433 1674; x_wconf 79' lang='lat' dir='ltr'>‘Jamque</span> <span class='ocrx_word' id='word_1_159' title='bbox 449 1632 533 1664; x_wconf 84' lang='lat' dir='ltr'>duas</span> <span class='ocrx_word' id='word_1_160' title='bbox 549 1633 636 1666; x_wconf 81' lang='lat' dir='ltr'>lueis</span> <span class='ocrx_word' id='word_1_161' title='bbox 653 1637 768 1675; x_wconf 84' lang='lat' dir='ltr'>partes</span> <span class='ocrx_word' id='word_1_162' title='bbox 784 1635 858 1676; x_wconf 85' lang='lat' dir='ltr'>Hy·</span> 
     </span>
     <span class='ocr_line' id='line_1_30' title="bbox 154 1683 859 1726; baseline 0.003 -10"><span class='ocrx_word' id='word_1_163' title='bbox 154 1683 297 1726; x_wconf 79' lang='lat' dir='ltr'>perione</span> <span class='ocrx_word' id='word_1_164' title='bbox 306 1691 424 1716; x_wconf 79' lang='lat' dir='ltr'>meuse</span> <span class='ocrx_word' id='word_1_165' title='bbox 433 1683 651 1716; x_wconf 71' lang='lat' dir='ltr'>Discubuere</span> <span class='ocrx_word' id='word_1_166' title='bbox 661 1684 770 1718; x_wconf 63' lang='lat' dir='ltr'>toris:</span> <span class='ocrx_word' id='word_1_167' title='bbox 786 1686 859 1718; x_wconf 88' lang='lat' dir='ltr'>Ho-</span> 
     </span>
     <span class='ocr_line' id='line_1_31' title="bbox 154 1734 858 1776; baseline 0.004 -9"><span class='ocrx_word' id='word_1_168' title='bbox 154 1734 285 1768; x_wconf 78' lang='lat' dir='ltr'>ratius:</span> <span class='ocrx_word' id='word_1_169' title='bbox 306 1735 318 1754; x_wconf 91' lang='lat'>‘</span> <span class='ocrx_word' id='word_1_170' title='bbox 332 1734 410 1767; x_wconf 85' lang='lat' dir='ltr'>Nee</span> <span class='ocrx_word' id='word_1_171' title='bbox 434 1738 571 1776; x_wconf 85' lang='lat' dir='ltr'>partem</span> <span class='ocrx_word' id='word_1_172' title='bbox 592 1735 703 1767; x_wconf 91' lang='lat' dir='ltr'>solido</span> <span class='ocrx_word' id='word_1_173' title='bbox 719 1734 858 1770; x_wconf 83' lang='lat' dir='ltr'>demere</span> 
     </span>
     <span class='ocr_line' id='line_1_32' title="bbox 154 1783 456 1817; baseline 0 -1"><span class='ocrx_word' id='word_1_174' title='bbox 154 1783 200 1817; x_wconf 81' lang='lat' dir='ltr'>de</span> <span class='ocrx_word' id='word_1_175' title='bbox 212 1783 293 1817; x_wconf 72' lang='lat' dir='ltr'>die-⁸</span> <span class='ocrx_word' id='word_1_176' title='bbox 317 1784 456 1817; x_wconf 75' lang='lat' dir='ltr'>Gronov.</span> 
     </span>
    </p>

    <p class='ocr_par' dir='ltr' id='par_1_4' title="bbox 151 1835 857 2029">
     <span class='ocr_line' id='line_1_33' title="bbox 157 1835 857 1877; baseline 0.001 -9"><span class='ocrx_word' id='word_1_177' title='bbox 157 1850 163 1855; x_wconf 51' lang='lat'><em>⁶</em></span> <span class='ocrx_word' id='word_1_178' title='bbox 198 1837 241 1868; x_wconf 81' lang='lat'>1⁰</span> <span class='ocrx_word' id='word_1_179' title='bbox 259 1835 340 1868; x_wconf 65' lang='lat' dir='ltr'>«lm</span> <span class='ocrx_word' id='word_1_180' title='bbox 360 1835 491 1868; x_wconf 67' lang='lat' dir='ltr'>bellaria</span> <span class='ocrx_word' id='word_1_181' title='bbox 515 1835 644 1877; x_wconf 77' lang='lat' dir='ltr'>adorea]</span> <span class='ocrx_word' id='word_1_182' title='bbox 664 1836 815 1869; x_wconf 79' lang='lat' dir='ltr'>Bellaria</span> <span class='ocrx_word' id='word_1_183' title='bbox 837 1848 857 1870; x_wconf 88' lang='lat' dir='ltr'>a</span> 
     </span>
     <span class='ocr_line' id='line_1_34' title="bbox 155 1881 856 1928; baseline 0 -9"><span class='ocrx_word' id='word_1_184' title='bbox 155 1881 293 1919; x_wconf 66' lang='lat' dir='ltr'>Graecis</span> <span class='ocrx_word' id='word_1_185' title='bbox 304 1883 503 1927; x_wconf 63' lang='grc' dir='ltr'>τραγήματα,</span> <span class='ocrx_word' id='word_1_186' title='bbox 516 1884 664 1926; x_wconf 70' lang='grc' dir='ltr'>πέμματα</span> <span class='ocrx_word' id='word_1_187' title='bbox 671 1886 834 1919; x_wconf 83' lang='lat' dir='ltr'>dicuntur</span> <span class='ocrx_word' id='word_1_188' title='bbox 846 1898 856 1928; x_wconf 87' lang='lat'>;</span> 
     </span>
     <span class='ocr_line' id='line_1_35' title="bbox 151 1937 856 1969; baseline 0.001 -1"><span class='ocrx_word' id='word_1_189' title='bbox 151 1937 356 1969; x_wconf 65' lang='lat' dir='ltr'>nomadas-m</span> <span class='ocrx_word' id='word_1_190' title='bbox 376 1945 553 1969; x_wconf 68' lang='lat' dir='ltr'>mensas-um</span> <span class='ocrx_word' id='word_1_191' title='bbox 571 1937 645 1969; x_wconf 80' lang='lat' dir='ltr'>cibi.</span> <span class='ocrx_word' id='word_1_192' title='bbox 690 1937 760 1969; x_wconf 89' lang='lat' dir='ltr'>Pro</span> <span class='ocrx_word' id='word_1_193' title='bbox 777 1937 856 1969; x_wconf 85' lang='lat' dir='ltr'>libis</span> 
     </span>
     <span class='ocr_line' id='line_1_36' title="bbox 152 1985 856 2029; baseline 0.004 -11"><span class='ocrx_word' id='word_1_194' title='bbox 152 1985 328 2019; x_wconf 82' lang='lat' dir='ltr'>dulciariis</span> <span class='ocrx_word' id='word_1_195' title='bbox 350 1986 497 2028; x_wconf 75' lang='lat' dir='ltr'>accipit:</span> <span class='ocrx_word' id='word_1_196' title='bbox 521 1992 707 2029; x_wconf 75' lang='lat' dir='ltr'>propterea</span> <span class='ocrx_word' id='word_1_197' title='bbox 731 1988 794 2028; x_wconf 87' lang='lat' dir='ltr'>ait,</span> <span class='ocrx_word' id='word_1_198' title='bbox 811 1990 856 2021; x_wconf 77' lang='lat' dir='ltr'>Ee</span> 
     </span>
    </p>
   </div>
   <div class='ocr_carea' id='block_1_4' title="bbox 0 2015 857 2089">
    <p class='ocr_par' dir='ltr' id='par_1_5' title="bbox 0 2015 857 2089">
     <span class='ocr_line' id='line_1_37' title="bbox 0 2015 857 2089; baseline 0.007 -24"><span class='ocrx_word' id='word_1_199' title='bbox 0 2043 4 2050; x_wconf 78' lang='lat'><strong><em>¹</em></strong></span> <span class='ocrx_word' id='word_1_200' title='bbox 35 2015 49 2089; x_wconf 17' lang='grc' dir='ltr'>ι’,</span> <span class='ocrx_word' id='word_1_201' title='bbox 151 2035 343 2070; x_wconf 72' lang='lat' dir='ltr'>adoreuls&#39;boe</span> <span class='ocrx_word' id='word_1_202' title='bbox 362 2045 420 2078; x_wconf 81' lang='lat' dir='ltr'>per</span> <span class='ocrx_word' id='word_1_203' title='bbox 437 2037 575 2070; x_wconf 71' lang='lat' dir='ltr'>herbam.</span> <span class='ocrx_word' id='word_1_204' title='bbox 619 2036 692 2070; x_wconf 84' lang='lat' dir='ltr'>Alii</span> <span class='ocrx_word' id='word_1_205' title='bbox 719 2038 857 2071; x_wconf 72' lang='lat' dir='ltr'>codices</span> 
     </span>
    </p>
   </div>
   <div class='ocr_carea' id='block_1_5' title="bbox 149 2085 858 2837">
    <p class='ocr_par' dir='ltr' id='par_1_6' title="bbox 149 2085 858 2837">
     <span class='ocr_line' id='line_1_38' title="bbox 151 2085 856 2131; baseline 0.006 -13"><span class='ocrx_word' id='word_1_206' title='bbox 151 2086 282 2119; x_wconf 64' lang='lat' dir='ltr'>hbent</span> <span class='ocrx_word' id='word_1_207' title='bbox 301 2085 439 2119; x_wconf 74' lang='lat' dir='ltr'>velaria:</span> <span class='ocrx_word' id='word_1_208' title='bbox 461 2091 501 2120; x_wconf 82' lang='lat' dir='ltr'>ut</span> <span class='ocrx_word' id='word_1_209' title='bbox 516 2087 660 2129; x_wconf 68' lang='lat' dir='ltr'>dieas‚&#39;e</span> <span class='ocrx_word' id='word_1_210' title='bbox 685 2089 768 2121; x_wconf 82' lang='lat' dir='ltr'>velis</span> <span class='ocrx_word' id='word_1_211' title='bbox 783 2090 856 2131; x_wconf 91' lang='lat' dir='ltr'>qui-</span> 
     </span>
     <span class='ocr_line' id='line_1_39' title="bbox 151 2135 858 2179; baseline 0.004 -10"><span class='ocrx_word' id='word_1_212' title='bbox 151 2135 217 2169; x_wconf 80' lang='lat' dir='ltr'>bus</span> <span class='ocrx_word' id='word_1_213' title='bbox 242 2136 427 2179; x_wconf 70' lang='lat' dir='ltr'>tegebatur</span> <span class='ocrx_word' id='word_1_214' title='bbox 460 2137 746 2179; x_wconf 74' lang='lat' dir='ltr'>amphitheatrum</span> <span class='ocrx_word' id='word_1_215' title='bbox 783 2140 858 2172; x_wconf 77' lang='lat' dir='ltr'>lraee</span> 
     </span>
     <span class='ocr_line' id='line_1_40' title="bbox 151 2182 855 2234; baseline 0.006 -15"><span class='ocrx_word' id='word_1_216' title='bbox 151 2182 325 2234; x_wconf 70' lang='lat' dir='ltr'>decidisse</span> <span class='ocrx_word' id='word_1_217' title='bbox 342 2196 353 2219; x_wconf 67' lang='grc' dir='ltr'><strong><em>ε</em></strong></span> <span class='ocrx_word' id='word_1_218' title='bbox 388 2188 506 2228; x_wconf 73' lang='lat' dir='ltr'>placet</span> <span class='ocrx_word' id='word_1_219' title='bbox 539 2189 635 2230; x_wconf 88' lang='lat' dir='ltr'>prior</span> <span class='ocrx_word' id='word_1_220' title='bbox 671 2190 855 2224; x_wconf 78' lang='lat' dir='ltr'>sententia.</span> 
     </span>
     <span class='ocr_line' id='line_1_41' title="bbox 151 2236 857 2280; baseline 0.004 -11"><span class='ocrx_word' id='word_1_221' title='bbox 151 2237 325 2271; x_wconf 69' lang='lat' dir='ltr'>Dmieim.</span> <span class='ocrx_word' id='word_1_222' title='bbox 350 2237 507 2279; x_wconf 69' lang='lat' dir='ltr'>Bellon-ia,</span> <span class='ocrx_word' id='word_1_223' title='bbox 527 2237 596 2280; x_wconf 56' lang='grc' dir='ltr'>ξω]</span> <span class='ocrx_word' id='word_1_224' title='bbox 619 2239 660 2271; x_wconf 81' lang='lat' dir='ltr'>Id</span> <span class='ocrx_word' id='word_1_225' title='bbox 685 2236 751 2280; x_wconf 70' lang='lat' dir='ltr'>est,</span> <span class='ocrx_word' id='word_1_226' title='bbox 775 2241 857 2272; x_wconf 86' lang='lat' dir='ltr'>Far-</span> 
     </span>
     <span class='ocr_line' id='line_1_42' title="bbox 152 2287 857 2332; baseline 0.003 -12"><span class='ocrx_word' id='word_1_227' title='bbox 152 2294 270 2329; x_wconf 71' lang='lat' dir='ltr'>ncea,</span> <span class='ocrx_word' id='word_1_228' title='bbox 296 2291 336 2322; x_wconf 84' lang='lat' dir='ltr'>ut</span> <span class='ocrx_word' id='word_1_229' title='bbox 363 2287 488 2320; x_wconf 76' lang='lat' dir='ltr'>adorea</span> <span class='ocrx_word' id='word_1_230' title='bbox 516 2288 586 2321; x_wconf 85' lang='lat' dir='ltr'>liba</span> <span class='ocrx_word' id='word_1_231' title='bbox 615 2289 705 2330; x_wconf 88' lang='lat' dir='ltr'>apud</span> <span class='ocrx_word' id='word_1_232' title='bbox 737 2290 857 2332; x_wconf 80' lang='lat' dir='ltr'>virgil.</span> 
     </span>
     <span class='ocr_line' id='line_1_43' title="bbox 151 2337 857 2380; baseline 0.004 -9"><span class='ocrx_word' id='word_1_233' title='bbox 151 2337 256 2371; x_wconf 53' lang='lat' dir='ltr'>A&#39;dor*</span> <span class='ocrx_word' id='word_1_234' title='bbox 273 2339 362 2371; x_wconf 82' lang='lat' dir='ltr'>enim</span> <span class='ocrx_word' id='word_1_235' title='bbox 381 2337 483 2371; x_wconf 84' lang='lat' dir='ltr'>farris</span> <span class='ocrx_word' id='word_1_236' title='bbox 501 2349 608 2380; x_wconf 80' lang='lat' dir='ltr'>genus</span> <span class='ocrx_word' id='word_1_237' title='bbox 624 2340 727 2372; x_wconf 86' lang='lat' dir='ltr'>Festo</span> <span class='ocrx_word' id='word_1_238' title='bbox 751 2341 809 2373; x_wconf 90' lang='lat' dir='ltr'>lib.</span> <span class='ocrx_word' id='word_1_239' title='bbox 830 2350 857 2374; x_wconf 85' lang='lat' dir='ltr'>r.</span> 
     </span>
     <span class='ocr_line' id='line_1_44' title="bbox 150 2387 858 2432; baseline 0.004 -11"><span class='ocrx_word' id='word_1_240' title='bbox 150 2387 294 2429; x_wconf 76' lang='lat' dir='ltr'>dicitur,</span> <span class='ocrx_word' id='word_1_241' title='bbox 309 2389 574 2422; x_wconf 51' lang='lat' dir='ltr'>et‘substaniive</span> <span class='ocrx_word' id='word_1_242' title='bbox 590 2390 730 2432; x_wconf 88' lang='lat' dir='ltr'>adorea,</span> <span class='ocrx_word' id='word_1_243' title='bbox 745 2396 781 2423; x_wconf 86' lang='lat' dir='ltr'>et</span> <span class='ocrx_word' id='word_1_244' title='bbox 797 2401 858 2424; x_wconf 85' lang='lat' dir='ltr'>ex-</span> 
     </span>
     <span class='ocr_line' id='line_1_45' title="bbox 151 2438 856 2483; baseline 0.004 -12"><span class='ocrx_word' id='word_1_245' title='bbox 151 2438 292 2480; x_wconf 58' lang='lat' dir='ltr'>pbnitnr</span> <span class='ocrx_word' id='word_1_246' title='bbox 305 2439 340 2471; x_wconf 91' lang='lat' dir='ltr'>in</span> <span class='ocrx_word' id='word_1_247' title='bbox 356 2440 522 2482; x_wconf 76' lang='lat' dir='ltr'>glossario</span> <span class='ocrx_word' id='word_1_248' title='bbox 536 2438 615 2473; x_wconf 67' lang='grc' dir='ltr'>ἅδος</span> <span class='ocrx_word' id='word_1_249' title='bbox 628 2439 728 2473; x_wconf 76' lang='grc' dir='ltr'><strong><em>σίτου.</em></strong></span> <span class='ocrx_word' id='word_1_250' title='bbox 753 2441 856 2483; x_wconf 82' lang='lat' dir='ltr'><strong>Apud</strong></span> 
     </span>
     <span class='ocr_line' id='line_1_46' title="bbox 150 2487 857 2531; baseline 0.004 -10"><span class='ocrx_word' id='word_1_251' title='bbox 150 2487 269 2522; x_wconf 81' lang='lat' dir='ltr'>Plaut.</span> <span class='ocrx_word' id='word_1_252' title='bbox 279 2487 384 2531; x_wconf 80' lang='lat' dir='ltr'>Apul.</span> <span class='ocrx_word' id='word_1_253' title='bbox 394 2494 430 2522; x_wconf 82' lang='lat' dir='ltr'>et</span> <span class='ocrx_word' id='word_1_254' title='bbox 443 2494 578 2522; x_wconf 79' lang='lat' dir='ltr'>veteres</span> <span class='ocrx_word' id='word_1_255' title='bbox 588 2491 857 2525; x_wconf 88' lang='lat' dir='ltr'>adorealaudem</span> 
     </span>
     <span class='ocr_line' id='line_1_47' title="bbox 152 2541 855 2584; baseline 0.004 -10"><span class='ocrx_word' id='word_1_256' title='bbox 152 2541 339 2584; x_wconf 69' lang='lat' dir='ltr'>significat,</span> <span class='ocrx_word' id='word_1_257' title='bbox 367 2546 408 2574; x_wconf 85' lang='lat' dir='ltr'>ut</span> <span class='ocrx_word' id='word_1_258' title='bbox 436 2543 572 2576; x_wconf 82' lang='lat' dir='ltr'>notavit</span> <span class='ocrx_word' id='word_1_259' title='bbox 601 2543 691 2576; x_wconf 80' lang='lat' dir='ltr'>idem</span> <span class='ocrx_word' id='word_1_260' title='bbox 719 2545 855 2578; x_wconf 82' lang='lat' dir='ltr'>Festus.</span> 
     </span>
     <span class='ocr_line' id='line_1_48' title="bbox 149 2591 856 2627; baseline 0.004 -3"><span class='ocrx_word' id='word_1_261' title='bbox 149 2592 162 2613; x_wconf 55' lang='grc' dir='ltr'>ί</span> <span class='ocrx_word' id='word_1_262' title='bbox 177 2591 304 2626; x_wconf 80' lang='lat' dir='ltr'>Pluere</span> <span class='ocrx_word' id='word_1_263' title='bbox 330 2593 475 2625; x_wconf 79' lang='lat' dir='ltr'>bellaria</span> <span class='ocrx_word' id='word_1_264' title='bbox 490 2593 500 2607; x_wconf 90' lang='lat'>’</span> <span class='ocrx_word' id='word_1_265' title='bbox 520 2593 682 2626; x_wconf 86' lang='lat' dir='ltr'>dicuntur</span> <span class='ocrx_word' id='word_1_266' title='bbox 697 2603 740 2626; x_wconf 88' lang='lat' dir='ltr'>eo</span> <span class='ocrx_word' id='word_1_267' title='bbox 754 2603 856 2627; x_wconf 84' lang='lat' dir='ltr'>sensu</span> 
     </span>
     <span class='ocr_line' id='line_1_49' title="bbox 150 2641 855 2685; baseline 0.003 -11"><span class='ocrx_word' id='word_1_268' title='bbox 150 2650 220 2685; x_wconf 78' lang='lat' dir='ltr'>quo</span> <span class='ocrx_word' id='word_1_269' title='bbox 242 2641 372 2675; x_wconf 83' lang='lat' dir='ltr'>imbres</span> <span class='ocrx_word' id='word_1_270' title='bbox 385 2642 520 2676; x_wconf 82' lang='lat' dir='ltr'>odorati</span> <span class='ocrx_word' id='word_1_271' title='bbox 534 2643 625 2684; x_wconf 88' lang='lat' dir='ltr'>apud</span> <span class='ocrx_word' id='word_1_272' title='bbox 641 2644 806 2677; x_wconf 83' lang='lat' dir='ltr'>Senecam</span> <span class='ocrx_word' id='word_1_273' title='bbox 820 2645 855 2676; x_wconf 86' lang='lat' dir='ltr'>in</span> 
     </span>
     <span class='ocr_line' id='line_1_50' title="bbox 152 2691 856 2736; baseline 0.004 -12"><span class='ocrx_word' id='word_1_274' title='bbox 152 2691 316 2726; x_wconf 78' lang='lat' dir='ltr'>controv.</span> <span class='ocrx_word' id='word_1_275' title='bbox 354 2692 443 2726; x_wconf 75' lang='lat' dir='ltr'>Haec</span> <span class='ocrx_word' id='word_1_276' title='bbox 475 2694 565 2726; x_wconf 89' lang='lat' dir='ltr'>enim</span> <span class='ocrx_word' id='word_1_277' title='bbox 593 2695 724 2736; x_wconf 75' lang='lat' dir='ltr'>sparsio</span> <span class='ocrx_word' id='word_1_278' title='bbox 749 2695 856 2728; x_wconf 82' lang='lat' dir='ltr'>missi-</span> 
     </span>
     <span class='ocr_line' id='line_1_51' title="bbox 151 2741 854 2779; baseline 0.009 -6"><span class='ocrx_word' id='word_1_279' title='bbox 151 2741 234 2774; x_wconf 77' lang='lat' dir='ltr'>lium</span> <span class='ocrx_word' id='word_1_280' title='bbox 246 2741 358 2776; x_wconf 84' lang='lat' dir='ltr'>imber</span> <span class='ocrx_word' id='word_1_281' title='bbox 368 2744 577 2777; x_wconf 76' lang='lat' dir='ltr'>translatitie</span> <span class='ocrx_word' id='word_1_282' title='bbox 590 2750 744 2778; x_wconf 85' lang='lat' dir='ltr'>vocatur.</span> <span class='ocrx_word' id='word_1_283' title='bbox 759 2746 854 2779; x_wconf 86' lang='lat' dir='ltr'>Mar-</span> 
     </span>
     <span class='ocr_line' id='line_1_52' title="bbox 150 2791 715 2837; baseline 0.004 -10"><span class='ocrx_word' id='word_1_284' title='bbox 150 2792 204 2827; x_wconf 76' lang='lat' dir='ltr'>sil.</span> <span class='ocrx_word' id='word_1_285' title='bbox 220 2791 254 2827; x_wconf 88' lang='lat' dir='ltr'>in</span> <span class='ocrx_word' id='word_1_286' title='bbox 269 2791 422 2837; x_wconf 73' lang='lat' dir='ltr'>Amphis.</span> <span class='ocrx_word' id='word_1_287' title='bbox 434 2794 541 2829; x_wconf 78' lang='lat' dir='ltr'>Mart.</span> <span class='ocrx_word' id='word_1_288' title='bbox 568 2795 715 2829; x_wconf 73' lang='lat' dir='ltr'>Crucem.</span> 
     </span>
    </p>
   </div>
   <div class='ocr_carea' id='block_1_6' title="bbox 1506 211 1620 254">
    <p class='ocr_par' dir='ltr' id='par_1_7' title="bbox 1506 211 1620 254">
     <span class='ocr_line' id='line_1_53' title="bbox 1506 211 1620 254; baseline 0.009 -1"><span class='ocrx_word' id='word_1_289' title='bbox 1506 211 1620 254; x_wconf 79' lang='grc'><strong>1663</strong></span> 
     </span>
    </p>
   </div>
   <div class='ocr_carea' id='block_1_7' title="bbox 908 317 1623 1782">
    <p class='ocr_par' dir='ltr' id='par_1_8' title="bbox 916 317 1623 512">
     <span class='ocr_line' id='line_1_54' title="bbox 962 317 1623 360; baseline 0 -10"><span class='ocrx_word' id='word_1_290' title='bbox 962 320 1002 351; x_wconf 75' lang='grc'>18</span> <span class='ocrx_word' id='word_1_291' title='bbox 1025 318 1124 359; x_wconf 70' lang='lat' dir='ltr'>Jugz’e</span> <span class='ocrx_word' id='word_1_292' title='bbox 1147 318 1289 360; x_wconf 64' lang='lat' dir='ltr'>Idumen]</span> <span class='ocrx_word' id='word_1_293' title='bbox 1326 317 1464 350; x_wconf 79' lang='lat' dir='ltr'>Palmas</span> <span class='ocrx_word' id='word_1_294' title='bbox 1494 317 1623 350; x_wconf 77' lang='lat' dir='ltr'>intelli-</span> 
     </span>
     <span class='ocr_line' id='line_1_55' title="bbox 917 367 1622 411; baseline 0.001 -11"><span class='ocrx_word' id='word_1_295' title='bbox 917 369 979 409; x_wconf 82' lang='lat' dir='ltr'>git.</span> <span class='ocrx_word' id='word_1_296' title='bbox 1025 369 1115 402; x_wconf 89' lang='lat' dir='ltr'>Nam</span> <span class='ocrx_word' id='word_1_297' title='bbox 1141 369 1306 408; x_wconf 64' lang='lat' dir='ltr'>Idumam,</span> <span class='ocrx_word' id='word_1_298' title='bbox 1328 377 1404 411; x_wconf 80' lang='lat' dir='ltr'>quae</span> <span class='ocrx_word' id='word_1_299' title='bbox 1430 367 1559 400; x_wconf 78' lang='lat' dir='ltr'>Arabia</span> <span class='ocrx_word' id='word_1_300' title='bbox 1580 368 1622 401; x_wconf 83' lang='lat' dir='ltr'>fi-</span> 
     </span>
     <span class='ocr_line' id='line_1_56' title="bbox 917 419 1620 460; baseline 0 -10"><span class='ocrx_word' id='word_1_301' title='bbox 917 420 1009 451; x_wconf 79' lang='lat' dir='ltr'>nitur</span> <span class='ocrx_word' id='word_1_302' title='bbox 1035 429 1056 452; x_wconf 83' lang='lat' dir='ltr'>a</span> <span class='ocrx_word' id='word_1_303' title='bbox 1086 419 1238 460; x_wconf 89' lang='lat' dir='ltr'>Pelusio,</span> <span class='ocrx_word' id='word_1_304' title='bbox 1258 423 1311 451; x_wconf 87' lang='lat'>65.</span> <span class='ocrx_word' id='word_1_305' title='bbox 1334 419 1439 450; x_wconf 86' lang='lat' dir='ltr'>millia</span> <span class='ocrx_word' id='word_1_306' title='bbox 1462 428 1620 459; x_wconf 81' lang='lat' dir='ltr'>passuum</span> 
     </span>
     <span class='ocr_line' id='line_1_57' title="bbox 916 470 1554 512; baseline 0 -10"><span class='ocrx_word' id='word_1_307' title='bbox 916 470 1078 512; x_wconf 83' lang='lat' dir='ltr'>palmetis</span> <span class='ocrx_word' id='word_1_308' title='bbox 1090 471 1275 511; x_wconf 73' lang='lat' dir='ltr'>conspicua</span> <span class='ocrx_word' id='word_1_309' title='bbox 1291 475 1356 501; x_wconf 81' lang='lat' dir='ltr'>est.</span> <span class='ocrx_word' id='word_1_310' title='bbox 1382 470 1554 502; x_wconf 80' lang='lat' dir='ltr'>Domitius.</span> 
     </span>
    </p>

    <p class='ocr_par' dir='ltr' id='par_1_9' title="bbox 908 520 1623 1782">
     <span class='ocr_line' id='line_1_58' title="bbox 960 520 1623 564; baseline -0.002 -10"><span class='ocrx_word' id='word_1_311' title='bbox 960 523 1000 553; x_wconf 81' lang='lat'>15</span> <span class='ocrx_word' id='word_1_312' title='bbox 1023 522 1068 554; x_wconf 79' lang='lat' dir='ltr'>Et</span> <span class='ocrx_word' id='word_1_313' title='bbox 1083 531 1160 564; x_wconf 73' lang='lat' dir='ltr'>quas</span> <span class='ocrx_word' id='word_1_314' title='bbox 1172 521 1343 563; x_wconf 78' lang='lat' dir='ltr'>proecoquit</span> <span class='ocrx_word' id='word_1_315' title='bbox 1357 520 1474 552; x_wconf 77' lang='lat' dir='ltr'>Ebosia</span> <span class='ocrx_word' id='word_1_316' title='bbox 1488 520 1623 563; x_wconf 68' lang='lat' dir='ltr'>cannas}</span> 
     </span>
     <span class='ocr_line' id='line_1_59' title="bbox 917 570 1619 606; baseline -0.004 -1"><span class='ocrx_word' id='word_1_317' title='bbox 917 571 1084 606; x_wconf 82' lang='lat' dir='ltr'>Quaenam</span> <span class='ocrx_word' id='word_1_318' title='bbox 1114 572 1169 604; x_wconf 84' lang='lat' dir='ltr'>hic</span> <span class='ocrx_word' id='word_1_319' title='bbox 1197 582 1217 603; x_wconf 90' lang='lat' dir='ltr'>a</span> <span class='ocrx_word' id='word_1_320' title='bbox 1247 570 1358 604; x_wconf 68' lang='lat' dir='ltr'>Poeta</span> <span class='ocrx_word' id='word_1_321' title='bbox 1386 571 1505 603; x_wconf 79' lang='lat' dir='ltr'>Ebosia</span> <span class='ocrx_word' id='word_1_322' title='bbox 1527 571 1619 603; x_wconf 77' lang='lat' dir='ltr'>dica-</span> 
     </span>
     <span class='ocr_line' id='line_1_60' title="bbox 915 621 1621 665; baseline -0.004 -10"><span class='ocrx_word' id='word_1_323' title='bbox 915 626 982 659; x_wconf 84' lang='lat' dir='ltr'>tur,</span> <span class='ocrx_word' id='word_1_324' title='bbox 1005 622 1138 665; x_wconf 89' lang='lat' dir='ltr'>jamdiu</span> <span class='ocrx_word' id='word_1_325' title='bbox 1167 622 1349 665; x_wconf 78' lang='lat' dir='ltr'>quaesitum</span> <span class='ocrx_word' id='word_1_326' title='bbox 1379 622 1458 653; x_wconf 84' lang='lat' dir='ltr'>viris</span> <span class='ocrx_word' id='word_1_327' title='bbox 1496 621 1621 662; x_wconf 84' lang='lat' dir='ltr'>doctis,</span> 
     </span>
     <span class='ocr_line' id='line_1_61' title="bbox 915 673 1619 716; baseline 0 -11"><span class='ocrx_word' id='word_1_328' title='bbox 915 674 1109 716; x_wconf 83' lang='lat' dir='ltr'>saepiusque</span> <span class='ocrx_word' id='word_1_329' title='bbox 1125 673 1291 715; x_wconf 82' lang='lat' dir='ltr'>ampliata</span> <span class='ocrx_word' id='word_1_330' title='bbox 1306 682 1419 710; x_wconf 85' lang='lat' dir='ltr'>eausa,</span> <span class='ocrx_word' id='word_1_331' title='bbox 1441 673 1523 704; x_wconf 82' lang='lat' dir='ltr'>nihil</span> <span class='ocrx_word' id='word_1_332' title='bbox 1541 682 1619 714; x_wconf 89' lang='lat' dir='ltr'>pro-</span> 
     </span>
     <span class='ocr_line' id='line_1_62' title="bbox 912 723 1621 766; baseline -0.001 -10"><span class='ocrx_word' id='word_1_333' title='bbox 912 724 1124 757; x_wconf 85' lang='lat' dir='ltr'>nunciatum.</span> <span class='ocrx_word' id='word_1_334' title='bbox 1163 723 1336 756; x_wconf 82' lang='lat' dir='ltr'>Domitius</span> <span class='ocrx_word' id='word_1_335' title='bbox 1352 724 1469 755; x_wconf 87' lang='lat' dir='ltr'>nescio</span> <span class='ocrx_word' id='word_1_336' title='bbox 1482 733 1558 766; x_wconf 84' lang='lat' dir='ltr'>quae</span> <span class='ocrx_word' id='word_1_337' title='bbox 1573 723 1621 756; x_wconf 87' lang='lat' dir='ltr'>de</span> 
     </span>
     <span class='ocr_line' id='line_1_63' title="bbox 914 772 1619 815; baseline -0.004 -8"><span class='ocrx_word' id='word_1_338' title='bbox 914 775 1043 807; x_wconf 88' lang='lat' dir='ltr'>Libano</span> <span class='ocrx_word' id='word_1_339' title='bbox 1059 779 1096 807; x_wconf 85' lang='lat' dir='ltr'>et</span> <span class='ocrx_word' id='word_1_340' title='bbox 1117 773 1317 807; x_wconf 85' lang='lat' dir='ltr'>Antilibano</span> <span class='ocrx_word' id='word_1_341' title='bbox 1334 772 1460 810; x_wconf 82' lang='lat' dir='ltr'>adfert,</span> <span class='ocrx_word' id='word_1_342' title='bbox 1475 783 1551 815; x_wconf 84' lang='lat' dir='ltr'>quae</span> <span class='ocrx_word' id='word_1_343' title='bbox 1568 774 1619 804; x_wconf 89' lang='lat' dir='ltr'>ni-</span> 
     </span>
     <span class='ocr_line' id='line_1_64' title="bbox 912 824 1619 865; baseline -0.003 -9"><span class='ocrx_word' id='word_1_344' title='bbox 912 825 960 857; x_wconf 85' lang='lat' dir='ltr'>hil</span> <span class='ocrx_word' id='word_1_345' title='bbox 987 824 1031 857; x_wconf 86' lang='lat' dir='ltr'>ad</span> <span class='ocrx_word' id='word_1_346' title='bbox 1054 824 1244 858; x_wconf 83' lang='lat' dir='ltr'>Bacchum.</span> <span class='ocrx_word' id='word_1_347' title='bbox 1289 824 1361 856; x_wconf 88' lang='lat' dir='ltr'>Alii</span> <span class='ocrx_word' id='word_1_348' title='bbox 1389 824 1522 865; x_wconf 85' lang='lat' dir='ltr'>legunt,</span> <span class='ocrx_word' id='word_1_349' title='bbox 1546 827 1619 855; x_wconf 84' lang='lat' dir='ltr'>tota</span> 
     </span>
     <span class='ocr_line' id='line_1_65' title="bbox 914 876 1619 917; baseline -0.004 -8"><span class='ocrx_word' id='word_1_350' title='bbox 914 886 1029 909; x_wconf 81' lang='lat' dir='ltr'>versus</span> <span class='ocrx_word' id='word_1_351' title='bbox 1044 876 1134 909; x_wconf 82' lang='lat' dir='ltr'>facie</span> <span class='ocrx_word' id='word_1_352' title='bbox 1157 877 1356 908; x_wconf 87' lang='lat' dir='ltr'>immutata:</span> <span class='ocrx_word' id='word_1_353' title='bbox 1381 877 1428 907; x_wconf 84' lang='lat' dir='ltr'>Et</span> <span class='ocrx_word' id='word_1_354' title='bbox 1448 885 1517 917; x_wconf 72' lang='lat' dir='ltr'>quae</span> <span class='ocrx_word' id='word_1_355' title='bbox 1535 885 1619 917; x_wconf 82' lang='lat' dir='ltr'>proe-</span> 
     </span>
     <span class='ocr_line' id='line_1_66' title="bbox 911 926 1618 969; baseline -0.004 -9"><span class='ocrx_word' id='word_1_356' title='bbox 911 928 1034 961; x_wconf 68' lang='lat' dir='ltr'>coc-ibus</span> <span class='ocrx_word' id='word_1_357' title='bbox 1047 931 1171 969; x_wconf 79' lang='lat' dir='ltr'>reposta</span> <span class='ocrx_word' id='word_1_358' title='bbox 1188 928 1308 960; x_wconf 77' lang='lat' dir='ltr'>cannis.</span> <span class='ocrx_word' id='word_1_359' title='bbox 1340 928 1413 969; x_wconf 84' lang='lat' dir='ltr'>Ego</span> <span class='ocrx_word' id='word_1_360' title='bbox 1428 926 1547 958; x_wconf 76' lang='lat' dir='ltr'>addita</span> <span class='ocrx_word' id='word_1_361' title='bbox 1562 926 1618 958; x_wconf 87' lang='lat' dir='ltr'>lit-</span> 
     </span>
     <span class='ocr_line' id='line_1_67' title="bbox 912 976 1619 1011; baseline -0.003 0"><span class='ocrx_word' id='word_1_362' title='bbox 912 979 1025 1011; x_wconf 79' lang='lat' dir='ltr'>terula</span> <span class='ocrx_word' id='word_1_363' title='bbox 1040 988 1084 1010; x_wconf 85' lang='lat' dir='ltr'>ex</span> <span class='ocrx_word' id='word_1_364' title='bbox 1101 984 1172 1010; x_wconf 87' lang='lat' dir='ltr'>vet.</span> <span class='ocrx_word' id='word_1_365' title='bbox 1198 977 1276 1009; x_wconf 89' lang='lat' dir='ltr'>cod.</span> <span class='ocrx_word' id='word_1_366' title='bbox 1299 976 1515 1009; x_wconf 82' lang='lat' dir='ltr'>scribendum</span> <span class='ocrx_word' id='word_1_367' title='bbox 1539 986 1619 1009; x_wconf 80' lang='lat' dir='ltr'>cen-</span> 
     </span>
     <span class='ocr_line' id='line_1_68' title="bbox 912 1028 1619 1072; baseline -0.004 -9"><span class='ocrx_word' id='word_1_368' title='bbox 912 1041 983 1068; x_wconf 86' lang='lat' dir='ltr'>seo,</span> <span class='ocrx_word' id='word_1_369' title='bbox 1000 1031 1046 1063; x_wconf 78' lang='lat' dir='ltr'>Ee</span> <span class='ocrx_word' id='word_1_370' title='bbox 1058 1041 1135 1072; x_wconf 83' lang='lat' dir='ltr'>quas</span> <span class='ocrx_word' id='word_1_371' title='bbox 1154 1030 1326 1072; x_wconf 77' lang='lat' dir='ltr'>proecoqm&#39;t</span> <span class='ocrx_word' id='word_1_372' title='bbox 1347 1028 1475 1061; x_wconf 69' lang='lat' dir='ltr'>Eboeita</span> <span class='ocrx_word' id='word_1_373' title='bbox 1490 1038 1619 1061; x_wconf 80' lang='lat' dir='ltr'>cannas.</span> 
     </span>
     <span class='ocr_line' id='line_1_69' title="bbox 913 1079 1618 1114; baseline -0.006 0"><span class='ocrx_word' id='word_1_374' title='bbox 913 1081 963 1114; x_wconf 90' lang='lat' dir='ltr'>Ut</span> <span class='ocrx_word' id='word_1_375' title='bbox 976 1081 1110 1114; x_wconf 70' lang='lat' dir='ltr'>Statius</span> <span class='ocrx_word' id='word_1_376' title='bbox 1126 1081 1274 1114; x_wconf 85' lang='lat' dir='ltr'>incolam</span> <span class='ocrx_word' id='word_1_377' title='bbox 1297 1079 1403 1112; x_wconf 88' lang='lat' dir='ltr'>Ebosi</span> <span class='ocrx_word' id='word_1_378' title='bbox 1425 1079 1544 1111; x_wconf 83' lang='lat' dir='ltr'>insulae</span> <span class='ocrx_word' id='word_1_379' title='bbox 1569 1079 1618 1110; x_wconf 91' lang='lat' dir='ltr'>in·</span> 
     </span>
     <span class='ocr_line' id='line_1_70' title="bbox 912 1128 1619 1173; baseline -0.006 -9"><span class='ocrx_word' id='word_1_380' title='bbox 912 1132 1059 1173; x_wconf 81' lang='lat' dir='ltr'>telligat,</span> <span class='ocrx_word' id='word_1_381' title='bbox 1074 1135 1114 1164; x_wconf 87' lang='lat' dir='ltr'>nt</span> <span class='ocrx_word' id='word_1_382' title='bbox 1129 1131 1293 1163; x_wconf 86' lang='lat' dir='ltr'>dicuntur</span> <span class='ocrx_word' id='word_1_383' title='bbox 1310 1129 1484 1169; x_wconf 85' lang='lat' dir='ltr'>Elamitae‚</span> <span class='ocrx_word' id='word_1_384' title='bbox 1498 1128 1619 1161; x_wconf 89' lang='lat' dir='ltr'>Sceni-</span> 
     </span>
     <span class='ocr_line' id='line_1_71' title="bbox 913 1179 1617 1223; baseline -0.007 -8"><span class='ocrx_word' id='word_1_385' title='bbox 913 1186 973 1223; x_wconf 79' lang='lat' dir='ltr'>tae,</span> <span class='ocrx_word' id='word_1_386' title='bbox 988 1182 1231 1218; x_wconf 85' lang='lat' dir='ltr'>Moschovitae,</span> <span class='ocrx_word' id='word_1_387' title='bbox 1245 1183 1309 1213; x_wconf 69' lang='grc' dir='ltr'>διο.</span> <span class='ocrx_word' id='word_1_388' title='bbox 1354 1180 1417 1212; x_wconf 87' lang='lat' dir='ltr'>Est</span> <span class='ocrx_word' id='word_1_389' title='bbox 1442 1183 1555 1211; x_wconf 83' lang='lat' dir='ltr'>antem</span> <span class='ocrx_word' id='word_1_390' title='bbox 1571 1179 1617 1211; x_wconf 91' lang='lat' dir='ltr'>E-</span> 
     </span>
     <span class='ocr_line' id='line_1_72' title="bbox 913 1230 1616 1275; baseline -0.007 -9"><span class='ocrx_word' id='word_1_391' title='bbox 913 1234 1026 1275; x_wconf 83' lang='lat' dir='ltr'>bosus,</span> <span class='ocrx_word' id='word_1_392' title='bbox 1040 1244 1099 1266; x_wconf 81' lang='lat' dir='ltr'>seu</span> <span class='ocrx_word' id='word_1_393' title='bbox 1113 1233 1169 1275; x_wconf 90' lang='lat' dir='ltr'>(ut</span> <span class='ocrx_word' id='word_1_394' title='bbox 1194 1233 1253 1265; x_wconf 88' lang='lat' dir='ltr'>alii</span> <span class='ocrx_word' id='word_1_395' title='bbox 1276 1230 1450 1272; x_wconf 90' lang='lat' dir='ltr'>scribunt)</span> <span class='ocrx_word' id='word_1_396' title='bbox 1467 1230 1616 1271; x_wconf 80' lang='lat' dir='ltr'>Ebusus,</span> 
     </span>
     <span class='ocr_line' id='line_1_73' title="bbox 912 1282 1617 1327; baseline -0.006 -9"><span class='ocrx_word' id='word_1_397' title='bbox 912 1285 1090 1327; x_wconf 64' lang='lat' dir='ltr'>Hispaniae.</span> <span class='ocrx_word' id='word_1_398' title='bbox 1115 1285 1225 1317; x_wconf 85' lang='lat' dir='ltr'>insula</span> <span class='ocrx_word' id='word_1_399' title='bbox 1248 1284 1282 1316; x_wconf 91' lang='lat' dir='ltr'>in</span> <span class='ocrx_word' id='word_1_400' title='bbox 1308 1283 1394 1315; x_wconf 87' lang='lat' dir='ltr'>mari</span> <span class='ocrx_word' id='word_1_401' title='bbox 1420 1282 1617 1321; x_wconf 79' lang='lat' dir='ltr'>Balearica,</span> 
     </span>
     <span class='ocr_line' id='line_1_74' title="bbox 911 1332 1619 1378; baseline -0.007 -10"><span class='ocrx_word' id='word_1_402' title='bbox 911 1337 1020 1368; x_wconf 86' lang='lat' dir='ltr'>altera</span> <span class='ocrx_word' id='word_1_403' title='bbox 1032 1336 1267 1378; x_wconf 84' lang='lat' dir='ltr'>Pityusarum.</span> <span class='ocrx_word' id='word_1_404' title='bbox 1293 1333 1447 1365; x_wconf 82' lang='lat' dir='ltr'>Isidorus</span> <span class='ocrx_word' id='word_1_405' title='bbox 1467 1332 1619 1364; x_wconf 84' lang='lat' dir='ltr'>lib.x1v.</span> 
     </span>
     <span class='ocr_line' id='line_1_75' title="bbox 911 1386 1618 1430; baseline -0.007 -8"><span class='ocrx_word' id='word_1_406' title='bbox 911 1399 989 1430; x_wconf 85' lang='lat' dir='ltr'>cap.</span> <span class='ocrx_word' id='word_1_407' title='bbox 1005 1392 1037 1422; x_wconf 79' lang='lat'>6.</span> <span class='ocrx_word' id='word_1_408' title='bbox 1062 1390 1072 1407; x_wconf 89' lang='lat'>‘</span> <span class='ocrx_word' id='word_1_409' title='bbox 1084 1388 1218 1422; x_wconf 86' lang='lat' dir='ltr'>Ebosus</span> <span class='ocrx_word' id='word_1_410' title='bbox 1233 1387 1346 1420; x_wconf 80' lang='lat' dir='ltr'>insula</span> <span class='ocrx_word' id='word_1_411' title='bbox 1361 1386 1552 1428; x_wconf 86' lang='lat' dir='ltr'>Hispaniae‚</span> <span class='ocrx_word' id='word_1_412' title='bbox 1567 1386 1618 1417; x_wconf 86' lang='lat' dir='ltr'>sic</span> 
     </span>
     <span class='ocr_line' id='line_1_76' title="bbox 911 1436 1616 1483; baseline -0.007 -11"><span class='ocrx_word' id='word_1_413' title='bbox 911 1439 1004 1472; x_wconf 83' lang='lat' dir='ltr'>dicta</span> <span class='ocrx_word' id='word_1_414' title='bbox 1018 1439 1107 1483; x_wconf 87' lang='lat' dir='ltr'>quod</span> <span class='ocrx_word' id='word_1_415' title='bbox 1125 1449 1145 1471; x_wconf 89' lang='lat' dir='ltr'>a</span> <span class='ocrx_word' id='word_1_416' title='bbox 1162 1438 1264 1471; x_wconf 80' lang='lat' dir='ltr'>Zonis</span> <span class='ocrx_word' id='word_1_417' title='bbox 1285 1447 1353 1470; x_wconf 89' lang='lat' dir='ltr'>nou</span> <span class='ocrx_word' id='word_1_418' title='bbox 1377 1437 1498 1479; x_wconf 88' lang='lat' dir='ltr'>procul</span> <span class='ocrx_word' id='word_1_419' title='bbox 1513 1436 1616 1478; x_wconf 78' lang='lat' dir='ltr'>absit,</span> 
     </span>
     <span class='ocr_line' id='line_1_77' title="bbox 911 1489 1617 1532; baseline -0.006 -10"><span class='ocrx_word' id='word_1_420' title='bbox 911 1490 1008 1532; x_wconf 81' lang='lat' dir='ltr'>quasi</span> <span class='ocrx_word' id='word_1_421' title='bbox 1024 1489 1170 1522; x_wconf 75' lang='lat' dir='ltr'>ebozos.¹</span> <span class='ocrx_word' id='word_1_422' title='bbox 1199 1490 1331 1522; x_wconf 75' lang='lat' dir='ltr'>Gevurt.</span> <span class='ocrx_word' id='word_1_423' title='bbox 1378 1489 1423 1520; x_wconf 78' lang='lat' dir='ltr'>Et</span> <span class='ocrx_word' id='word_1_424' title='bbox 1443 1498 1520 1529; x_wconf 75' lang='lat' dir='ltr'>quas</span> <span class='ocrx_word' id='word_1_425' title='bbox 1532 1497 1617 1529; x_wconf 77' lang='lat' dir='ltr'>proe-</span> 
     </span>
     <span class='ocr_line' id='line_1_78' title="bbox 908 1538 1615 1582; baseline -0.003 -10"><span class='ocrx_word' id='word_1_426' title='bbox 908 1541 1013 1582; x_wconf 80' lang='lat' dir='ltr'>coquit</span> <span class='ocrx_word' id='word_1_427' title='bbox 1030 1541 1144 1573; x_wconf 78' lang='lat' dir='ltr'>Ebosia</span> <span class='ocrx_word' id='word_1_428' title='bbox 1157 1539 1287 1581; x_wconf 75' lang='lat' dir='ltr'>cannas]</span> <span class='ocrx_word' id='word_1_429' title='bbox 1318 1539 1375 1571; x_wconf 90' lang='lat' dir='ltr'>Sic</span> <span class='ocrx_word' id='word_1_430' title='bbox 1393 1538 1615 1571; x_wconf 83' lang='lat' dir='ltr'>emendamus</span> 
     </span>
     <span class='ocr_line' id='line_1_79' title="bbox 909 1589 1617 1634; baseline -0.004 -11"><span class='ocrx_word' id='word_1_431' title='bbox 909 1601 999 1624; x_wconf 85' lang='lat' dir='ltr'>vers.</span> <span class='ocrx_word' id='word_1_432' title='bbox 1029 1593 1076 1623; x_wconf 82' lang='lat' dir='ltr'>Et</span> <span class='ocrx_word' id='word_1_433' title='bbox 1098 1602 1176 1634; x_wconf 79' lang='lat' dir='ltr'>quas</span> <span class='ocrx_word' id='word_1_434' title='bbox 1204 1590 1364 1633; x_wconf 78' lang='lat' dir='ltr'>percoquit</span> <span class='ocrx_word' id='word_1_435' title='bbox 1392 1589 1508 1622; x_wconf 78' lang='lat' dir='ltr'>Ebosia</span> <span class='ocrx_word' id='word_1_436' title='bbox 1533 1590 1617 1621; x_wconf 80' lang='lat' dir='ltr'>Can-</span> 
     </span>
     <span class='ocr_line' id='line_1_80' title="bbox 908 1639 1616 1681; baseline -0.001 -9"><span class='ocrx_word' id='word_1_437' title='bbox 908 1651 974 1673; x_wconf 67' lang='lat' dir='ltr'>nm.</span> <span class='ocrx_word' id='word_1_438' title='bbox 1019 1642 1229 1674; x_wconf 84' lang='lat' dir='ltr'>Ebusitanas</span> <span class='ocrx_word' id='word_1_439' title='bbox 1266 1640 1431 1681; x_wconf 85' lang='lat' dir='ltr'>intelligit</span> <span class='ocrx_word' id='word_1_440' title='bbox 1460 1639 1616 1679; x_wconf 81' lang='lat' dir='ltr'>Caricas,</span> 
     </span>
     <span class='ocr_line' id='line_1_81' title="bbox 909 1690 1615 1732; baseline -0.003 -9"><span class='ocrx_word' id='word_1_441' title='bbox 909 1692 973 1723; x_wconf 83' lang='lat' dir='ltr'>hoc</span> <span class='ocrx_word' id='word_1_442' title='bbox 982 1697 1050 1732; x_wconf 85' lang='lat' dir='ltr'>est,</span> <span class='ocrx_word' id='word_1_443' title='bbox 1062 1691 1207 1732; x_wconf 77' lang='grc' dir='ltr'><strong><em>ἰσχάδας.</em></strong></span> <span class='ocrx_word' id='word_1_444' title='bbox 1231 1691 1343 1723; x_wconf 82' lang='lat' dir='ltr'>Statio</span> <span class='ocrx_word' id='word_1_445' title='bbox 1361 1690 1477 1722; x_wconf 74' lang='lat' dir='ltr'>Ebosia</span> <span class='ocrx_word' id='word_1_446' title='bbox 1493 1690 1615 1730; x_wconf 86' lang='lat' dir='ltr'>insula,</span> 
     </span>
     <span class='ocr_line' id='line_1_82' title="bbox 910 1740 1617 1782; baseline 0 -9"><span class='ocrx_word' id='word_1_447' title='bbox 910 1751 987 1782; x_wconf 77' lang='lat' dir='ltr'>qnae</span> <span class='ocrx_word' id='word_1_448' title='bbox 1012 1742 1086 1774; x_wconf 85' lang='lat' dir='ltr'>aliis</span> <span class='ocrx_word' id='word_1_449' title='bbox 1114 1743 1255 1774; x_wconf 75' lang='lat' dir='ltr'>Ebusus:</span> <span class='ocrx_word' id='word_1_450' title='bbox 1290 1741 1422 1774; x_wconf 83' lang='lat' dir='ltr'>Graecis</span> <span class='ocrx_word' id='word_1_451' title='bbox 1447 1740 1563 1773; x_wconf 80' lang='grc' dir='ltr'><strong><em>Βοῧσος</em></strong></span> <span class='ocrx_word' id='word_1_452' title='bbox 1579 1746 1617 1773; x_wconf 84' lang='lat' dir='ltr'>et</span> 
     </span>
    </p>
   </div>
   <div class='ocr_carea' id='block_1_8' title="bbox 905 1790 1616 1834">
    <p class='ocr_par' dir='ltr' id='par_1_10' title="bbox 905 1790 1616 1834">
     <span class='ocr_line' id='line_1_83' title="bbox 905 1790 1616 1834; baseline 0 -12"><span class='ocrx_word' id='word_1_453' title='bbox 905 1791 1072 1831; x_wconf 78' lang='grc' dir='ltr'><strong><em>Ἐβοῦσος,</em></strong></span> <span class='ocrx_word' id='word_1_454' title='bbox 1095 1792 1297 1834; x_wconf 83' lang='lat' dir='ltr'>quibusdam</span> <span class='ocrx_word' id='word_1_455' title='bbox 1321 1791 1425 1823; x_wconf 82' lang='lat' dir='ltr'>etiarn</span> <span class='ocrx_word' id='word_1_456' title='bbox 1445 1790 1616 1827; x_wconf 80' lang='grc' dir='ltr'><strong><em>Ἤβουσος.</em></strong></span> 
     </span>
    </p>
   </div>
   <div class='ocr_carea' id='block_1_9' title="bbox 904 1840 1617 2836">
    <p class='ocr_par' dir='ltr' id='par_1_11' title="bbox 907 1840 1616 2034">
     <span class='ocr_line' id='line_1_84' title="bbox 907 1840 1616 1882; baseline -0.001 -10"><span class='ocrx_word' id='word_1_457' title='bbox 907 1840 990 1882; x_wconf 86' lang='lat' dir='ltr'>Ipse</span> <span class='ocrx_word' id='word_1_458' title='bbox 1005 1841 1156 1873; x_wconf 77' lang='lat' dir='ltr'>Ebosiam</span> <span class='ocrx_word' id='word_1_459' title='bbox 1172 1841 1271 1882; x_wconf 87' lang='lat' dir='ltr'>dicit,</span> <span class='ocrx_word' id='word_1_460' title='bbox 1286 1841 1382 1882; x_wconf 86' lang='lat' dir='ltr'>quasi</span> <span class='ocrx_word' id='word_1_461' title='bbox 1397 1840 1544 1877; x_wconf 78' lang='grc' dir='ltr'>Ἢβόσεια</span> <span class='ocrx_word' id='word_1_462' title='bbox 1563 1842 1616 1878; x_wconf 79' lang='grc' dir='ltr'>νῆ-</span> 
     </span>
     <span class='ocr_line' id='line_1_85' title="bbox 907 1891 1615 1931; baseline -0.001 -8"><span class='ocrx_word' id='word_1_463' title='bbox 907 1902 965 1923; x_wconf 76' lang='grc' dir='ltr'>σος</span> <span class='ocrx_word' id='word_1_464' title='bbox 978 1891 1177 1931; x_wconf 79' lang='lat' dir='ltr'>diceretur3</span> <span class='ocrx_word' id='word_1_465' title='bbox 1201 1892 1249 1923; x_wconf 78' lang='lat' dir='ltr'>ita</span> <span class='ocrx_word' id='word_1_466' title='bbox 1274 1891 1397 1923; x_wconf 78' lang='lat' dir='ltr'>Latine</span> <span class='ocrx_word' id='word_1_467' title='bbox 1419 1893 1429 1908; x_wconf 87' lang='lat'><em>‘</em></span> <span class='ocrx_word' id='word_1_468' title='bbox 1442 1892 1547 1923; x_wconf 86' lang='lat' dir='ltr'>Coam</span> <span class='ocrx_word' id='word_1_469' title='bbox 1564 1891 1615 1922; x_wconf 84' lang='lat' dir='ltr'>in-</span> 
     </span>
     <span class='ocr_line' id='line_1_86' title="bbox 907 1941 1616 1984; baseline 0 -11"><span class='ocrx_word' id='word_1_470' title='bbox 907 1941 1037 1982; x_wconf 83' lang='lat' dir='ltr'>sulam,&#39;</span> <span class='ocrx_word' id='word_1_471' title='bbox 1061 1952 1139 1984; x_wconf 83' lang='lat' dir='ltr'>quae</span> <span class='ocrx_word' id='word_1_472' title='bbox 1155 1942 1290 1974; x_wconf 77' lang='lat' dir='ltr'>Graecis</span> <span class='ocrx_word' id='word_1_473' title='bbox 1313 1943 1382 1973; x_wconf 80' lang='grc' dir='ltr'>Κῶς</span> <span class='ocrx_word' id='word_1_474' title='bbox 1401 1941 1541 1983; x_wconf 81' lang='lat' dir='ltr'>dicitur,</span> <span class='ocrx_word' id='word_1_475' title='bbox 1556 1952 1616 1983; x_wconf 84' lang='lat' dir='ltr'>ap-</span> 
     </span>
     <span class='ocr_line' id='line_1_87' title="bbox 907 1992 1501 2034; baseline 0.002 -10"><span class='ocrx_word' id='word_1_476' title='bbox 907 1993 1050 2034; x_wconf 86' lang='lat' dir='ltr'>pellant.</span> <span class='ocrx_word' id='word_1_477' title='bbox 1077 1993 1217 2024; x_wconf 80' lang='lat' dir='ltr'>Gronov.</span> <span class='ocrx_word' id='word_1_478' title='bbox 1233 1992 1347 2024; x_wconf 81' lang='lat' dir='ltr'>Diatr.</span> <span class='ocrx_word' id='word_1_479' title='bbox 1363 2002 1431 2034; x_wconf 80' lang='lat' dir='ltr'>cap.</span> <span class='ocrx_word' id='word_1_480' title='bbox 1448 1995 1501 2025; x_wconf 84' lang='lat'>15.</span> 
     </span>
    </p>

    <p class='ocr_par' dir='ltr' id='par_1_12' title="bbox 904 2040 1617 2836">
     <span class='ocr_line' id='line_1_88' title="bbox 951 2040 1615 2084; baseline 0 -10"><span class='ocrx_word' id='word_1_481' title='bbox 951 2044 989 2074; x_wconf 84' lang='lat'>1⁷</span> <span class='ocrx_word' id='word_1_482' title='bbox 1015 2043 1129 2074; x_wconf 79' lang='lat' dir='ltr'>Molles</span> <span class='ocrx_word' id='word_1_483' title='bbox 1144 2040 1519 2084; x_wconf 71' lang='lat' dir='ltr'>Cajoli‚Lagunculique]</span> <span class='ocrx_word' id='word_1_484' title='bbox 1540 2042 1615 2074; x_wconf 83' lang='lat' dir='ltr'>Eti-</span> 
     </span>
     <span class='ocr_line' id='line_1_89' title="bbox 907 2092 1612 2125; baseline 0.001 -2"><span class='ocrx_word' id='word_1_485' title='bbox 907 2101 960 2123; x_wconf 89' lang='lat' dir='ltr'>am</span> <span class='ocrx_word' id='word_1_486' title='bbox 977 2092 1032 2124; x_wconf 85' lang='lat' dir='ltr'>hic</span> <span class='ocrx_word' id='word_1_487' title='bbox 1049 2093 1142 2124; x_wconf 84' lang='lat' dir='ltr'>locus</span> <span class='ocrx_word' id='word_1_488' title='bbox 1166 2102 1234 2124; x_wconf 90' lang='lat' dir='ltr'>non</span> <span class='ocrx_word' id='word_1_489' title='bbox 1260 2092 1351 2124; x_wconf 85' lang='lat' dir='ltr'>inter</span> <span class='ocrx_word' id='word_1_490' title='bbox 1374 2093 1497 2125; x_wconf 87' lang='lat' dir='ltr'>claros.</span> <span class='ocrx_word' id='word_1_491' title='bbox 1542 2092 1612 2124; x_wconf 84' lang='lat' dir='ltr'>Do-</span> 
     </span>
     <span class='ocr_line' id='line_1_90' title="bbox 907 2141 1615 2184; baseline 0.003 -12"><span class='ocrx_word' id='word_1_492' title='bbox 907 2141 1025 2173; x_wconf 84' lang='lat' dir='ltr'>mitius</span> <span class='ocrx_word' id='word_1_493' title='bbox 1041 2142 1214 2174; x_wconf 83' lang='lat' dir='ltr'>existimat</span> <span class='ocrx_word' id='word_1_494' title='bbox 1234 2142 1390 2174; x_wconf 86' lang='lat' dir='ltr'>Caiolum</span> <span class='ocrx_word' id='word_1_495' title='bbox 1417 2147 1454 2174; x_wconf 90' lang='lat' dir='ltr'>et</span> <span class='ocrx_word' id='word_1_496' title='bbox 1477 2142 1615 2184; x_wconf 70' lang='lat' dir='ltr'>Lugun-</span> 
     </span>
     <span class='ocr_line' id='line_1_91' title="bbox 907 2192 1613 2233; baseline 0 -9"><span class='ocrx_word' id='word_1_497' title='bbox 907 2193 1020 2224; x_wconf 83' lang='lat' dir='ltr'>culum</span> <span class='ocrx_word' id='word_1_498' title='bbox 1037 2201 1110 2224; x_wconf 86' lang='lat' dir='ltr'>esse</span> <span class='ocrx_word' id='word_1_499' title='bbox 1125 2192 1194 2224; x_wconf 91' lang='lat' dir='ltr'>duo</span> <span class='ocrx_word' id='word_1_500' title='bbox 1210 2201 1393 2233; x_wconf 88' lang='lat' dir='ltr'>puerorum</span> <span class='ocrx_word' id='word_1_501' title='bbox 1409 2192 1546 2224; x_wconf 87' lang='lat' dir='ltr'>nomina</span> <span class='ocrx_word' id='word_1_502' title='bbox 1562 2192 1613 2224; x_wconf 91' lang='lat' dir='ltr'>di·</span> 
     </span>
     <span class='ocr_line' id='line_1_92' title="bbox 908 2241 1617 2284; baseline 0.003 -11"><span class='ocrx_word' id='word_1_503' title='bbox 908 2242 1075 2275; x_wconf 82' lang='lat' dir='ltr'>miuutiva</span> <span class='ocrx_word' id='word_1_504' title='bbox 1092 2253 1112 2274; x_wconf 83' lang='lat' dir='ltr'>a</span> <span class='ocrx_word' id='word_1_505' title='bbox 1130 2242 1141 2261; x_wconf 92' lang='lat'>‘</span> <span class='ocrx_word' id='word_1_506' title='bbox 1155 2242 1280 2283; x_wconf 81' lang='lat' dir='ltr'>Caius,&#39;</span> <span class='ocrx_word' id='word_1_507' title='bbox 1300 2249 1336 2275; x_wconf 86' lang='lat' dir='ltr'>et</span> <span class='ocrx_word' id='word_1_508' title='bbox 1356 2242 1366 2260; x_wconf 91' lang='lat'>‘</span> <span class='ocrx_word' id='word_1_509' title='bbox 1378 2241 1522 2284; x_wconf 86' lang='lat' dir='ltr'>Lagon,&#39;</span> <span class='ocrx_word' id='word_1_510' title='bbox 1549 2242 1617 2275; x_wconf 87' lang='lat' dir='ltr'>ait·</span> 
     </span>
     <span class='ocr_line' id='line_1_93' title="bbox 909 2291 1614 2335; baseline -0.003 -11"><span class='ocrx_word' id='word_1_511' title='bbox 909 2303 974 2334; x_wconf 86' lang='lat' dir='ltr'>que</span> <span class='ocrx_word' id='word_1_512' title='bbox 991 2303 1055 2335; x_wconf 90' lang='lat' dir='ltr'>per</span> <span class='ocrx_word' id='word_1_513' title='bbox 1071 2294 1145 2326; x_wconf 78' lang='lat' dir='ltr'>lraec</span> <span class='ocrx_word' id='word_1_514' title='bbox 1162 2292 1348 2335; x_wconf 84' lang='lat' dir='ltr'>significari</span> <span class='ocrx_word' id='word_1_515' title='bbox 1361 2291 1508 2334; x_wconf 83' lang='lat' dir='ltr'>cupedia</span> <span class='ocrx_word' id='word_1_516' title='bbox 1521 2301 1614 2334; x_wconf 72' lang='lat' dir='ltr'>quoe-</span> 
     </span>
     <span class='ocr_line' id='line_1_94' title="bbox 907 2341 1616 2385; baseline -0.003 -9"><span class='ocrx_word' id='word_1_517' title='bbox 907 2343 987 2376; x_wconf 86' lang='lat' dir='ltr'>dam</span> <span class='ocrx_word' id='word_1_518' title='bbox 1003 2353 1047 2376; x_wconf 86' lang='lat' dir='ltr'>ex</span> <span class='ocrx_word' id='word_1_519' title='bbox 1065 2354 1156 2385; x_wconf 80' lang='lat' dir='ltr'>pane</span> <span class='ocrx_word' id='word_1_520' title='bbox 1176 2344 1380 2384; x_wconf 75' lang='lat' dir='ltr'>saccharite,</span> <span class='ocrx_word' id='word_1_521' title='bbox 1400 2347 1461 2374; x_wconf 83' lang='lat' dir='ltr'>aut</span> <span class='ocrx_word' id='word_1_522' title='bbox 1480 2341 1616 2374; x_wconf 86' lang='lat' dir='ltr'>dulcia·</span> 
     </span>
     <span class='ocr_line' id='line_1_95' title="bbox 908 2393 1614 2436; baseline -0.003 -10"><span class='ocrx_word' id='word_1_523' title='bbox 908 2393 959 2426; x_wconf 76' lang='lat' dir='ltr'>rio</span> <span class='ocrx_word' id='word_1_524' title='bbox 984 2393 1092 2434; x_wconf 82' lang='lat' dir='ltr'>facta,</span> <span class='ocrx_word' id='word_1_525' title='bbox 1122 2395 1156 2426; x_wconf 86' lang='lat' dir='ltr'>in</span> <span class='ocrx_word' id='word_1_526' title='bbox 1186 2394 1310 2436; x_wconf 87' lang='lat' dir='ltr'>quibus</span> <span class='ocrx_word' id='word_1_527' title='bbox 1339 2394 1507 2435; x_wconf 88' lang='lat' dir='ltr'>impressa</span> <span class='ocrx_word' id='word_1_528' title='bbox 1537 2397 1614 2425; x_wconf 78' lang='lat' dir='ltr'>erat</span> 
     </span>
     <span class='ocr_line' id='line_1_96' title="bbox 907 2442 1614 2485; baseline -0.003 -10"><span class='ocrx_word' id='word_1_529' title='bbox 907 2442 1019 2476; x_wconf 83' lang='lat' dir='ltr'>forma</span> <span class='ocrx_word' id='word_1_530' title='bbox 1055 2444 1199 2476; x_wconf 87' lang='lat' dir='ltr'>istorum</span> <span class='ocrx_word' id='word_1_531' title='bbox 1236 2453 1430 2485; x_wconf 88' lang='lat' dir='ltr'>puerorum.</span> <span class='ocrx_word' id='word_1_532' title='bbox 1497 2444 1614 2484; x_wconf 78' lang='lat' dir='ltr'>Certe,</span> 
     </span>
     <span class='ocr_line' id='line_1_97' title="bbox 908 2492 1613 2536; baseline -0.003 -9"><span class='ocrx_word' id='word_1_533' title='bbox 908 2494 1068 2536; x_wconf 83' lang='lat' dir='ltr'>‘Lagon&#39;</span> <span class='ocrx_word' id='word_1_534' title='bbox 1092 2494 1234 2536; x_wconf 83' lang='lat' dir='ltr'>egregia</span> <span class='ocrx_word' id='word_1_535' title='bbox 1269 2493 1380 2526; x_wconf 79' lang='lat' dir='ltr'>forma</span> <span class='ocrx_word' id='word_1_536' title='bbox 1409 2503 1496 2536; x_wconf 89' lang='lat' dir='ltr'>puer</span> <span class='ocrx_word' id='word_1_537' title='bbox 1524 2492 1613 2525; x_wconf 74' lang='lat' dir='ltr'>fuit:</span> 
     </span>
     <span class='ocr_line' id='line_1_98' title="bbox 906 2543 1614 2587; baseline -0.001 -10"><span class='ocrx_word' id='word_1_538' title='bbox 906 2545 950 2577; x_wconf 90' lang='lat' dir='ltr'>de</span> <span class='ocrx_word' id='word_1_539' title='bbox 978 2555 1046 2587; x_wconf 88' lang='lat' dir='ltr'>quo</span> <span class='ocrx_word' id='word_1_540' title='bbox 1073 2545 1225 2577; x_wconf 86' lang='lat' dir='ltr'>Martial.</span> <span class='ocrx_word' id='word_1_541' title='bbox 1251 2545 1311 2576; x_wconf 87' lang='lat' dir='ltr'>lib.</span> <span class='ocrx_word' id='word_1_542' title='bbox 1334 2553 1389 2576; x_wconf 77' lang='lat' dir='ltr'>lx.</span> <span class='ocrx_word' id='word_1_543' title='bbox 1415 2543 1537 2586; x_wconf 84' lang='lat' dir='ltr'>Epigr.</span> <span class='ocrx_word' id='word_1_544' title='bbox 1559 2546 1614 2576; x_wconf 80' lang='lat'>8⁷.</span> 
     </span>
     <span class='ocr_line' id='line_1_99' title="bbox 906 2595 1612 2636; baseline -0.001 -9"><span class='ocrx_word' id='word_1_545' title='bbox 906 2596 916 2615; x_wconf 90' lang='lat'>‘</span> <span class='ocrx_word' id='word_1_546' title='bbox 930 2595 1003 2627; x_wconf 81' lang='lat' dir='ltr'>Nos</span> <span class='ocrx_word' id='word_1_547' title='bbox 1019 2595 1164 2628; x_wconf 82' lang='lat' dir='ltr'>facimus</span> <span class='ocrx_word' id='word_1_548' title='bbox 1181 2596 1281 2627; x_wconf 88' lang='lat' dir='ltr'>Bruti</span> <span class='ocrx_word' id='word_1_549' title='bbox 1299 2604 1456 2636; x_wconf 85' lang='lat' dir='ltr'>puerum,</span> <span class='ocrx_word' id='word_1_550' title='bbox 1470 2604 1531 2626; x_wconf 87' lang='lat' dir='ltr'>nos</span> <span class='ocrx_word' id='word_1_551' title='bbox 1548 2595 1612 2628; x_wconf 81' lang='lat' dir='ltr'>La-</span> 
     </span>
     <span class='ocr_line' id='line_1_100' title="bbox 906 2644 1612 2687; baseline -0.003 -10"><span class='ocrx_word' id='word_1_552' title='bbox 906 2655 994 2687; x_wconf 80' lang='lat' dir='ltr'>gona</span> <span class='ocrx_word' id='word_1_553' title='bbox 1010 2645 1149 2678; x_wconf 63' lang='lat' dir='ltr'>vivum!</span> <span class='ocrx_word' id='word_1_554' title='bbox 1194 2645 1281 2677; x_wconf 72' lang='lat' dir='ltr'>Haec</span> <span class='ocrx_word' id='word_1_555' title='bbox 1302 2654 1384 2677; x_wconf 88' lang='lat' dir='ltr'>vero</span> <span class='ocrx_word' id='word_1_556' title='bbox 1406 2645 1488 2686; x_wconf 87' lang='lat' dir='ltr'>liba,</span> <span class='ocrx_word' id='word_1_557' title='bbox 1501 2644 1612 2677; x_wconf 73' lang='lat' dir='ltr'>forma</span> 
     </span>
     <span class='ocr_line' id='line_1_101' title="bbox 904 2694 1611 2737; baseline -0.001 -10"><span class='ocrx_word' id='word_1_558' title='bbox 904 2695 1046 2727; x_wconf 80' lang='lat' dir='ltr'>istorum</span> <span class='ocrx_word' id='word_1_559' title='bbox 1069 2704 1252 2737; x_wconf 87' lang='lat' dir='ltr'>puerorum</span> <span class='ocrx_word' id='word_1_560' title='bbox 1275 2694 1451 2736; x_wconf 81' lang='lat' dir='ltr'>insignita,</span> <span class='ocrx_word' id='word_1_561' title='bbox 1474 2705 1536 2736; x_wconf 89' lang='lat' dir='ltr'>per</span> <span class='ocrx_word' id='word_1_562' title='bbox 1550 2695 1611 2727; x_wconf 88' lang='lat' dir='ltr'>Sa-</span> 
     </span>
     <span class='ocr_line' id='line_1_102' title="bbox 904 2744 1611 2777; baseline 0 -1"><span class='ocrx_word' id='word_1_563' title='bbox 904 2744 1054 2776; x_wconf 81' lang='lat' dir='ltr'>turnalia</span> <span class='ocrx_word' id='word_1_564' title='bbox 1079 2744 1350 2777; x_wconf 83' lang='lat' dir='ltr'>missitabantur.</span> <span class='ocrx_word' id='word_1_565' title='bbox 1373 2744 1452 2776; x_wconf 78' lang='lat' dir='ltr'>vide</span> <span class='ocrx_word' id='word_1_566' title='bbox 1475 2745 1611 2776; x_wconf 86' lang='lat' dir='ltr'>Macro-</span> 
     </span>
     <span class='ocr_line' id='line_1_103' title="bbox 905 2794 1610 2836; baseline -0.004 -8"><span class='ocrx_word' id='word_1_567' title='bbox 905 2795 997 2828; x_wconf 81' lang='lat' dir='ltr'>bium</span> <span class='ocrx_word' id='word_1_568' title='bbox 1023 2795 1202 2831; x_wconf 72' lang='lat' dir='ltr'>Saturual.</span> <span class='ocrx_word' id='word_1_569' title='bbox 1228 2804 1254 2828; x_wconf 86' lang='lat'>1.</span> <span class='ocrx_word' id='word_1_570' title='bbox 1278 2803 1355 2836; x_wconf 79' lang='lat' dir='ltr'>cap.</span> <span class='ocrx_word' id='word_1_571' title='bbox 1376 2797 1410 2827; x_wconf 84' lang='lat'>2.</span> <span class='ocrx_word' id='word_1_572' title='bbox 1439 2794 1610 2826; x_wconf 79' lang='lat' dir='ltr'>Martialis</span> 
     </span>
    </p>
   </div>
  </div>
 </body>
</html>
