1846 3120
637 224 822 257 ΤΗΕΒΑΙ
834 224 923 256 Dos
960 224 1056 256 [ΑΒ.
1088 225 1175 255 vn.

1522 212 1638 257 1159

159 325 352 368 Pectore
370 323 416 366 in
437 322 549 366 hoc:
578 322 657 365 ubi
677 324 782 365 tunc
802 322 922 371 fidei,
942 322 1158 377 pacisque
1181 324 1410 376 sequestra

161 391 314 436 Mater
331 404 447 443 eraS,
465 391 665 446 pulchris
684 404 785 434 cum
806 404 878 432 me
902 404 994 432 nox
1016 395 1171 431 vestra
1190 394 1366 431 morata
1384 392 1454 431 est

162 460 426 515 Hospitiis'l
457 472 615 514 nempe
633 459 732 501 haec
753 458 893 500 trabis
915 458 973 501 ad
995 458 1262 500 commercia
1280 460 1433 499 natum
1445 457 1466 499 'l

161 528 267 571 Duc
287 528 412 571 illum
431 527 478 569 in
499 540 722 582 campum,
740 532 892 570 vestro
914 528 992 582 qui
1015 525 1231 580 sanguine
1247 525 1425 580 pinguis

1551 525 1639 567 545

162 596 314 652 Spirat
333 595 496 646 adhuc,
516 595 783 649 pinguisque
800 607 925 637 meo:
957 598 1005 636 tu
1022 606 1155 648 porro
1176 592 1381 647 sequeris
1396 593 1416 634 ‘l

162 663 272 708 Heu
290 663 474 705 nimium
493 663 631 713 mitis,
653 662 925 716 nimiumque
943 662 1082 704 oblite
1101 664 1276 703 tuorum
1294 659 1306 702 ἱ

161 730 348 774 Scilicet
364 730 540 772 infestae
563 743 665 772 cum
687 734 730 771 te
747 730 914 771 circum
937 730 1135 784 undique
1155 728 1334 785 dextrae*

162 799 416 845 Nudabant
434 811 583 849 enseS,
605 797 703 840 haec
724 797 860 848 flebit,
880 802 925 839 et
946 810 1072 839 arma
1091 797 1358 851 quiescent?

160 867 286 913 Tene
305 867 399 918 ille,
415 865 502 908 heu
517 865 712 917 demens,
734 866 871 907 semel
891 865 1006 907 intra
1026 865 1194 907 moenia
1215 865 1438 915 clausum,

1553 865 1640 908 550

161 935 520 989 Possessumque
540 933 658 976 odiis
677 932 847 987 Argiva
867 933 914 975 in
934 937 1083 975 castra
1104 933 1328 975 remittet?

161 1001 284 1046 Ante
302 1002 401 1046 haec
418 1014 615 1044 excusso
635 1002 897 1044 frondescet
916 1003 1075 1044 lancea
1093 1000 1224 1052 ferro,

156 1070 356 1130 *Inachus
376 1074 481 1112 ante
500 1079 638 1121 retro,
659 1075 899 1125 nosterque
920 1068 1151 1112 Achelous
1173 1070 1376 1112 abibunt.

162 1138 252 1182 Sed
268 1138 377 1180 mite
395 1138 660 1194 alloquium,
683 1143 731 1181 et
751 1141 890 1181 saevis
910 1152 1004 1194 pax
1025 1138 1237 1193 quaeritur
1257 1138 1407 1188 armis,

167 1255 232 1291 Ub·
259 1260 333 1290 tunc
356 1267 426 1290 ems
447 1257 595 1296 genitrix
621 1261 782 1300 sequestra
797 1258 888 1308 fidei
906 1261 937 1291 et
958 1259 1145 1298 concor-dice,
1173 1268 1243 1290 cum
1275 1268 1340 1290 nox
1368 1261 1474 1291 vestra
1499 1258 1640 1290 retardo

157 1299 211 1334 oie
237 1310 287 1334 ne
307 1301 447 1341 egregiis
467 1300 638 1342 hospitiis?
684 1302 806 1343 Nempe
834 1301 935 1333 allicis
955 1302 989 1334 in
1014 1301 1071 1332 has
1085 1302 1222 1340 fraudes
1237 1299 1373 1345 filium?
1416 1301 1494 1352 Age·
1510 1311 1581 1333 eum
1604 1301 1641 1333 in

155 1351 287 1422 ἱππ,
275 1343 355 1385 ‚qui
366 1343 480 1382 fumat
502 1344 605 1376 adhuc
619 1344 740 1386 opimus
760 1347 865 1377 vestro
886 1355 1012 1385 meoque
1029 1354 1151 1377 auore.
1199 1345 1247 1377 Tu
1266 1355 1361 1385 porro
1372 1344 1511 1386 sequeris
1524 1345 1612 1376 illam
1625 1341 1644 1376 1²

202 1395 241 1419 eu
266 1387 400 1420 nimium
426 1387 518 1427 lenis,
545 1390 577 1420 et
599 1388 733 1420 nimium
755 1388 916 1420 immemor
940 1392 1076 1420 tuorum.
1126 1388 1246 1429 Nempe
1274 1398 1344 1420 cum
1373 1388 1503 1420 hostiles
1531 1396 1642 1419 monus

156 1429 323 1478 &fingent
358 1429 476 1462 circum
508 1433 541 1462 te
569 1432 704 1472 undique
732 1431 869 1471 gladios,
902 1431 968 1462 haec
996 1430 1146 1472 plorabit,
1167 1435 1198 1463 et
1220 1441 1311 1463 arma
1332 1431 1520 1463 cessabunt?
1561 1430 1643 1461 Tene

154 1470 230 1512 ille,
250 1471 311 1505 heu
330 1472 454 1513 insane,
472 1473 567 1505 seme!
587 1473 747 1514 obseptum
769 1474 853 1506 inter·
874 1474 1000 1513 moenia,
1022 1473 1230 1514 vindictoeque
1252 1484 1317 1505 suae
1342 1474 1510 1506 obnoxium
1531 1473 1643 1505 remit-

160 1517 210 1547 tet
235 1515 270 1547 ἐκ
298 1519 407 1548 eastra
435 1516 520 1556 Argu
512 1514 587 1548 ua?
618 1517 703 1549 Ante
733 1517 799 1549 hoec
840 1517 947 1549 lancea
976 1526 1079 1548 ramos
1107 1517 1232 1549 emittet
1257 1519 1382 1549 ademta
1408 1516 1548 1559 cuspide,
1570 1519 1646 1548 ante

156 1556 302 1591 >Inachus
321 1561 490 1601 nosterque
481 1526 667 1592 ειΔσὴεῙοιιε
687 1563 772 1592 retro
786 1560 905 1602 fluent.
949 1559 1013 1592 Sed
1032 1560 1193 1602 placidum
1213 1560 1411 1602 colloquium,
1433 1563 1465 1592 et
1498 1570 1565 1602 pax
1589 1569 1643 1600 pe·

790 1654 1033 1668 omum&

162 1720 486 1757 Barthiants.-⁶⁴s
509 1723 662 1756 Verbum
679 1727 727 1756 est
738 1731 806 1754 non
824 1721 975 1754 habetur
993 1722 1025 1754 in
1043 1722 1136 1754 Dan.
1152 1722 1235 1754 Put.
1251 1722 1376 1755 Petav.
1391 1722 1547 1764 Lipsiau.
1560 1721 1642 1754 Lin-

163 1764 336 1808 denbrog.
351 1772 388 1799 et
403 1766 620 1800 ctum—548
642 1767 734 1799 Dan.
759 1766 841 1798 Put.
869 1765 991 1798 Petav.
1012 1766 1248 1809 Lindenbrog.
1277 1771 1316 1799 et
1338 1767 1442 1799 cruc.
1472 1767 1643 1801 dextra.—

830 1856 977 1891 NOTIE

155 1908 164 1957 .-
206 1932 273 1963 ⁵42
297 1911 431 1963 Pectore
452 1929 488 1962 in
516 1929 590 1971 hoc]
625 1929 806 1968 Δεικτικῶς,
836 1927 871 1960 id
927 1938 1016 1961 nova
1043 1930 1175 1962 Elissaei
1199 1929 1320 1971 jurato
1365 1928 1499 1962 foedera
1525 1932 1644 1971 patres

163 1984 232 2022 est,
241 1990 333 2021 meo,
346 1979 504 2022 perfosso
517 1979 652 2012 scilicet
668 1979 784 2012 multis
800 1979 871 2011 vul-

162 2031 316 2065 neribus.
339 2031 496 2074 Factaque
509 2031 683 2073 sequestra]
703 2031 770 2062 Hic
787 2031 872 2062 Lac·

165 2082 320 2115 tentius:
342 2081 552 2124 ‘sequester
576 2081 705 2113 dicitur
724 2080 783 2122 qui
800 2090 874 2112 cer-

163 2131 319 2166 tantibus
327 2132 458 2165 medius
466 2133 665 2173 intervenit,
673 2132 764 2173 apud
774 2141 875 2174 quem

163 2184 411 2227 cujuscumque
437 2183 636 2216 certaminis
665 2183 772 2215 futuri
800 2182 874 2224 pig-

154 2244 249 2269 ιποι-ιι
274 2234 505 2278 deponuntur.
551 2234 630 2267 Hoc
671 2233 874 2266 vocabulum

162 2285 209 2319 ab
217 2285 437 2329 obsequendo
447 2284 576 2318 factum
588 2289 663 2324 est;
680 2283 771 2327 quod
787 2284 873 2326 ejus,

158 2336 223 2380 >qui
244 2337 378 2369 electus
404 2334 524 2374 finerit,
549 2339 696 2377 utraque
716 2344 796 2376 pars
823 2344 876 2366 se-

162 2385 312 2430 quatur!
358 2386 446 2419 Vide
482 2387 623 2419 Festum
653 2386 688 2418 iu
714 2386 877 2428 ‘seques-

158 2437 245 2480 ’κη’
269 2437 552 2471 etGelliumlib.
567 2445 629 2470 xx.
646 2447 725 2479 cap.
741 2437 877 2471 ultimo.

163 2489 297 2523 Obvia
308 2498 352 2522 en
371 2498 439 2521 vox
467 2489 561 2531 apud
584 2488 874 2522 Jnrisconsnltos.

155 2540 260 2574 *Pacis
274 2540 380 2582 igitur
404 2543 575 2582 sequester,
606 2539 641 2571 id
658 2545 726 2580 est,
738 2539 873 2571 medius

157 2594 201 2624 -e‘t
216 2589 359 2624 arbiter.
403 2589 582 2623 Arbitrum
598 2595 635 2623 et
649 2595 872 2632 sequestrum

162 2640 346 2684 conjunxit
358 2641 505 2674 Plautus
515 2640 723 2673 Rudente.⁴
731 2640 794 2672 Tu
814 2640 875 2673 ist-

162 2692 254 2726 hune
265 2691 369 2724 bodie
378 2700 446 2724 non
461 2691 567 2733 feres,
583 2692 647 2724 nisi
659 2691 721 2724 das
733 2701 873 2734 seques-

162 2747 255 2777 trum
281 2746 342 2776 aut
370 2743 553 2784 arbitrum,
575 2742 685 2785 Cujus
714 2743 789 2776 haec
819 2752 876 2775 res

165 2793 336 2829 arbitratu
362 2793 447 2828 fiat!
489 2793 594 2827 Silius
617 2793 679 2827 lib.
704 2803 757 2827 vt.
800 2794 810 2813 ‘
828 2792 878 2827 At

928 1979 1134 2012 Consultant
1161 1980 1328 2012 mandare
1354 1979 1446 2020 duci,
1479 1980 1643 2022 pacisque

931 2034 1143 2071 sequestrem
1156 2028 1328 2062 Mittere.’
1371 2030 1503 2062 Lucan.
1530 2029 1591 2062 lib.
1605 2039 1643 2062 x.

929 2080 939 2097 ‘
957 2080 1087 2113 Orator
1119 2080 1209 2121 regis
1237 2080 1402 2123 pacisque
1438 2080 1643 2123 sequester.¹

930 2131 1078 2164 Graece:
1101 2130 1241 2172 μεσίτης.

971 2185 1036 2214 643
1062 2182 1210 2214 Pulchris
1225 2181 1404 2224 Hospitiis]
1426 2182 1576 2215 Ironice.

968 2235 1036 2266 544
1060 2233 1143 2265 Haec
1167 2235 1210 2265 ad
1239 2234 1441 2275 commercia]
1470 2233 1643 2267 Ostende·

928 2283 990 2316 bat
1006 2283 1161 2324 vulnera,
1179 2293 1255 2325 quae
1272 2284 1306 2314 in
1319 2283 1453 2316 insidiis
1466 2289 1570 2317 nocte
1587 2294 1646 2317 ac·

931 2339 1096 2377 ceperat:
1120 2335 1218 2377 quasi
1241 2334 1284 2366 ad
1302 2344 1401 2376 pares
1417 2335 1557 2368 insidias
1571 2340 1642 2368 trs-

930 2386 1014 2419 here
1029 2387 1134 2418 vellet
1146 2385 1253 2418 filium
1268 2385 1424 2418 Jocasta.

974 2440 1040 2471 546
1064 2437 1114 2469 Tu
1139 2446 1234 2479 porro
1265 2436 1421 2478 sequeris]
1459 2437 1643 2470 Convertit

929 2489 1121 2522 orationem
1138 2487 1180 2519 ad
1198 2487 1415 2529 Polynicem.

971 2541 1035 2572 551
1061 2540 1302 2579 Possessumque
1328 2537 1425 2580 odiis]
1447 2537 1489 2571 Id
1511 2542 1579 2579 est,
1607 2539 1643 2571 in

930 2594 1142 2632 potestatem
1176 2589 1326 2621 hostium
1353 2593 1488 2622 tuorum
1519 2589 1641 2622 reduc·

931 2645 1017 2674 tum.

975 2694 1039 2724 ⁵44
1055 2690 1120 2723 Sed
1135 2690 1213 2723 mite
1226 2691 1409 2733 alloquium]
1425 2690 1563 2734 objicit
1577 2691 1643 2724 sibi

931 2741 1073 2785 Tydeus
1085 2751 1205 2783 pacem
1218 2742 1283 2775 hac
1295 2742 1426 2774 ratione
1435 2741 1512 2774 fieri
1527 2752 1643 2784 posse,

933 2793 963 2827 si
976 2792 1101 2826 fratres
1124 2792 1264 2826 arbitris
1280 2792 1485 2836 propinquis
1506 2797 1644 2826 coutro-
