1846 3120
299 255 413 301 1498·

301 363 443 405 Mittit
460 363 502 405 in
523 375 646 405 arma
662 375 833 414 manus,
852 365 1292 420 genialibushospita
1311 366 1441 410 Divis

300 429 450 479 Icarii,
470 429 686 483 Celeique
705 430 879 482 domus,
899 432 1148 487 viridesque
1170 433 1403 484 Melaenae,

300 495 439 537 Dives
459 502 503 538 et
518 496 707 550 Egaleos
725 511 967 549 nemorum,
989 498 1248 553 Parnesque
1266 500 1482 554 benignus

299 561 493 613 Vitibus,
511 569 555 604 et
575 565 724 617 pingui
744 565 897 606 melior
917 565 1199 619 Lycabessos
1217 567 1350 609 oliva.

300 627 436 670 Venit
452 634 581 672 atrox
602 631 743 681 Ileus,
759 636 805 673 et
823 631 981 673 olentis
998 636 1144 674 arator
1165 633 1381 687 Hymetti,

300 694 504 750 Qnaeque
525 697 657 743 rudes
677 698 849 752 thyrsos
866 698 1040 740 hederis
1060 700 1273 750 vestistis,
1294 698 1524 742 Acharnae.

301 761 535 817 Linquitur
555 759 662 806 Eois
683 767 811 819 longe
831 766 1106 819 speculabile
1125 767 1268 820 proris
1386 770 1393 778 ”

300 829 483 881 Sunion,
503 832 619 873 unde
639 833 740 885 vagi
760 845 968 874 casurum
981 833 1027 874 in
1048 833 1227 875 nomina
1248 833 1376 888 ponti

795 261 850 301 ιη
869 267 1061 301 enimi
1093 269 1256 306 s'rA'rn
1279 264 1289 289 ἲ

1658 502 1749 545 620

1659 834 1746 878 626

303 938 469 970 Orientali.
513 939 611 970 AEdes
624 939 723 971 Icarii
738 942 768 971 et
786 939 882 979 Celei,
905 949 973 980 quoe
985 940 1124 979 geniales
1135 941 1222 972 Deos
1235 939 1366 981 hospitio
1380 944 1571 982 receperunt,
1585 943 1615 974 et
1630 941 1748 976 viridas

300 981 454 1017 Meloenoe,
474 981 660 1022 Egaleosque
674 982 844 1014 nemoribus
867 982 997 1021 consita,
1020 986 1050 1014 et
1075 983 1197 1014 Parnes
1222 983 1334 1014 vitium
1348 983 1483 1024 fertilis,
1504 985 1536 1015 et
1559 982 1747 1025 Lycabessos

299 1022 402 1062 aptior
408 1022 552 1061 ferendae
566 1025 676 1065 opimoe
689 1025 791 1064 oliva»,
804 1025 933 1064 mittant
947 1025 1049 1064 copias
1063 1026 1103 1056 ad
1118 1025 1240 1057 bellum.
1289 1026 1377 1057 Trux
1392 1026 1476 1057 [leus
1489 1026 1585 1067 venit,
1600 1030 1632 1058 et
1645 1028 1746 1059 culter

300 1065 389 1095 odori
403 1065 564 1106 Hymetti,
580 1077 616 1098 ac
631 1077 695 1107 vos,
712 1068 879 1106 Acharnoe,
893 1077 961 1107 quoe
972 1068 1094 1098 hederis
1107 1067 1310 1099 inelaboratos
1324 1068 1446 1109 thyrsos
1459 1068 1636 1100 movistis.
1678 1070 1746 1102 De-

299 1101 416 1138 'seritur
431 1107 564 1147 Sunion,
585 1111 665 1149 quod
683 1112 728 1140 est
752 1109 946 1149 conspicuum
969 1109 1089 1140 eminus
1109 1109 1238 1141 navibus
1254 1110 1294 1141 ab
1310 1111 1430 1142 oriente
1443 1110 1646 1151 venientibus,
1656 1113 1747 1152 „ande

300 1150 420 1190 AEgeus
432 1159 464 1182 se
474 1151 656 1193 precipitem
669 1152 735 1192 egit
750 1153 783 1183 in
797 1161 892 1193 mare,
902 1151 953 1183 cui
963 1161 1072 1184 nomen
1087 1153 1186 1194 dedit,
1199 1152 1394 1191 cumsulsum
1404 1153 1505 1185 velum
1518 1154 1608 1186 navia
1619 1164 1637 1188 e
1650 1155 1746 1188 Oretoe

902 1234 1140 1248 “n‘mffue

298 1285 388 1318 Vide
405 1287 487 1318 Var.
518 1286 616 1319 Lect.
642 1288 683 1329 ad
701 1297 736 1320 v,
757 1288 849 1330 Sylv.
865 1292 898 1322 3.
923 1293 997 1323 107.
1017 1294 1054 1322 et
1069 1300 1109 1322 11.
1128 1290 1236 1323 Theb.
1263 1294 1448 1324 252.--618
1470 1292 1554 1324 Put.
1575 1291 1745 1332 gentitibus

298 1328 419 1369 hospita
433 1329 647 1361 Divis.—620
672 1331 771 1362 Dives
781 1335 812 1363 et
824 1333 924 1372 Egeos
937 1333 970 1364 in
987 1333 1104 1365 eodem
1121 1333 1325 1365 libra—621
1347 1333 1518 1375 Lycabeeos
1527 1334 1607 1366 oliva
1621 1332 1744 1366 Petam
1773 1335 1775 1337 ’

300 1371 408 1411 Lang.
425 1372 524 1403 Laur.
541 1372 670 1405 Buslid.
686 1374 837 1414 Lipsian.
856 1374 955 1407 Aldd.
981 1376 1089 1407 Colin.
1115 1375 1247 1417 Gryph.
1264 1376 1369 1408 Basil.
1387 1377 1502 1412 Plaut.
1518 1376 1745 1416 Lindenbrog.

299 1418 335 1445 et
350 1414 452 1446 Cruc.
462 1415 589 1455 pinguis
599 1416 707 1446 melior
721 1417 907 1458 Lycabessos
919 1418 1000 1449 oliva
1013 1418 1063 1449 Pu
1069 1422 1094 1450 t.
1113 1418 1280 1460 Lycabeaos
1293 1418 1371 1450 olive
1385 1418 1527 1451 Behott.
1542 1422 1573 1452 1.
1587 1421 1620 1451 2.
1632 1419 1745 1459 pingui

297 1456 406 1487 melior
417 1457 605 1498 Lycabessos
620 1459 703 1490 oliva
719 1460 917 1492 Dan—622
937 1461 1028 1493 Venit
1043 1464 1138 1492 atrox
1150 1461 1246 1492 Aleus
1258 1470 1342 1492 unus
1354 1460 1538 1492 Burmanni
1554 1466 1589 1493 et
1601 1465 1753 1503 uterque,

257 1507 259 1509 ’
298 1498 439 1531 Behott.
475 1499 567 1531 Venit
585 1503 679 1532 atrox
697 1501 792 1533 Oleus
807 1503 894 1534 alter
919 1503 1072 1544 ejusdem
1087 1503 1284 1535 Burmanni.
1316 1503 1408 1536 Venit
1421 1507 1516 1536 atrox
1529 1503 1645 1536 Alaeus
1658 1503 1746 1545 legit

949 1578 982 1610 N
988 1577 1091 1610 0¹1¹AE

298 1636 434 1679 fusique
449 1637 492 1670 ab
517 1637 784 1671 Atheniensibus
804 1640 892 1672 duce
915 1641 994 1672 Mil-

301 1687 407 1719 tiade.

307 1743 312 1747 '
341 1740 405 1769 618
443 1737 630 1770 Genialibus
661 1740 770 1782 Divis]
802 1740 812 1758 ‘
832 1739 994 1773 Geniales

299 1787 420 1829 Deos,’
444 1794 484 1821 ut
520 1789 631 1831 inquit
664 1791 798 1832 Festus,
833 1791 994 1824 dixerunt

299 1849 433 1881 aquam,
446 1844 583 1880 terram,
593 1840 715 1880 ignem,
728 1845 763 1873 et
776 1841 902 1882 aerem,
916 1851 993 1883 quae

299 1889 500 1921 Graecorum
515 1891 570 1921 alii
584 1892 739 1931 στοιχεῖα,
763 1892 818 1922 alii
835 1890 996 1933 σπέρματα

299 1944 433 1971 vocant.
476 1940 664 1972 Duodecim
678 1951 811 1983 quoque
828 1942 934 1982 signa,
947 1943 995 1974 lu-

298 1995 389 2029 nam,
407 1995 444 2022 et
456 1991 561 2022 solem
584 1991 675 2022 inter
696 2001 753 2023 eos
772 1992 864 2023 Deos
881 2001 995 2024 nume-

300 2039 432 2072 rabant.
463 2040 596 2073 Graecis
628 2041 699 2073 Θεοὶ
725 2041 886 2081 γενέθλιοι.
926 2044 995 2075 Vo-

298 2090 443 2122 cabatur
472 2095 507 2122 et
547 2091 686 2132 Jupiter
718 2091 877 2132 γενέθλιος
904 2093 994 2135 quod

297 2140 471 2182 gignendis
485 2141 601 2173 liberis
615 2151 764 2183 praeesse
778 2143 993 2176 credebatur.

298 2192 346 2225 Et
368 2192 531 2229 Ποσειδῶν,
554 2201 613 2224 seu
642 2194 816 2235 Neptuniae,
838 2192 995 2234 ’γενέθλιος

298 2240 424 2273 dicitur
439 2241 598 2282 Apollon.
616 2240 701 2284 Arg.
718 2251 760 2275 ιι.

338 2293 404 2323 619
427 2291 540 2333 Icarii]
571 2292 625 2323 De
638 2292 752 2324 Icario
767 2302 882 2335 supra.
927 2294 991 2327 Lo-

298 2351 357 2374 cus
385 2342 418 2373 in
448 2342 568 2374 Attica
601 2343 651 2374 sic
681 2340 805 2377 dictus.
851 2345 992 2386 Celeique

298 2391 418 2431 domus]
456 2392 578 2423 Celeus
597 2393 800 2434 Triptolemi
816 2398 916 2435 pater
930 2395 994 2427 Ce-

299 2449 408 2473 rerem
424 2446 634 2484 quaerentem
658 2444 900 2484 Proserpinam
918 2444 995 2476 hos-

298 2491 381 2532 pitio
396 2492 539 2533 recepit.
576 2492 737 2534 Meloenoe]
760 2494 918 2526 Melaenae
945 2494 995 2526 vi·

299 2551 358 2573 cus
382 2542 417 2573 in
446 2541 566 2574 Attica
596 2543 629 2574 in
662 2542 755 2574 trihu
780 2542 999 2577 Antiochide.

304 2591 440 2631 Virides]
463 2591 519 2623 Ob
535 2596 645 2632 prata,
660 2593 714 2624 vel
730 2602 879 2627 nemora.

342 2644 406 2673 620
430 2643 580 2684 Egaleos]
601 2643 700 2674 Mons
726 2643 869 2677 Atticae.
914 2646 996 2677 Par-

299 2691 368 2732 nes]
390 2692 550 2733 Ejusdem
563 2692 691 2724 Atticae
708 2702 815 2727 monS.

342 2745 404 2774 621
429 2742 628 2784 Lycabessos]
644 2743 744 2775 Mons
762 2743 916 2784 ejusdem
932 2743 993 2777 At-

301 2792 391 2825 ticae.

1089 1643 1154 1673 622
1176 1640 1276 1682 Ileus]
1313 1641 1437 1674 Gentis
1452 1640 1672 1687 Atheniensis
1683 1650 1745 1673 no-

1046 1701 1136 1725 men.
1181 1693 1343 1736 Hymetti]
1368 1687 1553 1736 Hymettuis
1567 1702 1663 1725 mona
1678 1692 1742 1726 At·

1047 1743 1141 1784 ticae,
1162 1744 1284 1785 apibus
1314 1749 1350 1776 et
1376 1744 1485 1775 mellis
1510 1743 1610 1785 copia
1639 1742 1744 1775 abun-

1047 1793 1144 1833 dans,
1160 1794 1249 1834 quod
1266 1794 1277 1812 ‘
1291 1794 1505 1835 Hymettium
1517 1793 1527 1808 ⁹
1549 1793 1748 1833 vocabum·

1047 1844 1139 1875 uude
1154 1845 1163 1861 ‘
1179 1844 1301 1875 Olens’
1319 1844 1456 1876 dicitnr.

1089 1896 1152 1925 623
1177 1893 1347 1935 Acharnoe]
1363 1887 1536 1935 Oppidum
1547 1893 1684 1926 Atticae.
1700 1893 1743 1925 In

1047 1944 1109 1976 hoc
1131 1945 1205 1976 loco
1231 1944 1390 1976 hederam
1415 1944 1611 1986 apparuisse
1634 1943 1744 1976 refert
1804 1956 1806 1958 ’

1049 1993 1233 2026 Pausanias
1251 1993 1395 2026 Atticis:
1410 1994 1498 2025 unde
1513 1995 1524 2012 ‘
1537 1993 1671 2034 thyrso·
1687 1993 1746 2026 he·

1049 2044 1142 2076 deris
1168 2043 1332 2076 vestisse'
1356 2043 1527 2076 dicuntur.
1573 2045 1620 2076 Et
1634 2043 1745 2077 Poeta

1049 2094 1192 2126 Graecus
1207 2093 1396 2136 Antipater
1412 2093 1446 2125 in
1461 2094 1662 2135 Sophoclem
1675 2099 1743 2126 tra-

1049 2143 1234 2185 goediarum
1251 2144 1462 2186 Scriptorem
1475 2150 1556 2177 noto
1565 2145 1744 2187 Epigram-

1048 2199 1152 2236 mate,
1169 2194 1368 2237 Ἀχαρνίτην,
1394 2196 1456 2227 hoc
1482 2200 1546 2237 est,
1563 2195 1744 2229 Aetnam-en-

1047 2254 1122 2282 sem,
1138 2255 1201 2286 per
1222 2245 1398 2286 epitheton
1420 2245 1579 2277 hederam
1595 2246 1746 2278 nomina-

1043 2294 1105 2326 vit.

1086 2346 1149 2376 624
1177 2343 1265 2385 Eois]
1289 2345 1343 2376 Ex
1358 2344 1504 2376 Oriente
1515 2344 1743 2378 venientibus.

1047 2393 1253 2435 Speculabile]
1286 2394 1377 2427 Quia
1402 2395 1670 2436 promontorium
1687 2404 1743 2428 ee-

1049 2444 1157 2485 lebre,
1173 2448 1208 2475 et
1222 2444 1386 2476 eminens.

1089 2495 1151 2525 625
1175 2492 1310 2533 Sunion]
1332 2493 1438 2525 Vicus
1453 2498 1491 2526 et
1512 2495 1746 2527 Promontori-

1048 2553 1104 2575 nm
1119 2543 1256 2575 celebre
1273 2543 1400 2576 Atticae
1413 2544 1572 2585 regionis,
1584 2544 1673 2586 quod
1689 2548 1745 2576 est

1048 2594 1083 2625 in
1098 2597 1250 2625 extrema
1272 2593 1428 2625 Helladis
1449 2599 1561 2635 parte,
1578 2603 1682 2635 supra
1695 2594 1743 2626 A·

1048 2644 1166 2676 thenas
1192 2647 1230 2675 et
1254 2643 1504 2676 Marathonem.
1552 2644 1643 2676 Unde
1667 2645 1744 2684 vagi
1775 2662 1778 2665 -

1046 2701 1196 2724 casurum·
1211 2692 1246 2724 in
1267 2692 1391 2724 nomina
1412 2693 1501 2734 ponti
1515 2692 1640 2725 Cressia
1656 2694 1744 2726 deee-

1044 2743 1184 2784 pitsalso
1198 2743 1281 2775 ratis
1294 2743 1397 2782 AEgea
1410 2742 1489 2783 velo]
1509 2743 1633 2784 Tangit
1645 2742 1744 2776 fabu-

1048 2794 1112 2826 lam
1129 2803 1196 2836 qua
1211 2793 1335 2826 dicitur
1351 2793 1618 2836 AEgeus,'1'hesei
1634 2797 1746 2836 pater,
