1858 3112
423 250 464 282 e.
496 248 688 280 ΡΑιηΝιι
721 247 887 280 STATn
920 246 1065 278 snm.
1098 246 1194 278 mn.
1216 245 1292 277 ιιι.
1320 236 1363 277 2.

164 341 225 375 Ait
248 342 338 375 enim
365 341 540 385 principes
562 341 711 376 Graeciae
728 346 867 375 secutos

162 402 238 426 esse
258 392 550 436 Agamemnonem
573 403 642 426 non
656 397 725 426 tam
735 393 868 435 jureju-

163 443 272 476 rando
307 444 466 476 addictos
496 455 564 486 quo
591 444 734 486 obligati
765 448 867 475 eraut

162 493 324 535 Tyndaro
350 494 443 535 patri
468 494 628 534 Helenae,
652 504 753 537 quam
774 492 867 535 Aga-

162 543 351 576 memnonis
366 544 501 586 opibus.
521 544 696 576 Domitius.
786 564 789 567 -

206 596 268 626 lm
292 593 341 626 Isi
363 594 548 637 Phoroneis]
569 594 787 626 Inemeudati
810 604 867 627 co-

162 643 261 677 dices
269 644 372 677 modo
385 645 456 686 ipsc
470 645 572 677 modo
586 645 650 686 ipsi
673 643 867 687 proferunt.

164 694 238 727 Nos
253 695 303 727 102·
315 695 495 727 scribimus
511 705 521 735 ;
541 704 619 727 nam
642 696 781 728 invocat
804 695 867 727 Isi-

162 744 242 778 dem
270 754 397 777 numen
424 745 583 787 AEgypti,
615 746 672 778 cui
708 746 867 778 Celerem

162 795 393 828 commendat.
437 795 527 828 Haec
556 800 659 828 autea
693 795 735 828 Io
772 796 868 828 dicta

160 846 282 880 Inachi
306 846 377 879 tilia
398 845 487 878 fuit:
509 851 547 879 et
561 846 724 879 Inachum
741 845 866 878 flumen

161 897 355 939 Bosporum
369 897 460 935 dixit
470 898 652 930 Eusebius.
697 898 869 930 Phoroneis

159 947 280 989 anuis]
305 947 458 990 Argivis.
502 948 720 985 Phoroneus,
742 953 781 981 ut
798 949 867 980 Eu-

162 998 290 1040 sebius,
325 1007 444 1041 regum
479 999 734 1041 antiquissimus
761 999 865 1042 Argis

161 1049 334 1091 regnavit,
342 1048 433 1082 filius
444 1049 566 1082 Inachi
577 1054 614 1082 et
630 1050 771 1084 Niobes.
797 1051 867 1083 Alii

161 1100 309 1134 Niobam
324 1099 429 1133 fnisse
443 1100 547 1133 filiam
561 1100 744 1144 affirmant,
770 1103 866 1144 prius

154 1150 292 1193 judicia
307 1155 344 1184 et
369 1152 462 1194 leges
487 1153 704 1195 conscripsit.
750 1153 866 1195 Hujus

161 1200 223 1234 tilii
238 1200 380 1238 fuerunt
395 1201 436 1234 lo
450 1207 487 1235 et
503 1204 660 1245 spartus,
679 1204 737 1247 qui
760 1204 867 1245 Spar·

161 1254 232 1285 ten
254 1261 277 1284 a
293 1261 362 1284 suo
383 1252 520 1286 nomine
541 1253 708 1286 condidit.
751 1254 867 1287 Stabu-

160 1301 244 1344 tata]
268 1302 356 1335 cam
366 1307 446 1335 erat
458 1303 530 1337 bos.
551 1304 726 1336 Domitium.

206 1356 270 1386 1⁰³
290 1354 466 1387 Multisoao
492 1355 604 1396 sistro]
631 1355 866 1388 Iusti-umento

161 1404 248 1439 Isidi
276 1405 498 1447 peculiariter
522 1405 710 1448 adscripto.
754 1407 809 1438 De
824 1415 866 1438 eo

161 1465 206 1488 ex
220 1454 333 1498 poetis
347 1460 386 1488 et
409 1455 558 1499 Apuleio
578 1457 653 1498 Jam
675 1456 777 1494 dixit,
802 1456 867 1489 hoc

161 1506 266 1539 etiam
276 1507 353 1539 loeo
359 1506 634 1548 illustrato,Joh.
648 1508 867 1540 Passeratius

161 1557 206 1590 ad
227 1557 392 1599 Propert.
414 1557 476 1590 lib.
493 1566 552 1591 m.
579 1558 676 1598 Eleg-
692 1561 746 1591 11.
781 1559 867 1598 Spe-

163 1608 252 1641 ciem
276 1607 352 1649 ejus
374 1608 548 1650 depictam
562 1607 660 1641 dedit
674 1609 867 1650 Stephanus

163 1659 343 1692 Cluverius
371 1661 584 1693 cementario
608 1660 651 1693 ad
668 1660 781 1693 Persii
792 1661 868 1694 Sat.

162 1719 242 1752 pag.
257 1713 333 1745 ²⁰8.
363 1711 482 1744 Barth.

205 1763 271 1794 108
286 1760 444 1794 Fue-naa
457 1761 599 1804 licentia]
615 1762 729 1803 Doce,
745 1761 868 1804 iuquit,

162 1820 243 1844 enm
254 1820 310 1845 res
323 1812 496 1845 mirandas
512 1813 672 1855 AEgyptiz
697 1813 732 1845 in
748 1812 867 1855 primis

160 1871 266 1905 quare
291 1866 425 1896 tantum
447 1862 594 1896 inundet
616 1863 731 1897 Nilus.
752 1863 869 1896 Domi-

161 1913 238 1946 tiu.

206 1967 271 1998 no
295 1965 444 2008 Cecropio
466 1969 617 2007 ungunta
639 1967 722 2009 lato]
743 1967 868 2000 Siculis

163 2015 274 2058 gerris
301 2016 443 2048 vaniora
469 2021 562 2058 sunt,
583 2027 660 2060 quoe
675 2018 720 2050 de
744 2017 868 2050 Saitica

162 2066 237 2105 Nili
259 2066 351 2100 ostio
370 2066 425 2100 hic
448 2073 662 2101 commentus
676 2072 731 2101 est
744 2069 868 2101 Domi-

160 2116 242 2150 tius.
276 2117 346 2149 Per
365 2117 591 2160 ‘Cecropium
606 2119 741 2159 lutum,’
757 2120 869 2152 Poeta

161 2167 275 2200 innuit
295 2167 449 2200 ‘murum
469 2168 723 2211 hirundinum,'-
735 2171 785 2203 ita
796 2171 868 2203 dic-

161 2223 250 2259 tum,
273 2218 365 2261 qnod
390 2219 588 2252 hirundines
602 2229 680 2255 eum
696 2222 870 2254 exundan-

161 2269 193 2302 ti
203 2269 284 2302 Nilo
296 2274 487 2312 opponant.
530 2271 594 2303 Est
608 2270 700 2303 enim
716 2271 869 2304 hirundi-

161 2329 244 2353 num
264 2321 399 2363 species
423 2320 458 2352 in
485 2321 650 2363 AEgypto,
662 2332 739 2364 qnae
757 2332 776 2354 a
793 2323 867 2355 Nili

162 2371 249 2413 ripa,
273 2371 309 2404 in
336 2381 404 2414 qua
428 2371 564 2404 assidue
586 2377 780 2411 versantur,
797 2373 868 2405 Pli-

161 2419 221 2454 nio
241 2422 254 2441 ⁴
267 2420 429 2464 riparia&
446 2431 476 2454 .a
501 2422 672 2454 Marcello
691 2422 866 2464 Empirico

155 2473 167 2492 ⁶
181 2472 352 2514 ripariola
363 2471 373 2486 ’
386 2472 617 2505 nominantur.
654 2472 866 2505 Hirnndines

162 2523 232 2557 insa
256 2524 292 2556 in
316 2524 393 2566 ipsa
419 2524 525 2556 etiam
552 2525 632 2566 ripa
657 2523 757 2557 nidos
787 2534 866 2557 suos

162 2578 364 2607 construere
393 2574 516 2614 solent,
540 2583 671 2615 eosque
703 2577 866 2617 tanquam

162 2633 308 2667 aggeres
319 2623 488 2671 quosdam
497 2628 603 2666 atque
612 2624 731 2656 obices
745 2629 867 2657 contra

162 2677 236 2710 Nili
261 2676 411 2718 impetus
440 2679 631 2716 opponunt.
676 2675 765 2708 Vide
782 2675 866 2708 Plu-

161 2727 271 2759 tarch.
298 2727 356 2760 lib.
381 2726 425 2758 de
452 2725 582 2758 Fluviis
596 2730 634 2758 et
648 2726 742 2758 Plin.
757 2726 818 2758 lib.
829 2734 866 2759 x.

162 2777 265 2811 Dixit
290 2782 405 2810 antem
428 2776 541 2809 Poeta
563 2777 574 2795 ⁸
587 2776 794 2818 Cecropium
815 2777 866 2809 lu-

163 2827 260 2870 tum,’
280 2827 361 2871 qni·
382 2827 486 2860 etiam
503 2827 602 2871 pueri
616 2831 744 2861 norunt
758 2827 866 2860 Proc-

1510 237 1624 280 1705

916 350 981 373 nen
997 339 1219 373 Atheniensis
1234 339 1322 382 regis
1338 339 1442 372 filiam
1459 339 1494 372 in
1508 339 1622 371 hirun-

916 391 1048 432 dinem,
1074 391 1252 423 notissima
1274 391 1409 430 fabula,
1425 400 1622 423 conversam

917 451 1002 474 esse.
1047 442 1202 483 Cecrops
1231 447 1344 474 autem
1369 441 1499 483 primus
1515 440 1624 473 Athe·

917 502 1036 524 narum
1074 492 1233 524 conditor
1259 491 1333 524 fuit.
1377 492 1487 524 Recte
1517 491 1622 524 etiam

917 542 1008 575 dixit
1035 542 1249 584 ‘stagnatum
1272 542 1404 584 ripam‚’
1441 542 1522 584 quia
1549 541 1622 574 Nili

918 603 1007 636 aqua
1017 593 1050 625 in
1064 603 1103 625 ea
1114 594 1325 633 continetur,
1336 603 1400 626 nec
1411 592 1550 625 effluere
1563 603 1625 634 po-

918 648 1000 676 test.
1046 644 1101 676 lta
1123 648 1159 676 et
1186 644 1289 676 Silius
1319 643 1408 675 libro
1425 653 1463 676 x.
1507 643 1623 684 ‘stag-

915 698 1039 726 nantes
1056 694 1148 735 ripas
1160 693 1169 707 ’
1185 694 1286 727 dixit.
1320 694 1483 727 Beroald.
1500 694 1534 726 in
1551 694 1624 726 An·

917 751 1028 779 notat.
1055 748 1103 779 ait
1126 747 1275 780 Francis.
1290 747 1519 780 Puteolanum
1536 757 1623 788 prae-

918 803 1096 839 ceptorem
1122 807 1221 830 suum
1241 798 1352 839 primo
1367 798 1516 831 omnium
1532 799 1623 830 hunc

916 847 1027 880 locum
1046 848 1095 880 ita
1110 857 1182 880 esse
1195 848 1472 890 interpretatum.
1487 849 1623 880 Gevnrt.

919 899 1067 941 Cecropio
1108 903 1259 939 stagnata
1301 899 1381 941 luto]
1426 901 1436 918 ‘
1450 899 1624 941 Stagnans

917 959 1008 991 aqua
1020 949 1030 964 ’
1054 951 1206 992 proprie,
1231 960 1307 992 qum
1326 960 1393 982 non
1408 950 1538 991 liquide
1553 959 1624 981 ma-

916 1005 988 1041 nat,
1013 1000 1075 1032 sed
1105 1006 1174 1033 stat
1202 1001 1380 1043 paludosa,
1407 1001 1516 1032 multo
1542 1001 1624 1032 limo

917 1060 1035 1085 crassa
1056 1055 1093 1083 et
1108 1051 1258 1084 turbida.
1303 1051 1461 1092 Sug-natu
1476 1060 1542 1083 non
1558 1056 1625 1088 est,

917 1102 951 1133 in
978 1111 1046 1144 qua
1075 1106 1267 1143 perpetuus
1301 1103 1395 1134 latex
1425 1102 1623 1144 subjicitur,

917 1151 1093 1183 irremisso
1105 1149 1201 1184 fonte
1213 1150 1401 1193 profluens,
1412 1157 1449 1184 ut
1463 1152 1625 1184 Barthius

918 1203 1068 1235 Advers.
1098 1202 1157 1235 lib.
1177 1212 1331 1235 xxxvn.
1357 1213 1435 1244 cap.
1450 1206 1483 1235 7.
1511 1208 1625 1245 putat,

917 1255 977 1286 sed
994 1254 1199 1296 simpliciter
1214 1254 1332 1286 limosa
1345 1264 1435 1297 aqua
1446 1254 1624 1287 inundata.

919 1306 1086 1341 Naturam
1101 1305 1178 1344 soli,
1193 1305 1250 1337 ubi
1262 1306 1380 1338 hortus
1393 1306 1532 1345 colitur,
1549 1306 1624 1337 vult

917 1365 1030 1398 neque
1045 1355 1186 1395 siccam,
1201 1365 1314 1398 neque
1331 1355 1544 1397 paludosam,
1561 1355 1624 1388 sed

917 1407 1256 1449 habilem,pinguem.
1278 1407 1380 1439 Unde
1395 1407 1495 1440 Nilus
1509 1408 1623 1448 ‘stag-

917 1457 1021 1490 nare'
1043 1457 1180 1490 dicitur.
1203 1457 1293 1489 Vide
1303 1458 1624 1490 Gronov.Diatrib.

919 1509 1033 1541 Invida
1054 1509 1229 1551 Memphis]
1249 1510 1416 1541 Existimo
1432 1509 1624 1551 Memphim

915 1561 972 1594 hic
997 1561 1165 1593 ‘invidam
1178 1560 1188 1573 ’
1211 1562 1281 1593 dici
1297 1566 1446 1603 propterv
1457 1571 1623 1593 summum

916 1613 1031 1645 odium
1061 1622 1103 1645 ac
1125 1612 1334 1644 simultatem
1352 1622 1452 1655 quam
1469 1611 1624 1654 AEgyptii

917 1663 1009 1696 iuter
1025 1672 1061 1695 se
1077 1668 1196 1696 mutuo
1213 1663 1435 1704 exercebant,
1449 1667 1558 1695 ortam
1579 1662 1625 1694 ob

915 1713 1153 1746 diversitatem
1179 1714 1347 1753 Deorum,
1368 1724 1454 1756 quos
1478 1714 1624 1755 quisque

915 1764 1012 1797 locus
1025 1765 1174 1797 colebat.
1217 1764 1352 1797 Auctor
1367 1769 1422 1797 est
1438 1764 1528 1797 enim
1541 1764 1624 1796 Dio-

917 1814 1021 1847 dorus
1045 1816 1071 1848 1.
1085 1824 1127 1848 n.
1154 1825 1232 1848 cum
1249 1815 1403 1857 AEgyptii
1420 1815 1624 1858 frequenter

916 1866 952 1898 in
963 1876 1042 1898 suos
1055 1866 1229 1908 principes
1241 1866 1440 1907 conspirare
1453 1865 1624 1906 solebant,

917 1919 1096 1962 cujusdam
1120 1929 1239 1952 eorum
1265 1918 1356 1960 regis
1384 1917 1530 1950 consilio
1553 1914 1626 1949 fac-

917 1974 989 2003 tum
1013 1979 1104 2011 esse,
1132 1973 1172 2002 ut
1194 1969 1406 2001 diversorum
1427 1967 1623 2000 animalium

916 2022 1032 2054 cultus
1054 2020 1199 2053 diversis
1223 2018 1426 2052 civitatibus
1452 2018 1623 2051 tribucre·

917 2076 985 2112 tur,
1004 2072 1138 2113 hocque
1160 2073 1277 2111 pacto,
1306 2079 1382 2102 cnm
1410 2068 1478 2101 inae
1494 2068 1530 2100 iu
1545 2067 1625 2100 reli-

916 2122 1019 2164 gione
1042 2131 1085 2154 ac
1106 2121 1256 2153 Deorum
1274 2119 1371 2152 cultu
1386 2119 1525 2151 minime
1541 2128 1622 2151 con-

916 2172 1088 2212 venirent,
1111 2171 1259 2212 ideoque
1272 2170 1432 2212 gravibus
1447 2170 1534 2202 odiis
1550 2179 1571 2201 a
1586 2179 1623 2202 se

915 2226 1034 2255 mutuo
1064 2220 1286 2260 dissiderent,
1311 2220 1454 2262 alia’que
1479 2220 1623 2252 aliarum

917 2272 1197 2315 superstitionem
1236 2274 1510 2310 contemnerent,
1554 2279 1622 2301 non

915 2327 1056 2365 possent
1094 2320 1281 2354 concordes
1312 2321 1558 2363 unanimesque
1587 2321 1623 2352 in

915 2373 1089 2414 principes
1114 2381 1193 2403 suos
1221 2370 1415 2413 conjurare.
1459 2371 1623 2403 lasciviae

914 2433 969 2455 ora
989 2423 1126 2464 Canopi]
1150 2423 1207 2455 De
1224 2422 1472 2463 Canopaeorum
1489 2423 1623 2455 luxuria

915 2474 1096 2514 eleganter
1121 2472 1247 2505 Strabo
1267 2473 1328 2504 lib.
1355 2481 1450 2505 xvu.
1486 2473 1623 2505 ‘Cano-

915 2523 1059 2566 pismus'
1077 2523 1345 2565 proverbialiter
1359 2523 1473 2555 dictus
1489 2527 1545 2556 est
1561 2533 1623 2566 pro

914 2576 1107 2617 petulantia
1122 2578 1159 2606 et
1173 2574 1355 2607 immodica
1370 2575 1520 2609 lascivia.
1559 2576 1623 2609 Ge-

913 2629 999 2658 curt.

957 2675 1113 2708 112⁴Ctn·
1138 2678 1242 2707 servet
1268 2675 1423 2718 Pharias]
1454 2676 1519 2710 Nae
1535 2679 1621 2710 mul-

913 2730 984 2758 tum
1001 2725 1155 2757 Domitio
1170 2725 1276 2758 debet
1304 2726 1440 2759 Charon
1469 2729 1620 2769 portitor

914 2777 1053 2816 Lethes,
1069 2776 1125 2808 cui
1136 2776 1296 2818 janitoris
1312 2778 1415 2809 etiam
1432 2788 1550 2809 munus
1567 2787 1618 2809 as-

911 2826 1073 2869 signavit,
1088 2825 1190 2860 modo
1202 2836 1247 2860 nc
1268 2826 1304 2860 id
1321 2829 1530 2861 stomachum
1545 2836 1618 2860 mo-
