1846 3120
258 258 372 302 1620

260 365 404 398 Jnretus
420 362 537 404 etiam,
553 361 594 393 ad
609 362 845 403 Symmachum
860 362 921 394 lib.
934 371 959 392 ι.

262 417 311 447 ait
335 414 478 446 Poetam
505 417 657 444 nostrum
675 413 707 444 in
725 412 801 444 cod.
823 413 871 444 D.
894 412 961 443 Be-

260 464 353 506 nigni
370 462 588 495 Divionensis
605 466 614 479 ¹
625 463 804 494 Surculum
817 461 827 476 '
842 462 959 503 appel·

262 516 333 547 lari.
353 513 448 546 Guil.
463 522 541 544 vero
557 512 735 544 Barclaius
752 512 785 543 in
795 512 961 543 Praemes-

263 566 309 597 sis
327 565 369 596 ad
385 563 499 596 Taciti
509 563 718 606 Agricolam,
730 563 874 595 Poetam
886 573 961 595 nos-

263 623 368 657 trum,
394 621 432 648 ut
455 616 594 647 natione
622 615 864 654 Tlnolosanmn,
882 613 963 646 Gat-

263 669 342 700 licae
354 665 532 708 juventuti
546 665 777 704 commendat,
798 670 833 696 et
861 664 963 696 ‘Sur-

264 719 331 751 culi
345 718 355 733 ’
380 726 543 759 agnomen
560 716 696 748 omniuo
710 715 877 755 defendit,
900 715 962 746 ait-

266 778 344 810 que,
369 769 378 785 ‘
393 777 469 799 cum
487 768 604 798 Romae
622 766 757 808 quidam
786 765 963 805 agnomine
982 797 985 799 ,

264 822 274 838 ‘
287 820 444 852 Stolones
455 819 464 833 ’
488 819 570 850 dicti
586 818 723 854 fuerint,
737 817 817 859 quid
835 816 893 856 ui,'
914 816 964 847 in-

265 871 355 912 quit,
388 870 516 901 ‘etiarn
542 867 751 900 ‘Surculi?’¹
810 867 964 899 Modium

266 920 417 961 aliosque
448 919 712 961 quamplurimos
745 918 878 957 omitto,
908 916 965 959 qui

268 970 359 1001 idem
374 974 592 1002 censuerunt.
637 962 724 1001 Haec
739 969 853 1010 itaque
870 977 966 1007 argu-

268 1026 386 1052 menta
402 1028 518 1051 eorum
537 1023 628 1059 sunt,
652 1019 709 1061 qui
735 1028 856 1050 novum
883 1016 966 1049 illud

270 1080 393 1102 nomen
406 1070 525 1102 Poetae
538 1075 654 1101 nostro
665 1069 893 1111 adjiciendum
910 1077 966 1099 ex-

268 1121 477 1152 istimarunt.
493 1120 565 1152 Nos
581 1129 676 1159 vero,
686 1124 866 1160 antequam
880 1117 968 1149 falce

270 1175 388 1203 nostra
418 1169 597 1202 insititium
622 1170 715 1201 illum
748 1167 968 1200 ‘Surculum'

272 1229 545 1258 averruncemus,
555 1219 737 1250 videndum
754 1219 923 1257 duximus,
935 1218 967 1248 in

270 1279 337 1311 quo
353 1269 488 1300 tandem
505 1278 587 1309 agro
607 1267 726 1299 infelix
749 1268 830 1299 illud
853 1268 968 1298 lolium

272 1321 419 1361 primum
436 1319 598 1359 creverit,
622 1322 659 1350 et
681 1318 772 1350 unde
794 1319 827 1349 in
855 1327 969 1349 omnes

273 1370 357 1401 Mss.
383 1369 487 1401 Statii
517 1368 653 1400 codices
680 1378 753 1400 sese
780 1368 969 1399 insinuarit.

272 1420 365 1452 Illud
396 1429 479 1452 vero
501 1419 585 1451 mihi
615 1419 801 1459 diligenter
833 1418 970 1449 rimanti

273 1470 495 1503 certissimum
520 1474 585 1510 est,
608 1470 751 1511 pri-mum
770 1479 811 1500 ex
829 1468 972 1500 Eusebii

273 1522 444 1554 Chronico
456 1524 569 1552 ortum
593 1528 667 1550 esse
691 1519 780 1550 bunc
807 1527 969 1550 errorem.

273 1572 341 1604 Ubi
358 1581 441 1612 ergo
463 1572 572 1602 locum
596 1571 688 1601 illum
715 1570 973 1608 correxerimus,

272 1622 282 1639 ‘
297 1627 379 1653 tunc
395 1622 469 1662 ipsa
483 1620 611 1652 cubilia
625 1619 783 1651 fraudum
795 1619 804 1633 ¹
826 1618 971 1659 apertis-

274 1673 358 1704 sime
395 1672 577 1712 patebunt.
636 1671 747 1711 Vulgo
787 1670 900 1711 itaque
938 1670 972 1700 in

276 1722 445 1754 Chronico
474 1722 543 1760 illo,
585 1725 621 1751 ut
653 1730 756 1760 supra
783 1720 973 1759 citavimus,

275 1772 423 1813 legitur:
448 1773 457 1789 ‘
474 1771 603 1802 Statius
629 1770 790 1801 Surculus
814 1770 974 1800 Tbolosa-

277 1833 350 1854 nus
370 1823 407 1853 in
432 1822 546 1854 Gallia
571 1821 793 1853 celeberrime
822 1819 978 1850 Rhetori-

278 1884 352 1906 cam
366 1872 494 1913 docet‚’
508 1875 572 1904 ὅτε.
595 1873 652 1903 sed
669 1872 723 1902 hic
746 1871 903 1902 detracta
919 1871 976 1901 lit-

280 1930 368 1963 tera,
391 1925 401 1942 ⁴
416 1922 583 1962 Ursulus‚’
610 1931 676 1954 non
692 1926 804 1952 autem
830 1925 838 1938 ‘
851 1921 975 1952 Surcu-

279 1975 352 2007 lus'v
387 1974 568 2015 legendum
605 1982 692 2010 esse,
727 1975 876 2003 testatur
912 1971 978 2002 Vir

280 2024 418 2057 clariss.
436 2023 612 2056 Aubertus
627 2022 783 2060 Miraeus,
798 2021 856 2062 qui
883 2030 918 2052 se
942 2022 977 2052 in

279 2075 387 2107 tribus
403 2074 577 2106 veteribus
592 2071 727 2114 optimoe
743 2075 834 2102 notae
853 2070 977 2102 codici·

278 2122 550 2157 bus‘4Urs11lus’
579 2121 748 2163 reperisse
781 2121 913 2160 asserit,
942 2121 978 2152 in

279 2175 349 2207 suis
362 2175 405 2207 ad
421 2173 502 2205 illud
516 2172 708 2205 chronicon
721 2171 836 2203 Notis.
880 2171 976 2202 Idem

281 2230 429 2258 testatur
454 2224 620 2255 maximus
646 2222 815 2263 Scaliger,
841 2223 910 2254 suis
934 2223 978 2254 adv

281 2275 466 2307 Eusebium
484 2272 756 2305 Commentariis.
793 2272 931 2304 Deinde
943 2273 985 2304 in'

281 2325 450 2357 Chronico
466 2323 697 2363 manuscripto
713 2321 801 2362 quod
826 2332 980 2354 asserva·

281 2380 338 2407 tur
363 2375 464 2415 apud·
482 2375 514 2406 S.
539 2372 690 2404 Victoris
717 2372 878 2412 Lutetiae,
919 2373 978 2403 nbi

279 2426 354 2456 haec
382 2426 426 2456 D.
453 2423 654 2464 Hieronymi
684 2422 788 2453 verba
816 2423 978 2462 citantur,

280 2473 466 2506 ‘Ursulus'
491 2472 571 2513 legi,
595 2473 738 2512 ipsemet
762 2476 909 2503 testatur
922 2473 980 2503 Τἰέ

280 2524 446 2564 liobmga,
477 2523 627 2565 quamvis
651 2522 737 2554 falso
765 2523 822 2554 ille
856 2532 978 2555 nomen

281 2573 365 2605 illud
380 2573 426 2604 ibi
443 2572 663 2613 exscriptoris
677 2573 763 2604 vitio
782 2578 978 2613 corruptum

283 2623 469 2655 existimet.
514 2623 692 2654 Postremo
710 2623 800 2663 apud
821 2623 978 2654 Suetoni-

283 2673 339 2704 u'm
355 2673 417 2705 lib.
433 2672 475 2702 de
503 2673 614 2703 Claris
638 2672 818 2703 Rhetorib.
835 2671 892 2703 ubi
908 2673 979 2704 vita

279 2722 383 2763 hujus
410 2721 541 2752 ‘Ursuli
557 2722 681 2757 Statii,’
697 2721 758 2762 (de
774 2731 840 2763 quo
859 2722 978 2754 D1Hi—

285 2771 399 2813 eron.)
415 2771 587 2811 descripta
613 2769 692 2810 fuit,
713 2776 840 2811 proeter
863 2781 979 2802 eorum

284 2821 470 2855 Rhetorum
492 2821 641 2861 nomina,
662 2830 802 2862 quorum
823 2821 895 2853 vita
916 2821 980 2852 eti-

721 265 863 298 NOTAE
896 263 1163 297 VAIUORUM
1195 263 1250 297 IN

1010 370 1145 393 amnum
1162 361 1210 393 ibi
1227 360 1484 402 swerestssraec
1495 357 1600 392 etiam
1612 358 1712 402 lego-

1011 411 1160 444 bantur:

1138 469 1170 493 1..
1194 468 1341 492 STATxvs
1365 467 1537 492 vnsvtvs.

1140 520 1174 542 Ρ.
1199 519 1350 543 ειουινε
1373 518 1603 545 ανιιιιιυιιιω

1013 567 1052 593 ut
1082 564 1226 593 testatur
1265 561 1416 593 Achilles
1452 561 1541 599 Stat.
1563 559 1711 594 ‚Lusita-

1013 621 1076 642 nus
1092 611 1125 642 in
1142 611 1401 643 Commentariis
1415 611 1456 643 ad
1472 604 1569 643 illum
1586 610 1714 643 Sueto-1
1731 648 1733 651 ¹

1014 661 1062 692 nii
1076 661 1239 693 libellum.
1284 661 1374 696 Quin
1392 665 1427 693 et
1444 659 1612 693 Ausonius
1627 660 1711 692 aiibi

1014 711 1187 752 cujusdam
1200 712 1339 743 alterius
1353 711 1363 729 ‘
1375 711 1493 743 Ursuli
1505 710 1514 726 ¹
1530 710 1715 743 Gramm-

1015 762 1076 794 tici
1101 761 1270 802 meminit,
1292 766 1329 793 et
1349 765 1445 794 certe
1467 761 1476 779 ‘
1489 758 1716 793 Unulorum'

1016 815 1052 843 et
1074 813 1083 829 ‘
1097 811 1299 843 Ursinorum
1309 809 1320 825 '
1333 810 1460 842 familia
1472 810 1616 842 celebris
1630 804 1714 842 olim

1017 862 1133 893 Romae
1158 865 1245 892 erat.
1290 860 1383 892 Hinc
1404 859 1477 892 ‘D.
1502 859 1652 892 Ursuln’
1675 863 1714 892 et

1015 916 1024 929 ⁴
1038 911 1169 953 Ursus‚’
1182 912 1265 942 civis
1280 910 1417 952 quidam
1431 910 1603 943 Romanus
1618 909 1711 954 apud

1017 961 1160 994 Poenam
1176 966 1339 1002 nostrum,
1354 969 1396 993 n.
1409 961 1501 1003 sylv,
1524 960 1620 994 Hine
1631 957 1715 1002 engo

1018 1013 1182 1054 imprimis
1213 1014 1443 1054 perspicuum,
1474 1011 1623 1044 Sterculus
1644 1020 1714 1044 non

1019 1072 1093 1094 esse
1123 1072 1258 1103 nomen,
1282 1062 1349 1094 nisi
1373 1067 1570 1103 corruptum
1593 1064 1629 1093 et
1655 1059 1717 1092 de-

1020 1118 1208 1154 pravatum.
1254 1112 1355 1146 Quod
1383 1116 1422 1144 ut
1452 1111 1561 1144 adhuc
1589 1106 1717 1143 clarius

1019 1162 1158 1202 evadat,
1185 1164 1290 1205 ipsam
1328 1162 1454 1194 erroris
1485 1161 1650 1202 originem
1678 1165 1716 1193 et

1020 1212 1149 1245 fontem
1181 1213 1388 1254 aperiemus.
1443 1211 1607 1253 Repetite
1628 1217 1722 1251 erat,

1020 1269 1057 1295 ut
1075 1274 1166 1305 san-pe
1177 1263 1231 1301 fit,
1245 1264 1289 1310 ab
1305 1262 1450 1294 indoctis
1469 1260 1618 1293 librariis
1634 1261 1714 1293 ulti-

1020 1324 1075 1345 ma
1102 1315 1220 1346 littera
1244 1315 1267 1346 S
1286 1313 1376 1345 vocis
1396 1311 1624 1354 praecedentis
1641 1311 1734 1346 Sto.

1021 1365 1094 1403 tius,
1108 1369 1143 1396 et
1155 1365 1211 1396 illa
1224 1373 1378 1396 connexa
1389 1367 1463 1394 erat
1477 1371 1555 1395 cum
1570 1371 1720 1404 sequen-

1022 1415 1049 1447 ti
1075 1416 1208 1447 nomine
1238 1416 1382 1454 Ursulus,
1405 1415 1470 1446 boe
1496 1413 1617 1446 modo}
1640 1411 1717 1444 &a-

1021 1466 1069 1497 tiu
1099 1466 1258 1503 Suo-sulus,
1297 1465 1386 1497 unde
1411 1465 1555 1506 primum
1578 1463 1731 1506 quidem*

1023 1522 1139 1549 natum
1177 1517 1338 1555 Sursulus,
1384 1515 1474 1557 quod
1513 1516 1638 1556 postet
1677 1513 1714 1544 in

1023 1568 1174 1600 Surculum
1186 1569 1367 1598 mutatum.
1403 1563 1630 1597 Confirmatur
1641 1563 1738 1602 ime}

1023 1627 1099 1648 mea
1114 1617 1228 1657 opinio
1242 1626 1285 1647 ex
1300 1615 1408 1647 tribus
1423 1615 1509 1646 Mas.
1525 1613 1730 1653 codicibusq.

1024 1669 1057 1700 in
1071 1668 1193 1710 quibus
1210 1667 1364 1699 omnibus
1386 1666 1571 1698 etiamnum
1597 1664 1728 1696 Sursum

1023 1720 1072 1750 lus
1087 1718 1280 1759 legebatur,
1297 1727 1363 1749 non
1381 1717 1542 1749 Sumtus.
1581 1714 1730 1755 Primus.

1023 1774 1077 1800 est
1096 1769 1173 1800 cod.
1197 1767 1429 1808 Buslidianus,
1450 1776 1550 1809 quem
1571 1766 1720 1806 ipsemet

1023 1819 1117 1850 hisce
1133 1818 1242 1850 oculis
1259 1819 1397 1850 Lovanii
1421 1816 1568 1858 inspexi,
1589 1816 1624 1847 in
1648 1814 1729 1856 qn&

1024 1870 1115 1900 clare
1133 1868 1333 1909 legebatur:
1354 1868 1488 1910 Papinii
1502 1865 1628 1899 Strati
1636 1864 1722 1896 wee-

1025 1919 1090 1950 bais
1105 1919 1225 1959 incipit.
1246 1919 1336 1960 quod
1355 1920 1468 1960 glossa
1490 1916 1719 1950 interlinearis

1026 1970 1072 2001 ita
1101 1970 1316 2011 explicabat:
1347 1967 1556 2007 ‘Sursulus‚'
1596 1968 1723 2009 inquit,

1025 2020 1036 2037 ‘
1055 2029 1233 2060 agnomen,
1274 2019 1371 2061 quasi
1412 2026 1544 2049 sursum
1570 2015 1721 2049 canens!

1026 2069 1179 2101 Acumen
1214 2068 1464 2111 glossographi!
1496 2067 1555 2100 sed
1589 2065 1730 2109 linqua&

1027 2130 1100 2151 inus
1130 2130 1249 2160 nugas.
1287 2118 1388 2151 Alter
1416 2122 1491 2151 erat
1514 2117 1729 2150 Maeonis·

1028 2170 1159 2211 Langii,
1175 2180 1216 2201 ex
1233 2180 1300 2211 quo
1315 2170 1348 2201 in
1363 2168 1439 2201 cod.
1465 2177 1526 2200 sno
1548 2167 1728 2199 Livineius

1026 2220 1208 2251 adnotarat
1246 2220 1350 2251 etiam
1378 2219 1526 2251 Sur-sulus
1557 2218 1606 2250 ibi
1639 2217 1721 2258 lugi.

1027 2270 1163 2301 Tertius
1183 2275 1236 2301 est
1261 2269 1370 2301 codex
1396 2269 1447 2300 Cl.
1461 2269 1504 2300 V.
1524 2269 1562 2299 Ρ.
1573 2267 1725 2307 petavii,

1028 2320 1218 2351 Consiliarii
1238 2319 1351 2359 Regii,
1377 2319 1409 2349 in
1432 2326 1499 2360 quo
1524 2317 1721 2358 Tiliobroga

1028 2380 1063 2401 se
1095 2370 1263 2411 reperisse
1294 2368 1424 2399 fatetur
1451 2367 1611 2398 Sursoeluc.
1657 2366 1732 2398 Ita.

1027 2419 1115 2451 enim
1141 2418 1316 2459 legendnm
1337 2422 1391 2456 est
1411 2418 1444 2448 in
1461 2417 1532 2458 ejus
1548 2416 1724 2449 Obserua-

1027 2470 1188 2510 tionibus,
1214 2479 1292 2501 cnm
1315 2468 1546 2500 l'etaviannm>
1563 2467 1732 2500 codicem.

1028 2520 1124 2559 citat,
1141 2520 1297 2559 quamvis
1317 2527 1430 2559 operae
1445 2517 1534 2549 male
1546 2516 1594 2548 lbi
1605 2516 1725 2549 edide-

1028 2573 1108 2600 runt
1123 2569 1286 2599 Surculuo.
1332 2568 1420 2599 Nam
1437 2567 1510 2607 ipse
1528 2566 1728 2607 Tiliobrog‘n-

1028 2620 1062 2651 in
1090 2619 1185 2650 calce
1209 2618 1293 2650 edit.
1323 2617 1539 2658 Parisiensis,
1560 2617 1618 2648 ubi
1641 2619 1724 2657 ope-

1029 2679 1140 2700 rarum
1161 2673 1277 2699 errata
1291 2667 1443 2708 corrigit,
1471 2667 1520 2698 ita
1541 2665 1724 2707 legendnm

1030 2713 1077 2751 ait
1091 2730 1099 2750 :
1124 2724 1160 2750 et
1173 2728 1253 2749 sane
1270 2718 1353 2748 alias
1367 2716 1554 2758 pugnantia
1569 2716 1615 2747 ibi
1630 2716 1724 2748 loeu-

1030 2775 1083 2801 tus
1098 2768 1231 2804 fuisset,
1255 2773 1292 2799 ut
1313 2767 1442 2808 legenti
1457 2771 1576 2807 pawn
1599 2766 1659 2796 sed
1675 2766 1726 2807 pi·
1755 2802 1758 2803 ⁷

1030 2825 1088 2861 get
1114 2819 1239 2851 diutius
1265 2818 1546 2859 σμυφόλογεῖσθαι.
1579 2816 1727 2848 'Ex-“His

1830 3062 1846 3120 ...ct
1829 2874 1846 3052 [gum-annaoss
1834 2758 1846 2856 „ass-v.
1825 2731 1834 2737 ’“
