1846 3120
241 215 356 258 1646

241 319 358 361 pidum
388 320 598 361 Campaniae,
619 320 708 361 quod
729 321 857 353 Sarnus
875 319 939 352 flu-

241 364 324 403 vius‘
340 371 541 411 navigabilis
564 371 675 403 alluit.
716 372 805 403 Vide
826 371 940 403 Strab-

244 420 302 451 lih.
317 429 352 452 v.
396 421 486 452 Pliu.
513 420 571 453 lib.
602 430 658 452 ιιι.
681 431 758 463 cap.
782 425 813 453 5.
857 420 940 454 vib.

240 470 396 511 Sequest.

284 522 348 552 2⁷4
371 520 491 553 Merito
509 522 649 562 possessa
671 520 798 561 marito]
822 522 940 562 Expli-

242 575 339 602 catur
352 571 403 602 vis
419 575 456 603 et
470 572 602 603 notatio
615 570 778 612 δάμαρτος,
791 571 846 603 cui
861 580 940 602 con-

241 625 340 652 sonat
356 619 491 653 Gallica
514 621 668 653 Dominae
684 621 777 653 vocis
791 630 940 662 pronun-

237 668 355 704 ilatio.
377 671 503 703 Morell.

285 721 407 753 Camu.
418 730 475 752 ιιι.
492 724 508 752 1
523 720 745 762 Cernere,s·e.]
759 720 810 752 An
820 719 857 751 τὸ
867 721 942 752 Cer-

240 780 313 803 nere
323 770 429 803 ἅπλῶς
441 773 450 789 ‘
464 771 587 802 intueri
597 771 608 802 ?
618 771 627 785 '
643 771 736 812 atqui
753 771 787 802 ἐν
799 769 865 811 ὄψει
881 769 944 802 εἶσὶ

240 823 306 854 τοῖς
327 822 360 853 ἐν
376 821 474 863 Ῥώμῃ
489 820 621 863 Τίβονρά
631 834 669 853 τε
687 821 738 853 καὶ
753 820 942 863 Πραίνεστος

239 871 292 903 καὶ
313 873 483 911 Τοῦσκλον,
503 877 541 904 ut
569 872 691 904 scribit
713 871 941 913 Geographns

242 922 266 953 l.
279 931 314 954 v.
324 930 367 954 an
379 921 466 954 ludit
478 922 512 953 in
524 921 681 963 ambiguo
694 922 751 953 τοῦ
765 923 774 940 ⁸
787 920 895 953 adire'
906 926 942 953 et

237 973 248 990 ‘
257 981 402 1005 cernere
410 972 639 1005 hereditatem
647 973 671 1005 ?’
684 974 803 1015 utique
814 971 852 1003 τὸ
866 973 941 1005 Cer-

240 1022 316 1055 nere
329 1023 575 1065 ἑμφατικῶτερόν
589 1024 657 1055 ἐστι
672 1022 740 1056 ἀντὶ
753 1025 809 1055 τοῦ
819 1023 941 1065 κρίνειν,

243 1078 282 1106 ut
305 1076 536 1115 perlustrare:
561 1085 638 1107 mox
653 1076 794 1118 subjicit
811 1075 848 1107 τὸ
870 1085 941 1107 nos·

241 1134 404 1166 cere,-pro
431 1126 565 1166 penitus
583 1130 808 1167 perspectum
825 1126 941 1167 plane·

242 1184 308 1216 que
335 1176 509 1215 cognitum
530 1177 659 1208 habere
681 1177 807 1208 Tibur:
832 1175 940 1208 εἰδέναι

240 1223 452 1265 ἀκριβέστατα
470 1224 522 1257 καὶ
541 1224 826 1269 λεπτομὲρέστατα.
872 1226 941 1258 Vo-

242 1275 374 1316 piscum
397 1285 500 1317 porro
522 1277 622 1308 Rom.
645 1286 838 1318 praenomen
867 1285 941 1307 esse

242 1328 379 1356 autores
409 1326 603 1366 inculcant;
633 1326 709 1367 ejus
735 1336 817 1358 vero
844 1326 940 1366 origo

241 1378 278 1406 et
301 1374 388 1406 ratio
412 1384 582 1415 germanae
605 1375 845 1417 significationi
861 1385 940 1407 con·

241 1424 391 1464 veniens,
422 1425 512 1457 unde
534 1435 649 1467 quaeso
672 1426 738 1457 nisi
763 1425 806 1457 ab
831 1424 940 1463 ὀπίσω,

239 1473 376 1506 &laotos
400 1476 597 1515 repetatur?
627 1475 753 1516 spiritu
777 1476 889 1507 leniin
908 1485 941 1507 v.

241 1533 335 1556 c'ons.
351 1529 497 1566 mutato,
511 1530 549 1557 ut
566 1535 609 1557 ex
623 1525 651 1558 ἲς
666 1525 706 1558 fit
717 1527 776 1557 vis.
792 1526 881 1568 qnod
898 1536 940 1558 ex

241 1574 374 1606 duobus
391 1577 583 1616 conceptis,
607 1580 685 1617 post
700 1586 802 1608 unum
817 1576 941 1608 abortu

240 1625 427 1665 exclusum,
441 1626 481 1657 ad
491 1632 625 1666 partum
638 1626 824 1667 legitimum
836 1626 942 1657 dedu-

241 1680 377 1707 ceretur
390 1674 530 1716 ὀπίσκος,
545 1675 645 1708 ὄπισθι
663 1676 778 1717 γεγώς.
811 1677 940 1709 Morell.

241 1725 339 1757 Tibur
363 1725 514 1766 glaciale]
547 1727 652 1758 Tibur
683 1727 845 1768 oppidum
874 1732 941 1768 est,

241 1776 284 1809 ad
309 1777 615 1809 sextumdecimum
637 1778 787 1819 lapidem
809 1778 940 1810 distans

241 1826 284 1858 ab
310 1825 415 1858 Urbe.
460 1827 568 1868 Regio
591 1827 855 1870 circumquaque
881 1827 940 1860 fri-

240 1875 329 1917 gidae
345 1882 477 1909 naturae
503 1882 601 1916 erat;
630 1887 736 1919 quare
757 1883 793 1910 et
809 1878 843 1909 in
859 1887 939 1918 agro

238 1926 423 1958 Tiburtino
446 1927 601 1968 plerique
632 1929 857 1959 Romanorum
880 1928 940 1958 vil·

239 1976 289 2008 las
318 1976 501 2018 habebant,
538 1978 574 2009 iu
609 1977 731 2020 quibus
767 1977 941 2019 degebant

240 2031 376 2059 aestate.
404 2028 555 2060 Bernart.

281 2080 303 2108 2
328 2078 461 2109 Penates
486 2077 627 2118 geminos
658 2078 776 2110 inserto
804 2078 939 2119 Aniene]

241 2126 426 2168 Duplicem
452 2127 599 2168 domum,
623 2137 700 2169 quae
724 2127 767 2159 ab
797 2131 939 2169 utraque

239 2176 383 2207 Anienis
398 2176 475 2217 ripa
487 2173 718 2218 conjungitur.
741 2177 916 2209 Domitius.

281 2228 302 2257 8
326 2225 526 2267 Pisaeumque
548 2227 656 2258 domus
679 2236 740 2258 non
754 2230 866 2258 aestuat
881 2237 937 2258 un-

238 2274 327 2316 num]
360 2275 488 2307 Annum
517 2276 657 2308 Pisoeum
680 2277 833 2318 appellat
859 2278 937 2309 Sta-

238 2325 308 2357 tius
333 2325 417 2356 illud
440 2325 517 2357 anni
542 2330 687 2367 tempus,
710 2336 775 2367 quo
796 2326 868 2358 ludi
888 2326 936 2358 0-

237 2375 378 2416 lympici
401 2385 509 2416 prope
532 2376 647 2408 Pisam
670 2377 704 2408 in
727 2376 826 2408 Elide
846 2378 937 2409 cele-

238 2425 440 2465 brabantur,
463 2425 553 2466 quod
579 2425 613 2457 in
637 2426 773 2458 summis
796 2426 937 2459 AEstatis

238 2475 410 2507 caloribus
441 2475 557 2507 fiebat.
602 2476 733 2508 Eadem
762 2477 936 2510 locutione

238 2525 348 2556 Theb.
363 2534 430 2556 xn.
444 2527 453 2542 ⁴
467 2526 647 2567 Phrygiam
660 2532 796 2559 noctem
810 2527 820 2542 '
834 2533 937 2561 vocat

237 2575 330 2606 illam
346 2585 414 2616 qua
431 2575 584 2616 Phryges
600 2586 696 2608 sacra
720 2587 781 2609 sua
797 2578 935 2619 Cybelae

239 2624 436 2657 faciebant:
467 2626 478 2643 ‘
502 2626 616 2658 Nocte
647 2627 741 2659 velut
773 2628 938 2669 Phrygia,

238 2684 316 2706 cum
345 2674 532 2707 lamentata
554 2678 722 2709 resultant
745 2678 938 2720 Dyndima‚'

237 2726 302 2756 ὅτε.
346 2724 479 2757 Ibidem
506 2725 516 2743 ‘
539 2731 675 2758 noctem
709 2727 938 2770 Herculeam:

239 2775 327 2810 dixit
356 2784 431 2808 eam
469 2785 536 2818 qua
569 2776 703 2817 genitus
743 2777 935 2810 Hercules:

704 225 849 258 No‘rAE
880 226 1149 259 VARIORUM
1183 221 1236 259 m

989 321 999 339 ‘
1013 321 1080 353 Ter
1094 327 1229 355 noctem
1247 322 1468 363 Herculeam,
1479 314 1699 358 veteresne&

990 372 1090 405 mitto
1121 374 1300 415 querelas:
1324 376 1390 406 διο.
1433 374 1490 407 Sic
1506 374 1611 408 etiam
1626 368 1699 418 Va's‘

989 423 1052 454 ler.
1081 423 1223 456 Flaccus
1250 423 1309 456 lib.
1336 433 1377 457 n.
1404 424 1563 458 ‘noctem
1582 424 1699 469 'Dori-‘-

991 472 1083 503 cam'
1099 475 1236 506 vocavit
1261 474 1351 505 illam
1367 484 1436 516 qua
1454 475 1566 507 Dore·
1587 475 1700 518 TroJa'

992 523 1093 563 potiti
1125 528 1228 556 sunt:
1259 524 1410 556 ‘Manet
1444 524 1594 558 immotis
1621 525 1697 558 noi*

991 573 1119 605 Dorica
1147 573 1251 606 fatis?
1294 574 1351 606 Ita
1374 574 1463 606 euim
1484 571 1699 621 legendum?

991 631 1055 655 nec
1079 624 1266 656 andiendus
1291 624 1497 666 Politianus,
1521 624 1585 668 qui
1603 625 1698 670 Hit-J

991 675 1068 708 eeu.
1083 686 1160 717 cap.
1176 680 1210 708 5.
1225 677 1235 695 ‘
1246 686 1313 708 nox
1327 676 1466 709 duriea'
1480 676 1714 711 nnbstituere'.

992 729 1137 756 conatus
1164 730 1231 758 est.
1282 725 1375 757 Mira
1411 728 1526 758 autem
1562 725 1690 759 locutio

992 779 1058 814 est,
1072 779 1204 808 oestuare
1217 786 1331 811 annum
1344 775 1497 813 Pisaeum,
1520 785 1560 809 ac
1574 776 1602 808 ιί
1615 777 1692 820 quis

993 825 1137 866 diceret,
1166 827 1335 858 ‘aestuare
1364 826 1509 867 aestum‚’
1530 827 1691 869 quemad·
1715 820 1732 835 '

992 875 1129 907 modum
1156 876 1335 908 Lucretius
1358 876 1420 908 lib.
1439 885 1490 909 vr.
1510 876 1522 895 ‘
1535 877 1689 910 Necesse

992 930 1043 956 est
1059 925 1132 957 Hos
1146 925 1254 967 igitur
1264 926 1378 957 Tellus
1390 934 1507 958 omnes
1522 930 1692 960 exaestu‘et

993 975 1120 1007 matus!
1145 975 1277 1008 Gevart.

1033 1028 1057 1057 9
1080 1026 1209 1058 Tectum
1222 1025 1382 1067 scripsisse
1395 1025 1552 1068 voluptas]
1578 1026 1695 1060 Labat

991 1075 1172 1115 sententia,
1183 1075 1245 1107 nisi
1257 1076 1418 1117 scripsisse
1433 1070 1494 1116 pro
1508 1077 1519 1094 ‘
1532 1075 1688 1118 scripsit·

989 1125 1152 1166 positum,
1177 1126 1226 1157 uti
1249 1126 1332 1160 alias
1353 1135 1374 1157 a
1388 1124 1534 1166 Papinio
1549 1124 1691 1167 factum,

989 1175 1032 1207 ad
1062 1175 1256 1208 Thebaidos
1283 1175 1413 1209 notavi.
1434 1174 1628 1222 ‘Scribam’
1654 1176 1689 1209 id

989 1230 1055 1265 est,
1078 1225 1176 1267 fecit,
1202 1227 1212 1244 ‘
1228 1225 1407 1267 condidit,'
1429 1226 1569 1268 propria
1590 1226 1689 1260 verbi

989 1277 1152 1316 notione;
1178 1275 1272 1317 quod
1294 1285 1361 1307 non
1381 1276 1487 1308 solum
1515 1275 1558 1307 ad
1573 1275 1694 1308 stilum*

991 1325 1150 1367 refertur,
1175 1327 1236 1359 sed
1257 1326 1298 1358 ad
1314 1325 1380 1358 alia
1393 1336 1510 1368 opera.
1533 1327 1689 1359 Rerum.

990 1376 1064 1416 Ipsa
1080 1377 1187 1418 manu]
1212 1376 1380 1408 Emendat
1398 1376 1546 1409 Doctiss.
1562 1376 1689 1409 Linde·

991 1425 1127 1466 brogius
1141 1437 1150 1457 ε
1180 1426 1256 1457 Visa
1268 1435 1359 1457 manu
1372 1428 1489 1458 tenera.
1534 1425 1610 1467 Ipsa
1623 1423 1692 1458 itua-

989 1475 1128 1517 ηιι,ᾀ·ο.]
1159 1476 1228 1508 Hie
1254 1476 1406 1508 nonnulli
1429 1471 1583 1518 codices,
1612 1476 1690 1510 Visa

990 1536 1095 1558 manu.
1138 1526 1205 1558 Sed
1222 1526 1352 1558 mollius
1373 1526 1599 1567 intellexeris,
1622 1527 1689 1559 “vl-

991 1575 1118 1616 demi-‚¹
1134 1581 1194 1609 aut
1208 1578 1218 1596 ‘
1231 1577 1325 1609 credi
1341 1576 1477 1618 potest!
1499 1576 1588 1609 Vide
1598 1577 1688 1610 Gro-

989 1635 1066 1659 nov.
1093 1627 1179 1659 Obs.
1209 1627 1267 1660 lib.
1295 1636 1321 1659 1.
1342 1636 1374 1659 c.
1397 1629 1450 1659 14.
1472 1631 1508 1659 et
1530 1623 1686 1660 ‘tectum

990 1676 1139 1708 scribere
1147 1675 1156 1690 ’
1172 1677 1302 1709 Statius
1313 1676 1402 1708 idem
1411 1677 1584 1718 intelligit,
1594 1678 1686 1719 qnod

989 1725 1088 1757 Maro
1103 1736 1111 1756 :
1141 1726 1152 1744 ‘
1164 1730 1285 1767 optare
1300 1727 1412 1758 locum
1429 1730 1536 1768 tecto,
1554 1731 1592 1759 et
1605 1730 1688 1759 con-

990 1775 1131 1807 cludere
1146 1775 1266 1809 sulco)
1311 1776 1478 1818 Voluptas
1494 1777 1604 1810 locum
1618 1778 1688 1810 ele-

990 1825 1041 1865 git
1054 1831 1091 1857 et
1105 1825 1296 1866 designavit
1309 1837 1318 1867 3
1333 1826 1452 1859 Venus
1466 1827 1602 1860 inunxit
1615 1827 1686 1860 fas-

989 1874 1074 1914 tigia
1100 1875 1217 1907 Idaliis
1238 1876 1362 1915 succis,
1386 1877 1686 1919 Pemuzsitque'oo-

988 1923 1058 1956 mis.
1103 1924 1160 1956 Ita
1186 1924 1277 1957 enim
1300 1925 1528 1967 scribendum,
1552 1936 1621 1959 nou
1635 1938 1687 1960 eo-

987 1982 1064 2008 mas,
1099 1983 1175 2005 cum
1212 1974 1278 2007 Ms.
1319 1975 1528 2008 Florentino.
1565 1976 1684 2010 ‘Dian--

992 2022 1091 2053 Gron.
1108 2033 1135 2054 c.
1152 2026 1205 2054 10.

1033 2075 1073 2104 10
1095 2073 1206 2105 Sui-cis
1220 2073 1347 2115 Idaliis]
1368 2075 1580 2116 Cypriis,'ab
1605 2075 1686 2109 Ida-

987 2123 1033 2156 lio
1049 2133 1186 2157 nemore
1201 2126 1233 2157 ei
1257 2125 1384 2167 dicato,
1407 2131 1445 2159 ut
1470 2126 1590 2160 scribit
1613 2127 1688 2160 Pli-

988 2173 1074 2205 nius.
1098 2174 1270 2206 Domitius.

1030 2226 1072 2255 20
1096 2225 1168 2265 Ipse
1183 2224 1296 2266 Anien,
1311 2223 1379 2265 ξι]
1402 2226 1590 2258 Rescribe·
1611 2227 1684 2268 Ipse

986 2274 1091 2306 Anien
1103 2274 1260 2316 (miranda
1271 2275 1358 2316 fides
1368 2274 1400 2317 Ι)
1423 2275 1568 2316 infraque
1578 2285 1685 2318 super-

985 2335 1061 2366 que
1053 2324 1188 2365 Saxeus,
1199 2325 1250 2356 hic
1261 2326 1411 2357 tumidam
1425 2324 1684 2367 rabiem-spumo-

984 2385 1078 2415 saque
1090 2374 1180 2415 ponit
1194 2376 1371 2407 Murmura.
1394 2373 1506 2406 Anien
1521 2385 1581 2412 seu
1593 2376 1682 2409 Anio

985 2426 1148 2467 (utroque
1163 2426 1252 2457 enim
1274 2425 1374 2457 modo
1399 2424 1538 2467 dieitur)
1559 2424 1683 2458 fluvius

986 2474 1111 2514 Italiae,
1122 2476 1156 2506 in
1170 2474 1414 2506 Trebianorum
1430 2479 1543 2507 monte
1557 2475 1683 2512 oriens,

987 2531 1056 2558 tres
1071 2526 1200 2558 nobiles
1217 2527 1326 2558 Lacus
1341 2526 1376 2558 in
1391 2526 1542 2559 Tiberim
1556 2525 1683 2569 defert,

987 2581 1023 2608 et
1039 2585 1099 2617 per
1111 2575 1328 2610 Tiburtinum
1344 2585 1464 2617 agrum
1486 2575 1683 2618 decurrens,

987 2636 1006 2658 e
1029 2626 1161 2658 sublimi
1183 2626 1217 2657 in
1241 2626 1361 2657 vallem
1383 2625 1568 2666 subjectam
1592 2636 1681 2669 prae·

987 2686 1067 2717 ceps
1097 2674 1219 2715 fertur,
1243 2680 1281 2707 ut
1307 2684 1406 2707 ruere
1437 2676 1549 2716 potius
1578 2685 1680 2718 quam

987 2725 1139 2758 defluere
1175 2725 1344 2766 videatur,
1376 2730 1463 2757 teste
1499 2725 1680 2760 Strabone.

987 2777 1150 2811 Horatius
1164 2787 1173 2810 z
1202 2777 1211 2795 ‘
1224 2777 1270 2809 Et
1283 2785 1440 2818 praeceps
1458 2775 1558 2818 Anio,
1573 2781 1610 2810 et
1624 2777 1681 2811 Ti-
