<?xml version="1.0" encoding="UTF-8"?>
<!DOCTYPE html PUBLIC "-//W3C//DTD XHTML 1.0 Transitional//EN"
    "http://www.w3.org/TR/xhtml1/DTD/xhtml1-transitional.dtd">
<html xmlns="http://www.w3.org/1999/xhtml" xml:lang="en" lang="en">
 <head>
  <title>
</title>
<meta http-equiv="Content-Type" content="text/html;charset=utf-8" />
  <meta name='ocr-system' content='tesseract 3.04.00' />
  <meta name='ocr-capabilities' content='ocr_page ocr_carea ocr_par ocr_line ocrx_word'/>
</head>
<body>
  <div class='ocr_page' id='page_1' title='image "./operaomniaexedit03statuoft_0326.png"; bbox 0 0 1846 3120; ppageno 0'>
   <div class='ocr_carea' id='block_1_1' title="bbox 310 218 1269 267">
    <p class='ocr_par' dir='ltr' id='par_1_1' title="bbox 310 218 1269 267">
     <span class='ocr_line' id='line_1_1' title="bbox 310 218 1269 267; baseline 0.004 -7"><span class='ocrx_word' id='word_1_1' title='bbox 310 218 422 261; x_wconf 79' lang='lat'>1426</span> <span class='ocrx_word' id='word_1_2' title='bbox 808 231 850 261; x_wconf 82' lang='lat' dir='ltr'><strong>P.</strong></span> <span class='ocrx_word' id='word_1_3' title='bbox 882 229 1073 267; x_wconf 65' lang='lat' dir='ltr'><strong>umuli</strong></span> <span class='ocrx_word' id='word_1_4' title='bbox 1105 231 1269 264; x_wconf 67' lang='lat' dir='ltr'><strong>s&#39;rArrn</strong></span> 
     </span>
    </p>
   </div>
   <div class='ocr_carea' id='block_1_2' title="bbox 307 324 1760 1044">
    <p class='ocr_par' dir='ltr' id='par_1_2' title="bbox 309 324 1760 578">
     <span class='ocr_line' id='line_1_2' title="bbox 309 324 1760 378; baseline 0.004 -11"><span class='ocrx_word' id='word_1_5' title='bbox 309 325 513 368; x_wconf 86' lang='lat' dir='ltr'>Cornua:</span> <span class='ocrx_word' id='word_1_6' title='bbox 545 329 610 367; x_wconf 82' lang='lat' dir='ltr'><strong>ter</strong></span> <span class='ocrx_word' id='word_1_7' title='bbox 624 324 755 377; x_wconf 86' lang='lat' dir='ltr'><strong>nigris</strong></span> <span class='ocrx_word' id='word_1_8' title='bbox 776 325 932 367; x_wconf 89' lang='lat' dir='ltr'><strong>avidus</strong></span> <span class='ocrx_word' id='word_1_9' title='bbox 951 329 1152 378; x_wconf 83' lang='lat' dir='ltr'><strong>regnator</strong></span> <span class='ocrx_word' id='word_1_10' title='bbox 1171 328 1228 369; x_wconf 90' lang='lat' dir='ltr'><strong>ab</strong></span> <span class='ocrx_word' id='word_1_11' title='bbox 1248 328 1336 370; x_wconf 87' lang='lat' dir='ltr'><strong>oris</strong></span> <span class='ocrx_word' id='word_1_12' title='bbox 1673 330 1760 373; x_wconf 67' lang='lat'>,2110</span> 
     </span>
     <span class='ocr_line' id='line_1_3' title="bbox 310 391 1344 447; baseline 0.002 -14"><span class='ocrx_word' id='word_1_13' title='bbox 310 391 524 441; x_wconf 81' lang='lat' dir='ltr'>Intonuit,</span> <span class='ocrx_word' id='word_1_14' title='bbox 544 396 699 444; x_wconf 84' lang='lat' dir='ltr'><strong>terque</strong></span> <span class='ocrx_word' id='word_1_15' title='bbox 720 391 808 432; x_wconf 90' lang='lat' dir='ltr'><strong>ima</strong></span> <span class='ocrx_word' id='word_1_16' title='bbox 826 392 911 433; x_wconf 92' lang='lat' dir='ltr'><strong>soli</strong></span> <span class='ocrx_word' id='word_1_17' title='bbox 932 393 1169 442; x_wconf 78' lang='lat' dir='ltr'><strong>concussit,</strong></span> <span class='ocrx_word' id='word_1_18' title='bbox 1190 399 1236 435; x_wconf 89' lang='lat' dir='ltr'><strong>et</strong></span> <span class='ocrx_word' id='word_1_19' title='bbox 1256 394 1344 447; x_wconf 90' lang='lat' dir='ltr'><strong>ipsi</strong></span> 
     </span>
     <span class='ocr_line' id='line_1_4' title="bbox 310 457 1457 514; baseline 0.003 -15"><span class='ocrx_word' id='word_1_20' title='bbox 310 457 542 499; x_wconf 88' lang='lat' dir='ltr'><strong>Armorum</strong></span> <span class='ocrx_word' id='word_1_21' title='bbox 560 457 708 510; x_wconf 88' lang='lat' dir='ltr'><strong>fugere</strong></span> <span class='ocrx_word' id='word_1_22' title='bbox 729 457 838 499; x_wconf 87' lang='lat' dir='ltr'><strong>Dei:</strong></span> <span class='ocrx_word' id='word_1_23' title='bbox 867 471 1081 512; x_wconf 87' lang='lat' dir='ltr'><strong>nusquam</strong></span> <span class='ocrx_word' id='word_1_24' title='bbox 1104 459 1268 514; x_wconf 85' lang='lat' dir='ltr'><strong>inclyta</strong></span> <span class='ocrx_word' id='word_1_25' title='bbox 1286 459 1457 512; x_wconf 81' lang='lat' dir='ltr'><strong>Virtus,</strong></span> 
     </span>
     <span class='ocr_line' id='line_1_5' title="bbox 310 523 1372 578; baseline 0.002 -13"><span class='ocrx_word' id='word_1_26' title='bbox 310 524 543 565; x_wconf 87' lang='lat' dir='ltr'><strong>Restinxit</strong></span> <span class='ocrx_word' id='word_1_27' title='bbox 561 523 747 565; x_wconf 86' lang='lat' dir='ltr'><strong>Bellona</strong></span> <span class='ocrx_word' id='word_1_28' title='bbox 764 523 903 574; x_wconf 85' lang='lat' dir='ltr'><strong>faces,</strong></span> <span class='ocrx_word' id='word_1_29' title='bbox 922 524 1136 578; x_wconf 83' lang='lat' dir='ltr'><strong>longeque</strong></span> <span class='ocrx_word' id='word_1_30' title='bbox 1156 530 1372 578; x_wconf 85' lang='lat' dir='ltr'><strong>paventes</strong></span> 
     </span>
    </p>

    <p class='ocr_par' dir='ltr' id='par_1_3' title="bbox 307 589 1444 777">
     <span class='ocr_line' id='line_1_6' title="bbox 309 589 1403 645; baseline 0.003 -14"><span class='ocrx_word' id='word_1_31' title='bbox 309 589 437 632; x_wconf 87' lang='lat' dir='ltr'><strong>Mars</strong></span> <span class='ocrx_word' id='word_1_32' title='bbox 456 590 605 643; x_wconf 88' lang='lat' dir='ltr'><strong>rapuit</strong></span> <span class='ocrx_word' id='word_1_33' title='bbox 623 603 788 641; x_wconf 89' lang='lat' dir='ltr'><strong>currus,</strong></span> <span class='ocrx_word' id='word_1_34' title='bbox 808 595 855 632; x_wconf 87' lang='lat' dir='ltr'><strong>et</strong></span> <span class='ocrx_word' id='word_1_35' title='bbox 874 591 1079 644; x_wconf 87' lang='lat' dir='ltr'><strong>Gorgone</strong></span> <span class='ocrx_word' id='word_1_36' title='bbox 1099 591 1234 634; x_wconf 86' lang='lat' dir='ltr'><strong>cruda</strong></span> <span class='ocrx_word' id='word_1_37' title='bbox 1252 592 1403 645; x_wconf 78' lang='lat' dir='ltr'><strong>virago</strong></span> 
     </span>
     <span class='ocr_line' id='line_1_7' title="bbox 308 655 1444 711; baseline 0.003 -13"><span class='ocrx_word' id='word_1_38' title='bbox 308 655 516 706; x_wconf 87' lang='lat' dir='ltr'><strong>Abstitit,</strong></span> <span class='ocrx_word' id='word_1_39' title='bbox 537 657 672 710; x_wconf 87' lang='lat' dir='ltr'><strong>inque</strong></span> <span class='ocrx_word' id='word_1_40' title='bbox 692 657 833 698; x_wconf 86' lang='lat' dir='ltr'><strong>vicem</strong></span> <span class='ocrx_word' id='word_1_41' title='bbox 856 657 1020 711; x_wconf 76' lang='lat' dir='ltr'><strong>Stygiae</strong></span> <span class='ocrx_word' id='word_1_42' title='bbox 1040 659 1226 700; x_wconf 83' lang='lat' dir='ltr'><strong>rubuere</strong></span> <span class='ocrx_word' id='word_1_43' title='bbox 1253 671 1444 701; x_wconf 87' lang='lat' dir='ltr'><strong>sorores.</strong></span> 
     </span>
     <span class='ocr_line' id='line_1_8' title="bbox 307 722 1359 777; baseline 0.004 -14"><span class='ocrx_word' id='word_1_44' title='bbox 307 722 532 764; x_wconf 87' lang='lat' dir='ltr'><strong>Prominet</strong></span> <span class='ocrx_word' id='word_1_45' title='bbox 551 723 740 764; x_wconf 86' lang='lat' dir='ltr'><strong>excelsis</strong></span> <span class='ocrx_word' id='word_1_46' title='bbox 759 723 920 777; x_wconf 87' lang='lat' dir='ltr'><strong>vulgus</strong></span> <span class='ocrx_word' id='word_1_47' title='bbox 940 725 1186 766; x_wconf 85' lang='lat' dir='ltr'><strong>miserabile</strong></span> <span class='ocrx_word' id='word_1_48' title='bbox 1207 725 1359 767; x_wconf 84' lang='lat' dir='ltr'><strong>tectis:</strong></span> 
     </span>
    </p>

    <p class='ocr_par' dir='ltr' id='par_1_4' title="bbox 308 788 1582 910">
     <span class='ocr_line' id='line_1_9' title="bbox 308 788 1582 844; baseline 0.005 -14"><span class='ocrx_word' id='word_1_49' title='bbox 308 788 481 832; x_wconf 87' lang='lat' dir='ltr'><strong>Cuncta</strong></span> <span class='ocrx_word' id='word_1_50' title='bbox 500 789 678 834; x_wconf 87' lang='lat' dir='ltr'><strong>madent</strong></span> <span class='ocrx_word' id='word_1_51' title='bbox 697 788 918 843; x_wconf 81' lang='lat' dir='ltr'><strong>lacrymiS,</strong></span> <span class='ocrx_word' id='word_1_52' title='bbox 938 795 983 832; x_wconf 86' lang='lat' dir='ltr'><strong>et</strong></span> <span class='ocrx_word' id='word_1_53' title='bbox 1009 792 1066 832; x_wconf 83' lang='lat' dir='ltr'><strong>ab</strong></span> <span class='ocrx_word' id='word_1_54' title='bbox 1087 791 1205 833; x_wconf 91' lang='lat' dir='ltr'><strong>omni</strong></span> <span class='ocrx_word' id='word_1_55' title='bbox 1227 791 1448 844; x_wconf 85' lang='lat' dir='ltr'><strong>plangitur</strong></span> <span class='ocrx_word' id='word_1_56' title='bbox 1466 805 1582 836; x_wconf 87' lang='lat' dir='ltr'><strong>arce.</strong></span> 
     </span>
     <span class='ocr_line' id='line_1_10' title="bbox 308 855 1403 910; baseline 0.002 -13"><span class='ocrx_word' id='word_1_57' title='bbox 308 857 429 897; x_wconf 91' lang='lat' dir='ltr'><strong>Hinc</strong></span> <span class='ocrx_word' id='word_1_58' title='bbox 449 855 593 909; x_wconf 88' lang='lat' dir='ltr'><strong>questi</strong></span> <span class='ocrx_word' id='word_1_59' title='bbox 609 855 777 897; x_wconf 87' lang='lat' dir='ltr'><strong>vixisse</strong></span> <span class='ocrx_word' id='word_1_60' title='bbox 796 869 938 906; x_wconf 88' lang='lat' dir='ltr'><strong>senes,</strong></span> <span class='ocrx_word' id='word_1_61' title='bbox 959 856 1062 898; x_wconf 90' lang='lat' dir='ltr'><strong>hinc</strong></span> <span class='ocrx_word' id='word_1_62' title='bbox 1083 861 1264 910; x_wconf 88' lang='lat' dir='ltr'><strong>pectore</strong></span> <span class='ocrx_word' id='word_1_63' title='bbox 1282 858 1403 899; x_wconf 90' lang='lat' dir='ltr'><strong>nudo</strong></span> 
     </span>
    </p>

    <p class='ocr_par' dir='ltr' id='par_1_5' title="bbox 307 923 1491 1044">
     <span class='ocr_line' id='line_1_11' title="bbox 308 923 1489 976; baseline 0.003 -12"><span class='ocrx_word' id='word_1_64' title='bbox 308 923 437 964; x_wconf 87' lang='lat' dir='ltr'><strong>Stant</strong></span> <span class='ocrx_word' id='word_1_65' title='bbox 457 927 640 973; x_wconf 88' lang='lat' dir='ltr'><strong>matres,</strong></span> <span class='ocrx_word' id='word_1_66' title='bbox 661 935 917 976; x_wconf 84' lang='lat' dir='ltr'><strong>parvosque</strong></span> <span class='ocrx_word' id='word_1_67' title='bbox 939 927 1089 965; x_wconf 88' lang='lat' dir='ltr'><strong>vetant</strong></span> <span class='ocrx_word' id='word_1_68' title='bbox 1109 924 1330 966; x_wconf 87' lang='lat' dir='ltr'><strong>attendere</strong></span> <span class='ocrx_word' id='word_1_69' title='bbox 1348 929 1489 967; x_wconf 88' lang='lat' dir='ltr'><strong>natos.</strong></span> 
     </span>
     <span class='ocr_line' id='line_1_12' title="bbox 307 988 1491 1044; baseline 0.002 -14"><span class='ocrx_word' id='word_1_70' title='bbox 307 988 413 1042; x_wconf 91' lang='lat' dir='ltr'><strong>Ipse</strong></span> <span class='ocrx_word' id='word_1_71' title='bbox 434 1003 614 1043; x_wconf 80' lang='lat' dir='ltr'><strong>quoque</strong></span> <span class='ocrx_word' id='word_1_72' title='bbox 636 989 832 1044; x_wconf 83' lang='lat' dir='ltr'><strong>Ogygios</strong></span> <span class='ocrx_word' id='word_1_73' title='bbox 853 995 1047 1032; x_wconf 83' lang='lat' dir='ltr'><strong>monstra</strong></span> <span class='ocrx_word' id='word_1_74' title='bbox 1060 990 1116 1032; x_wconf 88' lang='lat' dir='ltr'><strong>ad</strong></span> <span class='ocrx_word' id='word_1_75' title='bbox 1137 991 1318 1043; x_wconf 88' lang='lat' dir='ltr'><strong>gentilia</strong></span> <span class='ocrx_word' id='word_1_76' title='bbox 1338 1003 1491 1033; x_wconf 84' lang='lat' dir='ltr'><strong>manes</strong></span> 
     </span>
    </p>
   </div>
   <div class='ocr_carea' id='block_1_3' title="bbox 306 1055 1282 1111">
    <p class='ocr_par' dir='ltr' id='par_1_6' title="bbox 306 1055 1282 1111">
     <span class='ocr_line' id='line_1_13' title="bbox 306 1055 1282 1111; baseline -0.001 -14"><span class='ocrx_word' id='word_1_77' title='bbox 306 1055 543 1097; x_wconf 87' lang='lat' dir='ltr'><strong>Tartareus</strong></span> <span class='ocrx_word' id='word_1_78' title='bbox 563 1061 708 1098; x_wconf 87' lang='lat' dir='ltr'><strong>rector</strong></span> <span class='ocrx_word' id='word_1_79' title='bbox 727 1061 858 1110; x_wconf 85' lang='lat' dir='ltr'><strong>porta</strong></span> <span class='ocrx_word' id='word_1_80' title='bbox 869 1057 998 1111; x_wconf 85' lang='lat' dir='ltr'><strong>jubet</strong></span> <span class='ocrx_word' id='word_1_81' title='bbox 1017 1059 1079 1099; x_wconf 89' lang='lat' dir='ltr'><strong>ire</strong></span> <span class='ocrx_word' id='word_1_82' title='bbox 1099 1058 1282 1099; x_wconf 87' lang='lat' dir='ltr'><strong>reclusa.</strong></span> 
     </span>
    </p>
   </div>
   <div class='ocr_carea' id='block_1_4' title="bbox 1667 660 1758 725">
    <p class='ocr_par' dir='ltr' id='par_1_7' title="bbox 1667 660 1758 725">
     <span class='ocr_line' id='line_1_14' title="bbox 1667 660 1758 725; baseline 0.022 -24"><span class='ocrx_word' id='word_1_83' title='bbox 1667 660 1758 725; x_wconf 55' lang='lat'><strong>&gt;4¹⁵</strong></span> 
     </span>
    </p>
   </div>
   <div class='ocr_carea' id='block_1_5' title="bbox 1665 961 1756 1038">
    <p class='ocr_par' dir='ltr' id='par_1_8' title="bbox 1665 961 1756 1038">
     <span class='ocr_line' id='line_1_15' title="bbox 1665 961 1756 1038; baseline 0 0"><span class='ocrx_word' id='word_1_84' title='bbox 1665 961 1756 1038; x_wconf 59' lang='lat'><strong>420</strong></span> 
     </span>
    </p>
   </div>
   <div class='ocr_carea' id='block_1_6' title="bbox 300 1171 1756 1510">
    <p class='ocr_par' dir='ltr' id='par_1_9' title="bbox 300 1171 1756 1510">
     <span class='ocr_line' id='line_1_16' title="bbox 306 1171 1755 1214; baseline 0.002 -11"><span class='ocrx_word' id='word_1_85' title='bbox 306 1172 380 1204; x_wconf 74' lang='lat' dir='ltr'><strong>Rex</strong></span> <span class='ocrx_word' id='word_1_86' title='bbox 394 1172 581 1204; x_wconf 76' lang='lat' dir='ltr'><strong>insatiabilis</strong></span> <span class='ocrx_word' id='word_1_87' title='bbox 594 1176 641 1204; x_wconf 88' lang='lat' dir='ltr'><strong>ter</strong></span> <span class='ocrx_word' id='word_1_88' title='bbox 655 1174 791 1205; x_wconf 80' lang='lat' dir='ltr'><strong>intonuit</strong></span> <span class='ocrx_word' id='word_1_89' title='bbox 805 1173 844 1204; x_wconf 88' lang='lat' dir='ltr'><strong>ab</strong></span> <span class='ocrx_word' id='word_1_90' title='bbox 857 1173 937 1204; x_wconf 80' lang='lat' dir='ltr'><strong>atris</strong></span> <span class='ocrx_word' id='word_1_91' title='bbox 949 1173 1065 1213; x_wconf 76' lang='lat' dir='ltr'><strong>plagis,</strong></span> <span class='ocrx_word' id='word_1_92' title='bbox 1087 1176 1196 1212; x_wconf 78' lang='lat' dir='ltr'><strong>terque</strong></span> <span class='ocrx_word' id='word_1_93' title='bbox 1210 1171 1384 1209; x_wconf 76' lang='lat' dir='ltr'><strong>tremefecit</strong></span> <span class='ocrx_word' id='word_1_94' title='bbox 1397 1172 1460 1205; x_wconf 85' lang='lat' dir='ltr'><strong>ima</strong></span> <span class='ocrx_word' id='word_1_95' title='bbox 1476 1176 1582 1206; x_wconf 78' lang='lat' dir='ltr'><strong>terroe.</strong></span> <span class='ocrx_word' id='word_1_96' title='bbox 1628 1174 1671 1206; x_wconf 71' lang='lat' dir='ltr'><strong>Ee</strong></span> <span class='ocrx_word' id='word_1_97' title='bbox 1686 1174 1755 1214; x_wconf 70' lang='lat' dir='ltr'><strong>ipsa</strong></span> 
     </span>
     <span class='ocr_line' id='line_1_17' title="bbox 305 1214 1756 1256; baseline 0.002 -11"><span class='ocrx_word' id='word_1_98' title='bbox 305 1215 432 1246; x_wconf 64' lang='lat' dir='ltr'><strong>nantino</strong></span> <span class='ocrx_word' id='word_1_99' title='bbox 446 1224 600 1246; x_wconf 84' lang='lat' dir='ltr'><strong>armorum</strong></span> <span class='ocrx_word' id='word_1_100' title='bbox 607 1215 775 1254; x_wconf 81' lang='lat' dir='ltr'><strong>sugerunt.</strong></span> <span class='ocrx_word' id='word_1_101' title='bbox 809 1215 936 1256; x_wconf 78' lang='lat' dir='ltr'><strong>Inclyta</strong></span> <span class='ocrx_word' id='word_1_102' title='bbox 952 1215 1061 1247; x_wconf 77' lang='lat' dir='ltr'><strong>Virtus</strong></span> <span class='ocrx_word' id='word_1_103' title='bbox 1073 1215 1169 1254; x_wconf 78' lang='lat' dir='ltr'><strong>abest,</strong></span> <span class='ocrx_word' id='word_1_104' title='bbox 1187 1214 1318 1245; x_wconf 81' lang='lat' dir='ltr'><strong>Bellona</strong></span> <span class='ocrx_word' id='word_1_105' title='bbox 1332 1216 1474 1246; x_wconf 78' lang='lat' dir='ltr'><strong>extinxit</strong></span> <span class='ocrx_word' id='word_1_106' title='bbox 1488 1217 1601 1256; x_wconf 69' lang='lat' dir='ltr'><strong>toedan,</strong></span> <span class='ocrx_word' id='word_1_107' title='bbox 1614 1218 1646 1248; x_wconf 78' lang='lat' dir='ltr'><strong>et</strong></span> <span class='ocrx_word' id='word_1_108' title='bbox 1664 1216 1756 1248; x_wconf 72' lang='lat' dir='ltr'><strong>uam</strong></span> 
     </span>
     <span class='ocr_line' id='line_1_18' title="bbox 305 1256 1755 1298; baseline 0.002 -11"><span class='ocrx_word' id='word_1_109' title='bbox 305 1257 396 1296; x_wconf 82' lang='lat' dir='ltr'><strong>longe</strong></span> <span class='ocrx_word' id='word_1_110' title='bbox 410 1256 533 1298; x_wconf 79' lang='lat' dir='ltr'><strong>impulit</strong></span> <span class='ocrx_word' id='word_1_111' title='bbox 547 1259 696 1288; x_wconf 75' lang='lat' dir='ltr'><strong>attonitos</strong></span> <span class='ocrx_word' id='word_1_112' title='bbox 710 1267 828 1296; x_wconf 76' lang='lat' dir='ltr'><strong>currus,</strong></span> <span class='ocrx_word' id='word_1_113' title='bbox 843 1261 873 1288; x_wconf 82' lang='lat' dir='ltr'><strong>et</strong></span> <span class='ocrx_word' id='word_1_114' title='bbox 890 1257 997 1297; x_wconf 77' lang='lat' dir='ltr'><strong>virago</strong></span> <span class='ocrx_word' id='word_1_115' title='bbox 1011 1256 1162 1290; x_wconf 76' lang='lat' dir='ltr'><strong>terribilis</strong></span> <span class='ocrx_word' id='word_1_116' title='bbox 1178 1256 1325 1295; x_wconf 85' lang='lat' dir='ltr'><strong>Gorgone</strong></span> <span class='ocrx_word' id='word_1_117' title='bbox 1347 1258 1504 1296; x_wconf 68' lang='lat' dir='ltr'><strong>discessit,</strong></span> <span class='ocrx_word' id='word_1_118' title='bbox 1516 1261 1548 1290; x_wconf 78' lang='lat' dir='ltr'><strong>et</strong></span> <span class='ocrx_word' id='word_1_119' title='bbox 1561 1258 1692 1296; x_wconf 73' lang='lat' dir='ltr'><strong>inferna</strong></span> <span class='ocrx_word' id='word_1_120' title='bbox 1705 1267 1755 1290; x_wconf 71' lang='lat' dir='ltr'><strong>no-</strong></span> 
     </span>
     <span class='ocr_line' id='line_1_19' title="bbox 303 1298 1756 1339; baseline 0.001 -11"><span class='ocrx_word' id='word_1_121' title='bbox 303 1308 390 1330; x_wconf 75' lang='lat' dir='ltr'><strong>rores</strong></span> <span class='ocrx_word' id='word_1_122' title='bbox 403 1298 438 1330; x_wconf 84' lang='lat' dir='ltr'><strong>in</strong></span> <span class='ocrx_word' id='word_1_123' title='bbox 452 1309 556 1330; x_wconf 81' lang='lat' dir='ltr'><strong>eorum</strong></span> <span class='ocrx_word' id='word_1_124' title='bbox 571 1301 667 1331; x_wconf 82' lang='lat' dir='ltr'><strong>locum</strong></span> <span class='ocrx_word' id='word_1_125' title='bbox 682 1303 889 1331; x_wconf 75' lang='lat' dir='ltr'><strong>successerunt</strong></span> <span class='ocrx_word' id='word_1_126' title='bbox 902 1299 1046 1331; x_wconf 72' lang='lat' dir='ltr'><strong>accensis.</strong></span> <span class='ocrx_word' id='word_1_127' title='bbox 1076 1299 1166 1330; x_wconf 72' lang='lat' dir='ltr'><strong>Plebs</strong></span> <span class='ocrx_word' id='word_1_128' title='bbox 1187 1298 1361 1330; x_wconf 76' lang='lat' dir='ltr'><strong>miseranda</strong></span> <span class='ocrx_word' id='word_1_129' title='bbox 1377 1299 1531 1339; x_wconf 75' lang='lat' dir='ltr'><strong>prominet</strong></span> <span class='ocrx_word' id='word_1_130' title='bbox 1545 1309 1562 1330; x_wconf 82' lang='lat' dir='ltr'><strong>e</strong></span> <span class='ocrx_word' id='word_1_131' title='bbox 1575 1299 1756 1332; x_wconf 56' lang='lat' dir='ltr'><strong>molimine</strong></span> 
     </span>
     <span class='ocr_line' id='line_1_20' title="bbox 305 1341 1756 1382; baseline 0.001 -12"><span class='ocrx_word' id='word_1_132' title='bbox 305 1341 406 1371; x_wconf 76' lang='lat' dir='ltr'><strong>tectis.</strong></span> <span class='ocrx_word' id='word_1_133' title='bbox 463 1342 579 1373; x_wconf 86' lang='lat' dir='ltr'><strong>Omnia</strong></span> <span class='ocrx_word' id='word_1_134' title='bbox 603 1343 750 1381; x_wconf 80' lang='lat' dir='ltr'><strong>rigantur</strong></span> <span class='ocrx_word' id='word_1_135' title='bbox 772 1341 912 1382; x_wconf 73' lang='lat' dir='ltr'><strong>fletibus,</strong></span> <span class='ocrx_word' id='word_1_136' title='bbox 943 1345 974 1374; x_wconf 88' lang='lat' dir='ltr'><strong>et</strong></span> <span class='ocrx_word' id='word_1_137' title='bbox 1002 1342 1041 1372; x_wconf 83' lang='lat' dir='ltr'><strong>ab</strong></span> <span class='ocrx_word' id='word_1_138' title='bbox 1069 1341 1151 1372; x_wconf 88' lang='lat' dir='ltr'><strong>omni</strong></span> <span class='ocrx_word' id='word_1_139' title='bbox 1178 1350 1248 1371; x_wconf 80' lang='lat' dir='ltr'><strong>arce</strong></span> <span class='ocrx_word' id='word_1_140' title='bbox 1272 1341 1416 1381; x_wconf 74' lang='lat' dir='ltr'><strong>planctae</strong></span> <span class='ocrx_word' id='word_1_141' title='bbox 1443 1341 1623 1374; x_wconf 72' lang='lat' dir='ltr'><strong>audiuntur.</strong></span> <span class='ocrx_word' id='word_1_142' title='bbox 1666 1341 1756 1382; x_wconf 69' lang='lat' dir='ltr'><strong>Hine</strong></span> 
     </span>
     <span class='ocr_line' id='line_1_21' title="bbox 305 1382 1755 1424; baseline 0.002 -12"><span class='ocrx_word' id='word_1_143' title='bbox 305 1382 440 1421; x_wconf 77' lang='lat' dir='ltr'><strong>longaevi</strong></span> <span class='ocrx_word' id='word_1_144' title='bbox 469 1385 571 1415; x_wconf 82' lang='lat' dir='ltr'><strong>dolent</strong></span> <span class='ocrx_word' id='word_1_145' title='bbox 597 1384 716 1415; x_wconf 81' lang='lat' dir='ltr'><strong>tamdiu</strong></span> <span class='ocrx_word' id='word_1_146' title='bbox 741 1384 868 1424; x_wconf 77' lang='lat' dir='ltr'><strong>vixisse,</strong></span> <span class='ocrx_word' id='word_1_147' title='bbox 891 1383 963 1415; x_wconf 81' lang='lat' dir='ltr'><strong>hinc</strong></span> <span class='ocrx_word' id='word_1_148' title='bbox 986 1387 1101 1414; x_wconf 78' lang='lat' dir='ltr'><strong>matres</strong></span> <span class='ocrx_word' id='word_1_149' title='bbox 1129 1385 1215 1413; x_wconf 74' lang='lat' dir='ltr'><strong>stant</strong></span> <span class='ocrx_word' id='word_1_150' title='bbox 1243 1383 1360 1414; x_wconf 83' lang='lat' dir='ltr'><strong>detecto</strong></span> <span class='ocrx_word' id='word_1_151' title='bbox 1387 1388 1520 1423; x_wconf 78' lang='lat' dir='ltr'><strong>pectore,</strong></span> <span class='ocrx_word' id='word_1_152' title='bbox 1547 1387 1578 1415; x_wconf 82' lang='lat' dir='ltr'><strong>et</strong></span> <span class='ocrx_word' id='word_1_153' title='bbox 1607 1386 1755 1417; x_wconf 61' lang='lat' dir='ltr'><strong>evermu</strong></span> 
     </span>
     <span class='ocr_line' id='line_1_22' title="bbox 300 1424 1754 1466; baseline 0.001 -11"><span class='ocrx_word' id='word_1_154' title='bbox 300 1433 414 1464; x_wconf 79' lang='lat' dir='ltr'><strong>parvos</strong></span> <span class='ocrx_word' id='word_1_155' title='bbox 435 1429 524 1457; x_wconf 79' lang='lat' dir='ltr'><strong>natos</strong></span> <span class='ocrx_word' id='word_1_156' title='bbox 543 1426 582 1457; x_wconf 84' lang='lat' dir='ltr'><strong>ab</strong></span> <span class='ocrx_word' id='word_1_157' title='bbox 596 1427 651 1457; x_wconf 82' lang='lat' dir='ltr'><strong>hoc</strong></span> <span class='ocrx_word' id='word_1_158' title='bbox 671 1426 854 1466; x_wconf 78' lang='lat' dir='ltr'><strong>spectaculo.</strong></span> <span class='ocrx_word' id='word_1_159' title='bbox 909 1426 981 1466; x_wconf 80' lang='lat' dir='ltr'><strong>Ipse</strong></span> <span class='ocrx_word' id='word_1_160' title='bbox 1003 1434 1117 1466; x_wconf 80' lang='lat' dir='ltr'><strong>quoque</strong></span> <span class='ocrx_word' id='word_1_161' title='bbox 1137 1434 1195 1455; x_wconf 79' lang='lat' dir='ltr'><strong>rex</strong></span> <span class='ocrx_word' id='word_1_162' title='bbox 1210 1424 1396 1463; x_wconf 80' lang='lat' dir='ltr'><strong>Inferorum,</strong></span> <span class='ocrx_word' id='word_1_163' title='bbox 1410 1425 1527 1466; x_wconf 71' lang='lat' dir='ltr'><strong>aperti-5</strong></span> <span class='ocrx_word' id='word_1_164' title='bbox 1539 1425 1678 1464; x_wconf 67' lang='lat' dir='ltr'><strong>foribus,</strong></span> <span class='ocrx_word' id='word_1_165' title='bbox 1694 1425 1754 1456; x_wconf 80' lang='lat' dir='ltr'><strong>im-</strong></span> 
     </span>
     <span class='ocr_line' id='line_1_23' title="bbox 302 1467 1755 1510; baseline 0.001 -13"><span class='ocrx_word' id='word_1_166' title='bbox 302 1468 532 1507; x_wconf 52' lang='lat' dir='ltr'><strong>peratumbras</strong></span> <span class='ocrx_word' id='word_1_167' title='bbox 550 1469 695 1510; x_wconf 61' lang='lat' dir='ltr'><strong>Ogygias</strong></span> <span class='ocrx_word' id='word_1_168' title='bbox 713 1469 812 1509; x_wconf 86' lang='lat' dir='ltr'><strong>exire,</strong></span> <span class='ocrx_word' id='word_1_169' title='bbox 832 1470 868 1499; x_wconf 78' lang='lat' dir='ltr'><strong>ut</strong></span> <span class='ocrx_word' id='word_1_170' title='bbox 893 1469 1018 1499; x_wconf 84' lang='lat' dir='ltr'><strong>videant</strong></span> <span class='ocrx_word' id='word_1_171' title='bbox 1038 1470 1181 1509; x_wconf 79' lang='lat' dir='ltr'><strong>portenta</strong></span> <span class='ocrx_word' id='word_1_172' title='bbox 1205 1475 1268 1498; x_wconf 64' lang='grc' dir='ltr'><strong>δοκε</strong></span> <span class='ocrx_word' id='word_1_173' title='bbox 1289 1467 1405 1506; x_wconf 78' lang='lat' dir='ltr'><strong>gentis.</strong></span> <span class='ocrx_word' id='word_1_174' title='bbox 1453 1468 1613 1508; x_wconf 75' lang='lat' dir='ltr'><strong>occupant</strong></span> <span class='ocrx_word' id='word_1_175' title='bbox 1631 1467 1755 1509; x_wconf 68' lang='lat' dir='ltr'><strong>patrios</strong></span> 
     </span>
    </p>
   </div>
   <div class='ocr_carea' id='block_1_7' title="bbox 913 1560 1147 1574">
    <p class='ocr_par' dir='ltr' id='par_1_10' title="bbox 913 1560 1147 1574">
     <span class='ocr_line' id='line_1_24' title="bbox 913 1560 1147 1574; baseline -0.009 -1"><span class='ocrx_word' id='word_1_176' title='bbox 913 1561 1046 1574; x_wconf 65' lang='lat' dir='ltr'><strong>ooeeaeee</strong></span> <span class='ocrx_word' id='word_1_177' title='bbox 1051 1561 1085 1573; x_wconf 60' lang='grc' dir='ltr'><strong>οι</strong></span> <span class='ocrx_word' id='word_1_178' title='bbox 1091 1560 1147 1572; x_wconf 68' lang='lat' dir='ltr'><strong>‘ee</strong></span> 
     </span>
    </p>
   </div>
   <div class='ocr_carea' id='block_1_8' title="bbox 303 1624 1757 1837">
    <p class='ocr_par' dir='ltr' id='par_1_11' title="bbox 303 1624 1757 1837">
     <span class='ocr_line' id='line_1_25' title="bbox 304 1624 1751 1667; baseline 0.001 -8"><span class='ocrx_word' id='word_1_179' title='bbox 304 1628 436 1660; x_wconf 67' lang='lat' dir='ltr'><strong>strinxit</strong></span> <span class='ocrx_word' id='word_1_180' title='bbox 463 1630 555 1661; x_wconf 79' lang='lat' dir='ltr'><strong>Dan.</strong></span> <span class='ocrx_word' id='word_1_181' title='bbox 587 1629 667 1660; x_wconf 83' lang='lat' dir='ltr'><strong>Put.</strong></span> <span class='ocrx_word' id='word_1_182' title='bbox 693 1629 814 1660; x_wconf 84' lang='lat' dir='ltr'><strong>Petav.</strong></span> <span class='ocrx_word' id='word_1_183' title='bbox 835 1627 1066 1659; x_wconf 81' lang='lat' dir='ltr'><strong>Behott.1.2.</strong></span> <span class='ocrx_word' id='word_1_184' title='bbox 1093 1624 1194 1656; x_wconf 85' lang='lat' dir='ltr'><strong>Aldd.</strong></span> <span class='ocrx_word' id='word_1_185' title='bbox 1219 1625 1487 1667; x_wconf 74' lang='lat' dir='ltr'><strong>ColimGryph.</strong></span> <span class='ocrx_word' id='word_1_186' title='bbox 1513 1627 1751 1662; x_wconf 68' lang='lat' dir='ltr'><strong>Banu-Plani.</strong></span> 
     </span>
     <span class='ocr_line' id='line_1_26' title="bbox 306 1668 1752 1712; baseline -0.001 -9"><span class='ocrx_word' id='word_1_187' title='bbox 306 1671 534 1712; x_wconf 86' lang='lat' dir='ltr'><strong>Lindenbrog.</strong></span> <span class='ocrx_word' id='word_1_188' title='bbox 561 1677 597 1703; x_wconf 83' lang='lat' dir='ltr'><strong>et</strong></span> <span class='ocrx_word' id='word_1_189' title='bbox 623 1672 724 1703; x_wconf 86' lang='lat' dir='ltr'><strong>Cruc.</strong></span> <span class='ocrx_word' id='word_1_190' title='bbox 748 1669 912 1703; x_wconf 76' lang='lat' dir='ltr'><strong>Reseinxit</strong></span> <span class='ocrx_word' id='word_1_191' title='bbox 929 1670 1035 1708; x_wconf 82' lang='lat' dir='ltr'><strong>Lang.</strong></span> <span class='ocrx_word' id='word_1_192' title='bbox 1052 1668 1300 1700; x_wconf 74' lang='lat' dir='ltr'><strong>Laur.13us11d.</strong></span> <span class='ocrx_word' id='word_1_193' title='bbox 1320 1669 1468 1709; x_wconf 78' lang='lat' dir='ltr'><strong>Lipsian.</strong></span> <span class='ocrx_word' id='word_1_194' title='bbox 1485 1678 1600 1701; x_wconf 79' lang='lat' dir='ltr'><strong>omnes</strong></span> <span class='ocrx_word' id='word_1_195' title='bbox 1615 1670 1752 1702; x_wconf 79' lang='lat' dir='ltr'><strong>Barthi-</strong></span> 
     </span>
     <span class='ocr_line' id='line_1_27' title="bbox 307 1708 1757 1752; baseline 0 -8"><span class='ocrx_word' id='word_1_196' title='bbox 307 1713 375 1752; x_wconf 85' lang='lat' dir='ltr'><strong>ani,</strong></span> <span class='ocrx_word' id='word_1_197' title='bbox 390 1714 548 1745; x_wconf 83' lang='lat' dir='ltr'><strong>Petrens.</strong></span> <span class='ocrx_word' id='word_1_198' title='bbox 573 1714 657 1745; x_wconf 79' lang='lat' dir='ltr'><strong>Exc.</strong></span> <span class='ocrx_word' id='word_1_199' title='bbox 680 1713 827 1745; x_wconf 84' lang='lat' dir='ltr'><strong>Cantab</strong></span> <span class='ocrx_word' id='word_1_200' title='bbox 853 1712 996 1744; x_wconf 77' lang='lat' dir='ltr'><strong>Gevart.</strong></span> <span class='ocrx_word' id='word_1_201' title='bbox 1012 1709 1169 1741; x_wconf 81' lang='lat' dir='ltr'><strong>Grasser.</strong></span> <span class='ocrx_word' id='word_1_202' title='bbox 1186 1708 1329 1742; x_wconf 79' lang='lat' dir='ltr'><strong>Amstel.</strong></span> <span class='ocrx_word' id='word_1_203' title='bbox 1347 1711 1496 1743; x_wconf 78' lang='lat' dir='ltr'><strong>Gronov.</strong></span> <span class='ocrx_word' id='word_1_204' title='bbox 1514 1711 1632 1744; x_wconf 70' lang='lat' dir='ltr'><strong>Barth.</strong></span> <span class='ocrx_word' id='word_1_205' title='bbox 1647 1712 1757 1745; x_wconf 74' lang='lat' dir='ltr'><strong>veen.</strong></span> 
     </span>
     <span class='ocr_line' id='line_1_28' title="bbox 304 1736 1754 1796; baseline 0 -10"><span class='ocrx_word' id='word_1_206' title='bbox 304 1759 341 1786; x_wconf 83' lang='lat' dir='ltr'><strong>et</strong></span> <span class='ocrx_word' id='word_1_207' title='bbox 356 1736 479 1796; x_wconf 71' lang='lat' dir='ltr'><strong>I’Jelph.</strong></span> <span class='ocrx_word' id='word_1_208' title='bbox 484 1758 586 1788; x_wconf 83' lang='lat'>—415</span> <span class='ocrx_word' id='word_1_209' title='bbox 600 1755 754 1787; x_wconf 80' lang='lat' dir='ltr'><strong>Obstitit</strong></span> <span class='ocrx_word' id='word_1_210' title='bbox 747 1765 779 1786; x_wconf 81' lang='lat' dir='ltr'><strong>in</strong></span> <span class='ocrx_word' id='word_1_211' title='bbox 797 1764 863 1786; x_wconf 90' lang='lat' dir='ltr'><strong>uno</strong></span> <span class='ocrx_word' id='word_1_212' title='bbox 878 1752 999 1785; x_wconf 84' lang='lat' dir='ltr'><strong>codice</strong></span> <span class='ocrx_word' id='word_1_213' title='bbox 1013 1751 1227 1792; x_wconf 86' lang='lat' dir='ltr'><strong>Lindenbrog</strong></span> <span class='ocrx_word' id='word_1_214' title='bbox 1230 1752 1251 1782; x_wconf 87' lang='lat' dir='ltr'><strong>ii</strong></span> <span class='ocrx_word' id='word_1_215' title='bbox 1255 1755 1394 1786; x_wconf 82' lang='lat'>.—419‘</span> <span class='ocrx_word' id='word_1_216' title='bbox 1406 1753 1483 1785; x_wconf 89' lang='lat' dir='ltr'><strong>Non</strong></span> <span class='ocrx_word' id='word_1_217' title='bbox 1500 1753 1754 1794; x_wconf 81' lang='lat' dir='ltr'><strong>ineptalectio:</strong></span> 
     </span>
     <span class='ocr_line' id='line_1_29' title="bbox 303 1762 1753 1837; baseline 0 -9"><span class='ocrx_word' id='word_1_218' title='bbox 303 1801 410 1829; x_wconf 74' lang='lat' dir='ltr'><strong>vetant</strong></span> <span class='ocrx_word' id='word_1_219' title='bbox 424 1799 607 1836; x_wconf 84' lang='lat' dir='ltr'><strong>attendere,·</strong></span> <span class='ocrx_word' id='word_1_220' title='bbox 628 1797 783 1829; x_wconf 83' lang='lat' dir='ltr'><strong>meliores</strong></span> <span class='ocrx_word' id='word_1_221' title='bbox 798 1802 912 1828; x_wconf 87' lang='lat' dir='ltr'><strong>tamen</strong></span> <span class='ocrx_word' id='word_1_222' title='bbox 938 1794 1015 1827; x_wconf 83' lang='lat' dir='ltr'><strong>libri</strong></span> <span class='ocrx_word' id='word_1_223' title='bbox 1039 1762 1227 1835; x_wconf 46' lang='grc' dir='ltr'><strong>περιιὼν-εξ</strong></span> <span class='ocrx_word' id='word_1_224' title='bbox 1227 1795 1284 1826; x_wconf 88' lang='grc' dir='ltr'>ἰΙΙο</span> <span class='ocrx_word' id='word_1_225' title='bbox 1299 1804 1404 1836; x_wconf 79' lang='lat' dir='ltr'><strong>supra</strong></span> <span class='ocrx_word' id='word_1_226' title='bbox 1418 1795 1570 1837; x_wconf 61' lang='lat' dir='ltr'><strong>scripto!</strong></span> <span class='ocrx_word' id='word_1_227' title='bbox 1591 1796 1753 1835; x_wconf 61' lang='lat' dir='ltr'><strong>Barth.—</strong></span> 
     </span>
    </p>
   </div>
   <div class='ocr_carea' id='block_1_9' title="bbox 962 1880 1104 1913">
    <p class='ocr_par' dir='ltr' id='par_1_12' title="bbox 962 1880 1104 1913">
     <span class='ocr_line' id='line_1_30' title="bbox 962 1880 1104 1913; baseline -0.021 0"><span class='ocrx_word' id='word_1_228' title='bbox 962 1880 1104 1913; x_wconf 82' lang='lat' dir='ltr'>NOTAE</span> 
     </span>
    </p>
   </div>
   <div class='ocr_carea' id='block_1_10' title="bbox 1061 1941 1302 1974">
    <p class='ocr_par' dir='ltr' id='par_1_13' title="bbox 1061 1941 1302 1974">
     <span class='ocr_line' id='line_1_31' title="bbox 1061 1941 1302 1974; baseline 0.004 -1"><span class='ocrx_word' id='word_1_229' title='bbox 1061 1941 1174 1973; x_wconf 85' lang='lat' dir='ltr'><strong>aravit</strong></span> <span class='ocrx_word' id='word_1_230' title='bbox 1192 1942 1302 1974; x_wconf 65' lang='lat' dir='ltr'><strong>auro!</strong></span> 
     </span>
    </p>
   </div>
   <div class='ocr_carea' id='block_1_11' title="bbox 346 1944 1751 2034">
    <p class='ocr_par' dir='ltr' id='par_1_14' title="bbox 346 1944 1740 2034">
     <span class='ocr_line' id='line_1_32' title="bbox 346 1944 1444 1988; baseline -0.006 -9"><span class='ocrx_word' id='word_1_231' title='bbox 346 1949 411 1978; x_wconf 88' lang='grc'><strong>410</strong></span> <span class='ocrx_word' id='word_1_232' title='bbox 430 1947 504 1988; x_wconf 89' lang='lat' dir='ltr'><strong>Ter]</strong></span> <span class='ocrx_word' id='word_1_233' title='bbox 528 1947 646 1988; x_wconf 83' lang='lat' dir='ltr'><strong>Impar</strong></span> <span class='ocrx_word' id='word_1_234' title='bbox 662 1955 819 1978; x_wconf 78' lang='lat' dir='ltr'><strong>numerus</strong></span> <span class='ocrx_word' id='word_1_235' title='bbox 835 1945 868 1976; x_wconf 90' lang='lat' dir='ltr'><strong>in</strong></span> <span class='ocrx_word' id='word_1_236' title='bbox 883 1944 1005 1986; x_wconf 84' lang='lat' dir='ltr'><strong>pleris-</strong></span> <span class='ocrx_word' id='word_1_237' title='bbox 1441 1976 1444 1979; x_wconf 60' lang='grc'><em>,</em></span> 
     </span>
     <span class='ocr_line' id='line_1_33' title="bbox 1097 1991 1751 2034; baseline 0.003 -12"><span class='ocrx_word' id='word_1_238' title='bbox 1097 1994 1160 2023; x_wconf 85' lang='grc'>415</span> <span class='ocrx_word' id='word_1_239' title='bbox 1184 1991 1334 2033; x_wconf 77' lang='lat' dir='ltr'><strong>Abstitit]</strong></span> <span class='ocrx_word' id='word_1_240' title='bbox 1355 1993 1492 2034; x_wconf 78' lang='lat' dir='ltr'><strong>Legunt</strong></span> <span class='ocrx_word' id='word_1_241' title='bbox 1521 1993 1579 2024; x_wconf 88' lang='lat' dir='ltr'><strong>alii</strong></span> <span class='ocrx_word' id='word_1_242' title='bbox 1603 1992 1751 2025; x_wconf 70' lang='lat' dir='ltr'><strong>Obstitit.</strong></span> 
     </span>
    </p>
   </div>
   <div class='ocr_carea' id='block_1_12' title="bbox 305 1993 1002 2039">
    <p class='ocr_par' dir='ltr' id='par_1_15' title="bbox 305 1993 1002 2039">
     <span class='ocr_line' id='line_1_34' title="bbox 305 1993 1002 2039; baseline -0.006 -11"><span class='ocrx_word' id='word_1_243' title='bbox 305 2006 371 2039; x_wconf 89' lang='lat' dir='ltr'><strong>que</strong></span> <span class='ocrx_word' id='word_1_244' title='bbox 395 1997 528 2028; x_wconf 82' lang='lat' dir='ltr'><strong>casibus</strong></span> <span class='ocrx_word' id='word_1_245' title='bbox 554 1995 665 2028; x_wconf 86' lang='lat' dir='ltr'><strong>felicis</strong></span> <span class='ocrx_word' id='word_1_246' title='bbox 689 2000 765 2027; x_wconf 87' lang='lat' dir='ltr'><strong>erat</strong></span> <span class='ocrx_word' id='word_1_247' title='bbox 779 1995 918 2033; x_wconf 60' lang='lat' dir='ltr'><strong>ominis:</strong></span> <span class='ocrx_word' id='word_1_248' title='bbox 942 1993 1002 2025; x_wconf 71' lang='lat' dir='ltr'><strong>sed</strong></span> 
     </span>
    </p>
   </div>
   <div class='ocr_carea' id='block_1_13' title="bbox 306 2044 1002 2088">
    <p class='ocr_par' dir='ltr' id='par_1_16' title="bbox 306 2044 1002 2088">
     <span class='ocr_line' id='line_1_35' title="bbox 306 2044 1002 2088; baseline -0.006 -10"><span class='ocrx_word' id='word_1_249' title='bbox 306 2047 383 2088; x_wconf 87' lang='lat' dir='ltr'><strong>quia</strong></span> <span class='ocrx_word' id='word_1_250' title='bbox 398 2047 464 2078; x_wconf 86' lang='lat' dir='ltr'><strong>boc</strong></span> <span class='ocrx_word' id='word_1_251' title='bbox 486 2057 506 2077; x_wconf 90' lang='lat' dir='ltr'><strong>a</strong></span> <span class='ocrx_word' id='word_1_252' title='bbox 521 2046 668 2078; x_wconf 88' lang='lat' dir='ltr'><strong>Plutone</strong></span> <span class='ocrx_word' id='word_1_253' title='bbox 685 2044 854 2083; x_wconf 83' lang='lat' dir='ltr'><strong>veniebat,</strong></span> <span class='ocrx_word' id='word_1_254' title='bbox 875 2044 908 2075; x_wconf 89' lang='lat' dir='ltr'><strong>in</strong></span> <span class='ocrx_word' id='word_1_255' title='bbox 933 2053 1002 2074; x_wconf 87' lang='lat' dir='ltr'><strong>ma-</strong></span> 
     </span>
    </p>
   </div>
   <div class='ocr_carea' id='block_1_14' title="bbox 235 2093 1002 2127">
    <p class='ocr_par' dir='ltr' id='par_1_17' title="bbox 235 2093 1002 2127">
     <span class='ocr_line' id='line_1_36' title="bbox 235 2093 1002 2127; baseline -0.003 0"><span class='ocrx_word' id='word_1_256' title='bbox 235 2124 238 2127; x_wconf 89' lang='lat'>.</span> <span class='ocrx_word' id='word_1_257' title='bbox 305 2097 374 2127; x_wconf 84' lang='lat' dir='ltr'><strong>lum</strong></span> <span class='ocrx_word' id='word_1_258' title='bbox 390 2105 489 2127; x_wconf 88' lang='lat' dir='ltr'><strong>omen</strong></span> <span class='ocrx_word' id='word_1_259' title='bbox 510 2099 585 2127; x_wconf 80' lang='lat' dir='ltr'><strong>erat</strong></span> <span class='ocrx_word' id='word_1_260' title='bbox 609 2094 882 2127; x_wconf 79' lang='lat' dir='ltr'><strong>existimandum.</strong></span> <span class='ocrx_word' id='word_1_261' title='bbox 924 2093 1002 2126; x_wconf 80' lang='lat' dir='ltr'><strong>Avi·</strong></span> 
     </span>
    </p>
   </div>
   <div class='ocr_carea' id='block_1_15' title="bbox 259 2145 1001 2779">
    <p class='ocr_par' dir='ltr' id='par_1_18' title="bbox 303 2145 704 2186">
     <span class='ocr_line' id='line_1_37' title="bbox 303 2145 704 2186; baseline -0.005 -8"><span class='ocrx_word' id='word_1_262' title='bbox 303 2146 376 2186; x_wconf 77' lang='lat' dir='ltr'><strong>dus]</strong></span> <span class='ocrx_word' id='word_1_263' title='bbox 393 2146 483 2179; x_wconf 84' lang='lat' dir='ltr'><strong>Quia</strong></span> <span class='ocrx_word' id='word_1_264' title='bbox 494 2145 704 2177; x_wconf 84' lang='lat' dir='ltr'><strong>insatiabilis.</strong></span> 
     </span>
    </p>

    <p class='ocr_par' dir='ltr' id='par_1_19' title="bbox 305 2193 1000 2280">
     <span class='ocr_line' id='line_1_38' title="bbox 347 2193 1000 2235; baseline -0.005 -8"><span class='ocrx_word' id='word_1_265' title='bbox 347 2197 412 2227; x_wconf 82' lang='lat'><strong>412</strong></span> <span class='ocrx_word' id='word_1_266' title='bbox 434 2194 603 2226; x_wconf 79' lang='lat' dir='ltr'><strong>Armorum</strong></span> <span class='ocrx_word' id='word_1_267' title='bbox 614 2194 693 2235; x_wconf 83' lang='lat' dir='ltr'><strong>Dei]</strong></span> <span class='ocrx_word' id='word_1_268' title='bbox 710 2194 817 2235; x_wconf 76' lang='lat' dir='ltr'><strong>Mars,</strong></span> <span class='ocrx_word' id='word_1_269' title='bbox 830 2193 1000 2230; x_wconf 81' lang='lat' dir='ltr'><strong>Minerva,</strong></span> 
     </span>
     <span class='ocr_line' id='line_1_39' title="bbox 305 2243 766 2280; baseline -0.007 -3"><span class='ocrx_word' id='word_1_270' title='bbox 305 2246 461 2280; x_wconf 82' lang='lat' dir='ltr'><strong>Bellona,</strong></span> <span class='ocrx_word' id='word_1_271' title='bbox 474 2250 510 2276; x_wconf 78' lang='lat' dir='ltr'><strong>ut</strong></span> <span class='ocrx_word' id='word_1_272' title='bbox 526 2243 615 2276; x_wconf 81' lang='lat' dir='ltr'><strong>infra</strong></span> <span class='ocrx_word' id='word_1_273' title='bbox 629 2244 766 2275; x_wconf 77' lang='lat' dir='ltr'><strong>dieitur.</strong></span> 
     </span>
    </p>

    <p class='ocr_par' dir='ltr' id='par_1_20' title="bbox 303 2293 1001 2384">
     <span class='ocr_line' id='line_1_40' title="bbox 352 2293 1001 2335; baseline -0.006 -8"><span class='ocrx_word' id='word_1_274' title='bbox 352 2298 416 2327; x_wconf 80' lang='grc'>413</span> <span class='ocrx_word' id='word_1_275' title='bbox 440 2295 606 2327; x_wconf 74' lang='lat' dir='ltr'><strong>Restinxit</strong></span> <span class='ocrx_word' id='word_1_276' title='bbox 623 2294 864 2335; x_wconf 74' lang='lat' dir='ltr'><strong>Bellonafaees]</strong></span> <span class='ocrx_word' id='word_1_277' title='bbox 885 2293 1001 2324; x_wconf 90' lang='lat' dir='ltr'><strong>Bello-</strong></span> 
     </span>
     <span class='ocr_line' id='line_1_41' title="bbox 303 2344 744 2384; baseline 0 -9"><span class='ocrx_word' id='word_1_278' title='bbox 303 2354 346 2375; x_wconf 82' lang='lat' dir='ltr'><strong>na</strong></span> <span class='ocrx_word' id='word_1_279' title='bbox 361 2345 451 2375; x_wconf 83' lang='lat' dir='ltr'><strong>enim</strong></span> <span class='ocrx_word' id='word_1_280' title='bbox 465 2344 574 2375; x_wconf 83' lang='lat' dir='ltr'><strong>facem</strong></span> <span class='ocrx_word' id='word_1_281' title='bbox 591 2344 744 2384; x_wconf 82' lang='lat' dir='ltr'><strong>gerebat.</strong></span> 
     </span>
    </p>

    <p class='ocr_par' dir='ltr' id='par_1_21' title="bbox 259 2391 1000 2779">
     <span class='ocr_line' id='line_1_42' title="bbox 345 2391 998 2433; baseline -0.002 -9"><span class='ocrx_word' id='word_1_282' title='bbox 345 2395 409 2424; x_wconf 87' lang='lat'><strong>414</strong></span> <span class='ocrx_word' id='word_1_283' title='bbox 431 2394 479 2426; x_wconf 85' lang='lat' dir='ltr'><strong>Et</strong></span> <span class='ocrx_word' id='word_1_284' title='bbox 494 2394 639 2433; x_wconf 83' lang='lat' dir='ltr'><strong>Gorgone</strong></span> <span class='ocrx_word' id='word_1_285' title='bbox 652 2394 747 2425; x_wconf 80' lang='lat' dir='ltr'><strong>cruda</strong></span> <span class='ocrx_word' id='word_1_286' title='bbox 760 2391 887 2432; x_wconf 84' lang='lat' dir='ltr'><strong>virago]</strong></span> <span class='ocrx_word' id='word_1_287' title='bbox 920 2391 998 2423; x_wconf 86' lang='lat' dir='ltr'><strong>Pal-</strong></span> 
     </span>
     <span class='ocr_line' id='line_1_43' title="bbox 302 2441 999 2482; baseline -0.001 -10"><span class='ocrx_word' id='word_1_288' title='bbox 302 2443 364 2481; x_wconf 79' lang='lat' dir='ltr'><strong>las,</strong></span> <span class='ocrx_word' id='word_1_289' title='bbox 378 2451 455 2482; x_wconf 83' lang='lat' dir='ltr'><strong>quae</strong></span> <span class='ocrx_word' id='word_1_290' title='bbox 477 2447 581 2482; x_wconf 85' lang='lat' dir='ltr'><strong>caput</strong></span> <span class='ocrx_word' id='word_1_291' title='bbox 601 2442 755 2473; x_wconf 86' lang='lat' dir='ltr'><strong>Medusae</strong></span> <span class='ocrx_word' id='word_1_292' title='bbox 781 2451 841 2472; x_wconf 81' lang='lat' dir='ltr'><strong>seu</strong></span> <span class='ocrx_word' id='word_1_293' title='bbox 868 2441 999 2481; x_wconf 73' lang='lat' dir='ltr'><strong>Gorgo·</strong></span> 
     </span>
     <span class='ocr_line' id='line_1_44' title="bbox 259 2490 1000 2531; baseline -0.001 -10"><span class='ocrx_word' id='word_1_294' title='bbox 259 2527 261 2529; x_wconf 36' lang='grc'><em>,</em></span> <span class='ocrx_word' id='word_1_295' title='bbox 303 2490 354 2521; x_wconf 81' lang='lat' dir='ltr'><strong>nis</strong></span> <span class='ocrx_word' id='word_1_296' title='bbox 366 2491 401 2522; x_wconf 90' lang='lat' dir='ltr'><strong>in</strong></span> <span class='ocrx_word' id='word_1_297' title='bbox 417 2491 529 2522; x_wconf 87' lang='lat' dir='ltr'><strong>media</strong></span> <span class='ocrx_word' id='word_1_298' title='bbox 545 2491 655 2531; x_wconf 81' lang='lat' dir='ltr'><strong>aegide</strong></span> <span class='ocrx_word' id='word_1_299' title='bbox 671 2490 841 2531; x_wconf 82' lang='lat' dir='ltr'><strong>portabat.</strong></span> <span class='ocrx_word' id='word_1_300' title='bbox 892 2490 1000 2521; x_wconf 82' lang='lat' dir='ltr'><strong>Cruda</strong></span> 
     </span>
     <span class='ocr_line' id='line_1_45' title="bbox 302 2539 998 2579; baseline 0.001 -9"><span class='ocrx_word' id='word_1_301' title='bbox 302 2539 428 2579; x_wconf 72' lang='lat' dir='ltr'><strong>virago]</strong></span> <span class='ocrx_word' id='word_1_302' title='bbox 452 2540 622 2571; x_wconf 85' lang='lat' dir='ltr'><strong>Bellicosa</strong></span> <span class='ocrx_word' id='word_1_303' title='bbox 637 2544 674 2571; x_wconf 80' lang='lat' dir='ltr'><strong>ct</strong></span> <span class='ocrx_word' id='word_1_304' title='bbox 689 2550 856 2571; x_wconf 85' lang='lat' dir='ltr'><strong>armornm</strong></span> <span class='ocrx_word' id='word_1_305' title='bbox 871 2543 998 2571; x_wconf 82' lang='lat' dir='ltr'><strong>tracta-</strong></span> 
     </span>
     <span class='ocr_line' id='line_1_46' title="bbox 305 2588 998 2621; baseline 0 -1"><span class='ocrx_word' id='word_1_306' title='bbox 305 2589 384 2621; x_wconf 81' lang='lat' dir='ltr'><strong>trix.</strong></span> <span class='ocrx_word' id='word_1_307' title='bbox 429 2589 484 2620; x_wconf 86' lang='lat' dir='ltr'><strong>Sic</strong></span> <span class='ocrx_word' id='word_1_308' title='bbox 515 2588 632 2620; x_wconf 85' lang='lat' dir='ltr'><strong>‘ferox</strong></span> <span class='ocrx_word' id='word_1_309' title='bbox 662 2589 761 2620; x_wconf 78' lang='lat' dir='ltr'><strong>(liva&#39;</strong></span> <span class='ocrx_word' id='word_1_310' title='bbox 785 2589 842 2621; x_wconf 88' lang='lat' dir='ltr'><strong>lib.</strong></span> <span class='ocrx_word' id='word_1_311' title='bbox 864 2597 904 2621; x_wconf 86' lang='lat'><strong>11.</strong></span> <span class='ocrx_word' id='word_1_312' title='bbox 923 2590 998 2620; x_wconf 79' lang='lat'><strong>⁷15.</strong></span> 
     </span>
     <span class='ocr_line' id='line_1_47' title="bbox 304 2638 998 2679; baseline 0 -9"><span class='ocrx_word' id='word_1_313' title='bbox 304 2639 503 2679; x_wconf 75' lang='lat' dir='ltr'><strong>viraginem</strong></span> <span class='ocrx_word' id='word_1_314' title='bbox 540 2640 641 2670; x_wconf 83' lang='lat' dir='ltr'><strong>etiam</strong></span> <span class='ocrx_word' id='word_1_315' title='bbox 683 2639 874 2671; x_wconf 85' lang='lat' dir='ltr'><strong>Minervam</strong></span> <span class='ocrx_word' id='word_1_316' title='bbox 914 2638 998 2670; x_wconf 86' lang='lat' dir='ltr'><strong>dicit</strong></span> 
     </span>
     <span class='ocr_line' id='line_1_48' title="bbox 303 2688 998 2729; baseline 0 -9"><span class='ocrx_word' id='word_1_317' title='bbox 303 2689 433 2720; x_wconf 79' lang='lat' dir='ltr'><strong>Noster</strong></span> <span class='ocrx_word' id='word_1_318' title='bbox 448 2688 519 2729; x_wconf 88' lang='lat' dir='ltr'><strong>Syl.</strong></span> <span class='ocrx_word' id='word_1_319' title='bbox 533 2697 584 2720; x_wconf 79' lang='lat' dir='ltr'><strong>lv·</strong></span> <span class='ocrx_word' id='word_1_320' title='bbox 599 2691 631 2720; x_wconf 85' lang='lat'><strong>6.</strong></span> <span class='ocrx_word' id='word_1_321' title='bbox 642 2688 651 2704; x_wconf 82' lang='lat'><strong>⁴</strong></span> <span class='ocrx_word' id='word_1_322' title='bbox 666 2689 747 2720; x_wconf 88' lang='lat' dir='ltr'><strong>Mea</strong></span> <span class='ocrx_word' id='word_1_323' title='bbox 762 2688 914 2720; x_wconf 84' lang='lat' dir='ltr'><strong>carmina</strong></span> <span class='ocrx_word' id='word_1_324' title='bbox 930 2688 998 2720; x_wconf 83' lang='lat' dir='ltr'><strong>Re-</strong></span> 
     </span>
     <span class='ocr_line' id='line_1_49' title="bbox 303 2738 999 2779; baseline -0.001 -9"><span class='ocrx_word' id='word_1_325' title='bbox 303 2738 382 2779; x_wconf 76' lang='lat' dir='ltr'><strong>gina</strong></span> <span class='ocrx_word' id='word_1_326' title='bbox 406 2738 571 2770; x_wconf 87' lang='lat' dir='ltr'><strong>bellorum</strong></span> <span class='ocrx_word' id='word_1_327' title='bbox 598 2738 714 2778; x_wconf 82' lang='lat' dir='ltr'><strong>virago</strong></span> <span class='ocrx_word' id='word_1_328' title='bbox 738 2738 895 2771; x_wconf 80' lang='lat' dir='ltr'><strong>Caesareo</strong></span> <span class='ocrx_word' id='word_1_329' title='bbox 922 2747 999 2779; x_wconf 86' lang='lat' dir='ltr'><strong>per-</strong></span> 
     </span>
    </p>
   </div>
   <div class='ocr_carea' id='block_1_16' title="bbox 1049 2041 1751 2778">
    <p class='ocr_par' dir='ltr' id='par_1_22' title="bbox 1054 2041 1750 2181">
     <span class='ocr_line' id='line_1_50' title="bbox 1057 2041 1750 2083; baseline 0.003 -11"><span class='ocrx_word' id='word_1_330' title='bbox 1057 2041 1184 2082; x_wconf 76' lang='lat' dir='ltr'><strong>Stygiae</strong></span> <span class='ocrx_word' id='word_1_331' title='bbox 1193 2042 1327 2083; x_wconf 71' lang='lat' dir='ltr'><strong>sorores]</strong></span> <span class='ocrx_word' id='word_1_332' title='bbox 1337 2042 1461 2074; x_wconf 81' lang='lat' dir='ltr'><strong>Furiae.</strong></span> <span class='ocrx_word' id='word_1_333' title='bbox 1478 2042 1638 2083; x_wconf 75' lang='lat' dir='ltr'><strong>Rubuere]</strong></span> <span class='ocrx_word' id='word_1_334' title='bbox 1650 2043 1750 2076; x_wconf 79' lang='lat' dir='ltr'><strong>Quod</strong></span> 
     </span>
     <span class='ocr_line' id='line_1_51' title="bbox 1054 2089 1750 2155; baseline 0.004 -34"><span class='ocrx_word' id='word_1_335' title='bbox 1054 2089 1149 2122; x_wconf 80' lang='lat' dir='ltr'><strong>furor</strong></span> <span class='ocrx_word' id='word_1_336' title='bbox 1161 2090 1250 2122; x_wconf 73' lang='lat' dir='ltr'><strong>fnan—</strong></span> <span class='ocrx_word' id='word_1_337' title='bbox 1252 2101 1308 2123; x_wconf 86' lang='lat' dir='ltr'><strong>um</strong></span> <span class='ocrx_word' id='word_1_338' title='bbox 1316 2092 1415 2123; x_wconf 73' lang='lat' dir='ltr'><strong>ultra</strong></span> <span class='ocrx_word' id='word_1_339' title='bbox 1424 2092 1562 2123; x_wconf 74' lang='lat' dir='ltr'><strong>modum</strong></span> <span class='ocrx_word' id='word_1_340' title='bbox 1573 2092 1676 2124; x_wconf 81' lang='lat' dir='ltr'><strong>etiam</strong></span> <span class='ocrx_word' id='word_1_341' title='bbox 1699 2093 1750 2155; x_wconf 83' lang='lat' dir='ltr'><strong>ip-</strong></span> 
     </span>
     <span class='ocr_line' id='line_1_52' title="bbox 1054 2140 1516 2181; baseline 0.004 -11"><span class='ocrx_word' id='word_1_342' title='bbox 1054 2140 1100 2171; x_wconf 76' lang='lat' dir='ltr'><strong>sis</strong></span> <span class='ocrx_word' id='word_1_343' title='bbox 1113 2141 1280 2172; x_wconf 87' lang='lat' dir='ltr'><strong>intentum</strong></span> <span class='ocrx_word' id='word_1_344' title='bbox 1295 2141 1516 2181; x_wconf 76' lang='lat' dir='ltr'><strong>procedebat.</strong></span> 
     </span>
    </p>

    <p class='ocr_par' dir='ltr' id='par_1_23' title="bbox 1054 2190 1751 2380">
     <span class='ocr_line' id='line_1_53' title="bbox 1096 2190 1751 2232; baseline 0.003 -11"><span class='ocrx_word' id='word_1_345' title='bbox 1096 2192 1159 2221; x_wconf 82' lang='lat'><strong>418</strong></span> <span class='ocrx_word' id='word_1_346' title='bbox 1176 2190 1264 2221; x_wconf 86' lang='lat' dir='ltr'><strong>Hinc</strong></span> <span class='ocrx_word' id='word_1_347' title='bbox 1277 2190 1388 2231; x_wconf 73' lang='lat' dir='ltr'><strong>questi,</strong></span> <span class='ocrx_word' id='word_1_348' title='bbox 1399 2190 1468 2232; x_wconf 64' lang='lat' dir='ltr'><strong>isc-J</strong></span> <span class='ocrx_word' id='word_1_349' title='bbox 1485 2190 1550 2222; x_wconf 83' lang='lat' dir='ltr'><strong>Hae</strong></span> <span class='ocrx_word' id='word_1_350' title='bbox 1563 2190 1751 2232; x_wconf 74' lang='lat' dir='ltr'><strong>tragoediae,</strong></span> 
     </span>
     <span class='ocr_line' id='line_1_54' title="bbox 1054 2239 1750 2281; baseline 0.001 -10"><span class='ocrx_word' id='word_1_351' title='bbox 1054 2244 1092 2271; x_wconf 87' lang='lat' dir='ltr'><strong>ut</strong></span> <span class='ocrx_word' id='word_1_352' title='bbox 1108 2244 1220 2279; x_wconf 88' lang='lat' dir='ltr'><strong>vocat,</strong></span> <span class='ocrx_word' id='word_1_353' title='bbox 1232 2239 1370 2281; x_wconf 87' lang='lat' dir='ltr'><strong>Guyeto</strong></span> <span class='ocrx_word' id='word_1_354' title='bbox 1386 2249 1452 2271; x_wconf 90' lang='lat' dir='ltr'><strong>non</strong></span> <span class='ocrx_word' id='word_1_355' title='bbox 1471 2240 1618 2281; x_wconf 81' lang='lat' dir='ltr'><strong>placem,</strong></span> <span class='ocrx_word' id='word_1_356' title='bbox 1629 2243 1665 2272; x_wconf 81' lang='lat' dir='ltr'><strong>et</strong></span> <span class='ocrx_word' id='word_1_357' title='bbox 1679 2249 1750 2272; x_wconf 72' lang='lat' dir='ltr'><strong>sue-</strong></span> 
     </span>
     <span class='ocr_line' id='line_1_55' title="bbox 1054 2288 1749 2330; baseline 0 -10"><span class='ocrx_word' id='word_1_358' title='bbox 1054 2294 1167 2330; x_wconf 81' lang='lat' dir='ltr'><strong>pectoe</strong></span> <span class='ocrx_word' id='word_1_359' title='bbox 1194 2293 1287 2328; x_wconf 84' lang='lat' dir='ltr'><strong>sunt,</strong></span> <span class='ocrx_word' id='word_1_360' title='bbox 1313 2293 1349 2320; x_wconf 88' lang='lat' dir='ltr'><strong>et</strong></span> <span class='ocrx_word' id='word_1_361' title='bbox 1371 2288 1428 2320; x_wconf 89' lang='lat' dir='ltr'><strong>ille</strong></span> <span class='ocrx_word' id='word_1_362' title='bbox 1457 2289 1549 2320; x_wconf 82' lang='lat' dir='ltr'><strong>delet</strong></span> <span class='ocrx_word' id='word_1_363' title='bbox 1562 2291 1616 2322; x_wconf 80' lang='lat'><strong>28.</strong></span> <span class='ocrx_word' id='word_1_364' title='bbox 1633 2298 1749 2322; x_wconf 72' lang='lat' dir='ltr'><strong>versus</strong></span> 
     </span>
     <span class='ocr_line' id='line_1_56' title="bbox 1054 2330 1738 2380; baseline -0.001 -11"><span class='ocrx_word' id='word_1_365' title='bbox 1054 2343 1248 2380; x_wconf 77' lang='lat' dir='ltr'><strong>sequentes.</strong></span> <span class='ocrx_word' id='word_1_366' title='bbox 1733 2330 1738 2335; x_wconf 44' lang='lat'><strong>⁴</strong></span> 
     </span>
    </p>

    <p class='ocr_par' dir='ltr' id='par_1_24' title="bbox 1052 2386 1751 2520">
     <span class='ocr_line' id='line_1_57' title="bbox 1094 2386 1751 2429; baseline 0.002 -10"><span class='ocrx_word' id='word_1_367' title='bbox 1094 2391 1159 2419; x_wconf 81' lang='grc'>419</span> <span class='ocrx_word' id='word_1_368' title='bbox 1173 2388 1348 2427; x_wconf 63' lang='lat' dir='ltr'><strong>Par-vosque</strong></span> <span class='ocrx_word' id='word_1_369' title='bbox 1357 2388 1465 2417; x_wconf 80' lang='lat' dir='ltr'><strong>vetant</strong></span> <span class='ocrx_word' id='word_1_370' title='bbox 1474 2386 1634 2418; x_wconf 81' lang='lat' dir='ltr'><strong>attendere</strong></span> <span class='ocrx_word' id='word_1_371' title='bbox 1646 2388 1751 2429; x_wconf 73' lang='lat' dir='ltr'><strong>natos]</strong></span> 
     </span>
     <span class='ocr_line' id='line_1_58' title="bbox 1053 2436 1750 2478; baseline 0 -7"><span class='ocrx_word' id='word_1_372' title='bbox 1053 2439 1107 2471; x_wconf 90' lang='lat' dir='ltr'><strong>Ne</strong></span> <span class='ocrx_word' id='word_1_373' title='bbox 1118 2438 1197 2469; x_wconf 88' lang='lat' dir='ltr'><strong>hinc</strong></span> <span class='ocrx_word' id='word_1_374' title='bbox 1207 2437 1388 2478; x_wconf 84' lang='lat' dir='ltr'><strong>parricidia</strong></span> <span class='ocrx_word' id='word_1_375' title='bbox 1400 2442 1436 2469; x_wconf 89' lang='lat' dir='ltr'><strong>et</strong></span> <span class='ocrx_word' id='word_1_376' title='bbox 1444 2436 1631 2470; x_wconf 78' lang='lat' dir='ltr'><strong>fratricidia</strong></span> <span class='ocrx_word' id='word_1_377' title='bbox 1641 2438 1750 2471; x_wconf 77' lang='lat' dir='ltr'><strong>disee·</strong></span> 
     </span>
     <span class='ocr_line' id='line_1_59' title="bbox 1052 2492 1141 2520; baseline -0.011 0"><span class='ocrx_word' id='word_1_378' title='bbox 1052 2492 1141 2520; x_wconf 85' lang='lat' dir='ltr'><strong>rent.</strong></span> 
     </span>
    </p>

    <p class='ocr_par' dir='ltr' id='par_1_25' title="bbox 1049 2535 1748 2778">
     <span class='ocr_line' id='line_1_60' title="bbox 1093 2535 1747 2578; baseline 0 -10"><span class='ocrx_word' id='word_1_379' title='bbox 1093 2540 1157 2569; x_wconf 80' lang='lat'><strong>420</strong></span> <span class='ocrx_word' id='word_1_380' title='bbox 1183 2535 1342 2578; x_wconf 72' lang='lat' dir='ltr'><strong>Ogygios]</strong></span> <span class='ocrx_word' id='word_1_381' title='bbox 1369 2536 1557 2571; x_wconf 76' lang='lat' dir='ltr'><strong>Thebanos.</strong></span> <span class='ocrx_word' id='word_1_382' title='bbox 1601 2537 1747 2574; x_wconf 67' lang='lat' dir='ltr'><strong>Monstra</strong></span> 
     </span>
     <span class='ocr_line' id='line_1_61' title="bbox 1049 2586 1748 2629; baseline -0.003 -9"><span class='ocrx_word' id='word_1_383' title='bbox 1049 2589 1091 2620; x_wconf 77' lang='lat' dir='ltr'><strong>ad</strong></span> <span class='ocrx_word' id='word_1_384' title='bbox 1111 2587 1260 2627; x_wconf 82' lang='lat' dir='ltr'><strong>gentilia]</strong></span> <span class='ocrx_word' id='word_1_385' title='bbox 1283 2586 1337 2618; x_wconf 88' lang='lat' dir='ltr'><strong>An</strong></span> <span class='ocrx_word' id='word_1_386' title='bbox 1359 2587 1394 2618; x_wconf 88' lang='lat' dir='ltr'><strong>hi</strong></span> <span class='ocrx_word' id='word_1_387' title='bbox 1420 2597 1535 2619; x_wconf 82' lang='lat' dir='ltr'><strong>manes</strong></span> <span class='ocrx_word' id='word_1_388' title='bbox 1549 2596 1663 2618; x_wconf 78' lang='lat' dir='ltr'><strong>eorum</strong></span> <span class='ocrx_word' id='word_1_389' title='bbox 1678 2587 1748 2629; x_wconf 86' lang='lat' dir='ltr'><strong>qui,</strong></span> 
     </span>
     <span class='ocr_line' id='line_1_62' title="bbox 1051 2635 1747 2677; baseline -0.001 -9"><span class='ocrx_word' id='word_1_390' title='bbox 1051 2637 1118 2669; x_wconf 84' lang='lat' dir='ltr'><strong>orti</strong></span> <span class='ocrx_word' id='word_1_391' title='bbox 1146 2646 1166 2668; x_wconf 90' lang='lat' dir='ltr'><strong>e</strong></span> <span class='ocrx_word' id='word_1_392' title='bbox 1193 2635 1353 2667; x_wconf 82' lang='lat' dir='ltr'><strong>dentibus</strong></span> <span class='ocrx_word' id='word_1_393' title='bbox 1378 2636 1551 2677; x_wconf 76' lang='lat' dir='ltr'><strong>serpentis</strong></span> <span class='ocrx_word' id='word_1_394' title='bbox 1565 2636 1661 2674; x_wconf 74' lang='lat' dir='ltr'><strong>eatis,</strong></span> <span class='ocrx_word' id='word_1_395' title='bbox 1676 2639 1747 2668; x_wconf 56' lang='lat' dir='ltr'><strong>mu:</strong></span> 
     </span>
     <span class='ocr_line' id='line_1_63' title="bbox 1051 2684 1748 2719; baseline 0 -1"><span class='ocrx_word' id='word_1_396' title='bbox 1051 2687 1119 2719; x_wconf 78' lang='lat' dir='ltr'><strong>tuis</strong></span> <span class='ocrx_word' id='word_1_397' title='bbox 1134 2696 1172 2718; x_wconf 83' lang='lat' dir='ltr'><strong>se</strong></span> <span class='ocrx_word' id='word_1_398' title='bbox 1199 2686 1345 2718; x_wconf 84' lang='lat' dir='ltr'><strong>invicem</strong></span> <span class='ocrx_word' id='word_1_399' title='bbox 1371 2686 1567 2718; x_wconf 65' lang='lat' dir='ltr'><strong>vulneribus</strong></span> <span class='ocrx_word' id='word_1_400' title='bbox 1591 2684 1748 2718; x_wconf 84' lang='lat' dir='ltr'><strong>confece-</strong></span> 
     </span>
     <span class='ocr_line' id='line_1_64' title="bbox 1050 2736 1745 2778; baseline 0.001 -9"><span class='ocrx_word' id='word_1_401' title='bbox 1050 2737 1156 2770; x_wconf 83' lang='lat' dir='ltr'><strong>runt?</strong></span> <span class='ocrx_word' id='word_1_402' title='bbox 1189 2737 1349 2770; x_wconf 88' lang='lat' dir='ltr'><strong>Ceterum</strong></span> <span class='ocrx_word' id='word_1_403' title='bbox 1363 2736 1535 2769; x_wconf 77' lang='lat' dir='ltr'><strong>veteribus</strong></span> <span class='ocrx_word' id='word_1_404' title='bbox 1550 2744 1745 2778; x_wconf 70' lang='lat' dir='ltr'><strong>persuasum</strong></span> 
     </span>
    </p>
   </div>
  </div>
 </body>
</html>
