1846 3120
298 221 412 265 1564

790 236 834 268 Ρ.
867 236 1057 268 PAPlNll

1092 236 1263 270 STA'rn‘

297 326 612 382 lugentemque
627 339 761 370 manu
783 334 985 372 curvaret
1008 331 1166 374 Delius
1187 344 1362 389 arcum3

296 393 455 436 Stabat
473 395 628 436 anhela
648 400 768 437 metu
787 396 932 438 solum
955 397 1129 440 Natura
1148 399 1389 443 Tonantem

297 459 591 514 Respiciens;
620 463 797 516 quando
817 464 892 506 ille
903 464 1089 518 ‘hyemes
1110 466 1388 521 tonitrusque
1407 471 1587 511 vocaret
1607 531 1611 534 .

299 526 520 578 Nubibus,
540 529 764 582 igniferam
783 544 883 585 quae
904 532 1086 575 fulmina
1106 539 1306 587 posceret
1325 535 1521 577 AEtnam.

296 591 449 648 Atque
467 595 530 637 ibi
550 596 654 638 dum
672 597 811 640 mixta
831 597 983 640 vallati
1003 599 1132 653 plebe
1152 613 1331 643 suorum

1632 517 1744 576 2190

262 663 267 669 “
298 659 356 701 Et
373 662 506 703 maris
524 666 569 704 et
587 663 694 705 belli
715 665 964 707 consultant
977 668 1174 720 tempora
1194 680 1337 720 reges,

297 725 573 782 Increpitans
592 743 753 783 magno
774 734 917 773 vatem
938 731 1183 774 Calchanta
1203 734 1411 785 tumultu,

294 793 572 838 rProtesilaus
592 797 676 843 ait:
705 800 911 852 (namque
931 799 1033 841 huie
1056 800 1221 842 bellare
1241 801 1404 856 cupido

296 933 466 973 Africanas
477 941 644 978 serpentes,
664 943 697 972 et
713 940 824 972 Delius
837 940 981 981 flecteret
994 951 1139 981 magnum
1153 952 1257 974 arcum
1266 954 1279 981 ,·
1303 944 1428 975 Natura
1441 942 1605 976 anhelabat
1622 954 1745 986 pavore,

294 979 460 1010 attendens
482 990 576 1012 unum
589 982 701 1014 Jovem
712 993 725 1020 ‚·
745 985 865 1023 quando
888 984 940 1015 ille
965 988 1086 1017 vocaret
1109 989 1305 1026 tempestates
1319 989 1349 1018 et
1366 987 1505 1018 tonitrua
1518 996 1535 1018 e
1549 987 1691 1027 nostae,
1710 991 1744 1020 et

295 1028 365 1058 quoe
374 1020 515 1058 fulmina
524 1027 645 1063 peteret
657 1024 696 1056 ab
713 1027 811 1057 AElna

826 1025 977 1066 flammas
990 1027 1134 1060 vomenti.
1175 1028 1281 1068 Atque
1295 1028 1341 1060 ibi
1354 1030 1427 1060 dum
1441 1030 1543 1069 duces,
1561 1029 1746 1062 circumdati

294 1060 419 1099 confuso
433 1065 524 1104 vulgo
536 1065 681 1107 militum,
703 1068 873 1100 deliberant
885 1069 923 1100 de
935 1071 1070 1110 tempore
1084 1070 1314 1110 navigationis,
1329 1074 1360 1103 et
1382 1071 1454 1103 belli
1476 1071 1617 1121 mendi,
1631 1071 1744 1104 erote-

294 1102 393 1136 silaus
404 1105 572 1148 olv'urgans
585 1108 707 1149 ingenti
720 1111 851 1143 clamore
865 1110 1015 1151 augurem
1031 1113 1242 1150 Calchantem,
1253 1113 1301 1145 ait
1311 1124 1322 1145 .·
1344 1113 1434 1155 (nam
1449 1123 1605 1156 ιιι-σαρκο
1618 1111 1744 1157 fiagra-

960 1220 1103 1253 NOTAE

338 1304 401 1334 487
424 1303 554 1346 Delius]
579 1304 715 1348 Apollo,
730 1317 750 1339 a
767 1309 855 1341 Delo
871 1309 991 1344 insula.

337 1355 402 1384 489
427 1354 574 1395 Quando]
596 1357 700 1388 Forte
717 1360 841 1391 rectius
854 1370 940 1401 quas.

338 1404 402 1434 490
424 1404 600 1443 Igniferam
618 1417 687 1448 quae
700 1407 838 1447 fulmina
855 1414 995 1450 posceret

294 1452 441 1494 AEtnam]
464 1455 552 1487 Nam
569 1456 604 1487 in
618 1457 720 1489 AEtna
734 1463 850 1491 monte
865 1460 992 1492 Siciliae

293 1500 446 1535 flammas
473 1511 653 1538 evomente
683 1508 846 1542 dicuntur
871 1510 992 1553 Cyclo-

295 1561 356 1594 pes
370 1552 514 1586 fulmina
527 1556 607 1588 Jovi
620 1556 802 1593 fabricare.

335 1605 398 1635 491
422 1604 489 1646 Ibi]
513 1605 554 1636 In
571 1605 706 1640 Aulide.

335 1656 399 1687 493
425 1656 611 1700 Calchanta]
647 1660 791 1692 Calchas
807 1661 992 1703 Trojanus,

292 1704 464 1737 Thestoris
489 1705 591 1747 filius,
616 1717 724 1750 augur
744 1711 920 1752 maximus,
934 1712 993 1754 qui

293 1764 371 1787 cum
385 1755 475 1788 circa
490 1756 589 1790 initia
602 1759 740 1801 Trojani
758 1761 838 1792 belli
853 1761 895 1792 ad
912 1771 992 1794 con-

292 1805 470 1838 sulendum
495 1808 667 1840 oraculum
695 1810 850 1851 Delphos
873 1811 992 1843 missus

292 1859 383 1887 esset
410 1866 431 1889 a
453 1857 625 1899 Trojanis,
652 1869 915 1902 responsumque
936 1871 992 1894 nc-

292 1905 453 1946 cepisset,
477 1910 528 1946 nt,
539 1908 667 1940 relictis
688 1910 855 1951 Trojanis,
878 1911 991 1943 adhae-

292 1959 385 1988 reret
401 1956 546 1997 Graecis,
557 1957 598 1989 ad
613 1967 669 1989 eos
682 1958 841 1999 descivit3
862 1965 896 1992 et
908 1971 993 2003 quo·

291 2004 381 2037 niam
396 2005 571 2038 divinandi
587 2013 660 2039 arte
679 2009 859 2050 plurimum
884 2012 991 2052 polle-

293 2059 359 2095 ret,
388 2055 462 2096 ejus
488 2057 636 2089 consiliis
662 2059 768 2091 multa
789 2065 885 2101 gesta
900 2066 990 2094 sunt.

293 2104 378 2137 Cum
404 2106 494 2137 enim
520 2106 554 2138 in
580 2106 704 2140 Aulide
719 2109 837 2142 classis
853 2110 992 2143 Graeco·

294 2165 368 2187 rum
384 2156 545 2188 adversos
557 2162 678 2190 ventos
693 2158 848 2201 haberet,
862 2164 898 2192 et
915 2170 991 2202 pes-

293 2205 428 2237 tilentia
453 2206 626 2239 laboraret
661 2210 846 2250 exercitus,
874 2210 992 2243 docuit

293 2252 583 2297 Agamemnonem
607 2258 774 2291 rationem
794 2259 916 2292 Dianae
933 2260 991 2292 mi-

293 2308 455 2350 tigandae.
501 2309 547 2340 Et
574 2319 617 2341 ex
645 2310 815 2351 serpentis
841 2311 992 2353 augurio,

294 2358 353 2400 qui
383 2358 502 2390 decem
527 2359 637 2400 pullos
660 2360 808 2400 passeris
831 2370 897 2392 una
916 2371 991 2393 cum

293 2412 403 2439 matre
429 2407 665 2449 devoraverat,
688 2409 825 2442 decimo
853 2410 992 2443 tandem

291 2466 381 2489 anno
403 2457 511 2488 Ilium
533 2463 766 2498 expugnatum
795 2459 835 2491 iri
863 2459 992 2492 divina-

293 2506 355 2539 vit.
399 2507 489 2539 Orta
504 2507 627 2539 deinde
645 2508 738 2549 gravi
751 2509 946 2550 pestilentia
958 2510 999 2541 in.

294 2557 417 2589 castris
462 2557 663 2589 Graecorum
708 2559 752 2590 ob
788 2558 991 2600 denegatam

294 2608 384 2648 patri
402 2606 612 2647 Cryseidem,
637 2607 724 2639 viam
747 2608 897 2641 ostendit
920 2619 989 2651 qua

294 2656 424 2698 placari
441 2660 556 2697 posset
570 2656 708 2697 Apollo.
762 2658 991 2692 Quamobrem

294 2705 386 2747 apud
411 2710 545 2737 eeteros
572 2707 689 2747 duces,
713 2708 885 2749 praecipue
911 2718 991 2740 vero

296 2755 385 2798 apud
399 2754 580 2798 Achillem,
591 2756 624 2787 in
646 2757 791 2790 maximo
808 2758 919 2800 pretio
934 2758 992 2790 ha-

1046 1312 1137 1344 bitus
1153 1311 1229 1354 fuit,
1245 1311 1331 1345 adeo
1346 1315 1386 1345 ut
1401 1311 1472 1354 ejus
1492 1310 1656 1354 praesidio
1671 1313 1744 1354 ple-

1046 1372 1188 1405 rumque
1211 1362 1468 1400 defenderetur,
1484 1363 1637 1409 ‘maxime
1661 1372 1743 1398 vero

1047 1422 1123 1445 cnm
1145 1412 1354 1445 reddendam
1377 1411 1579 1454 Cryseidem
1604 1420 1743 1453 persua—

1047 1462 1158 1494 deret.
1202 1462 1312 1504 Capta
1323 1461 1458 1495 demum
1474 1471 1514 1494 ae
1526 1471 1648 1494 eversa
1659 1461 1743 1494 'Pro-

1039 1513 1090 1555 ja,
1110 1513 1215 1545 tradit
1238 1511 1409 1544 Hesiodus
1425 1521 1501 1544 enm
1517 1511 1674 1544 terrestri
1685 1512 1746 1544 iti·

1045 1572 1128 1595 nere
1151 1562 1380 1604 Colophonem
1406 1562 1615 1603 pervenisse,
1638 1565 1743 1603 atque

1045 1613 1090 1644 ibi
1109 1612 1276 1645 invenisse
1300 1612 1458 1652 Mopsum
1484 1610 1743 1643 celeberrimum

1046 1667 1171 1703 vatem,
1199 1672 1240 1694 ac
1265 1662 1348 1694 artis
1365 1661 1497 1703 peritia
1519 1661 1743 1695 Calchantem

1044 1713 1088 1745 ab
1103 1722 1144 1745 eo
1159 1713 1284 1744 victum
1299 1721 1444 1746 moerore
1467 1715 1639 1744 mortuum
1655 1721 1743 1752 esse,

1045 1762 1136 1806 quod
1153 1762 1330 1804 proposita
1351 1761 1415 1794 sibi
1436 1770 1457 1793 a
1470 1762 1594 1809 Mopso
1609 1760 1742 1803 caprifi-

1046 1822 1101 1852 co,
1116 1817 1153 1844 nt
1168 1811 1275 1844 refert
1289 1810 1476 1852 Hesiodus,
1491 1811 1546 1843 vel
1560 1814 1599 1843 ut
1613 1811 1742 1843 Phere-

1045 1862 1147 1904 cydes
1162 1861 1302 1901 mavult,
1313 1870 1372 1893 sue
1385 1860 1542 1902 gravida,
1550 1859 1665 1893 dicere
1675 1869 1742 1893 non

1045 1912 1226 1954 potuisset,
1249 1915 1332 1952 quot
1360 1911 1396 1942 in
1425 1910 1483 1942 illa
1506 1910 1590 1942 ficus
1616 1914 1743 1951 essent,

1044 1967 1172 2004 quotve
1195 1962 1270 1993 haec
1296 1964 1394 1992 utero
1421 1960 1555 1992 suculas
1571 1963 1741 2001 gestaret:

1045 2011 1134 2053 quod
1151 2016 1263 2044 tamen
1278 2011 1421 2051 Mopsus
1446 2009 1519 2041 sine
1541 2010 1610 2042 ullo
1625 2019 1742 2043 errore

1044 2060 1223 2093 divinavit.
1269 2060 1324 2091 De
1347 2059 1533 2092 Calchante
1549 2058 1626 2091 vide
1641 2060 1743 2102 plura

1045 2110 1135 2151 apud
1152 2109 1339 2141 Homerum
1355 2108 1456 2141 Iliad.
1473 2118 1501 2141 1.

1084 2162 1148 2192 494
1173 2157 1378 2199 Protesilaus]
1410 2157 1620 2191 Protesilaus
1647 2159 1742 2202 Iphi·

1044 2209 1089 2242 cli
1105 2208 1206 2249 filius,
1233 2217 1318 2240 nnus
1345 2217 1364 2239 e
1389 2207 1573 2249 praecipuis
1599 2208 1742 2242 Graeco-

1046 2268 1132 2298 rum,
1141 2258 1211 2300 qui,
1219 2257 1402 2290 contemtis
1415 2257 1570 2289 omnibus
1582 2259 1741 2296 oraculis,

1044 2308 1166 2351 quibus
1181 2307 1245 2338 sibi
1262 2307 1369 2348 primo
1388 2306 1599 2348 pereundum
1616 2317 1694 2340 esse
1705 2308 1742 2340 in

1046 2358 1135 2389 bello
1148 2356 1307 2397 Trojano,
1331 2356 1360 2387 si
1382 2365 1423 2388 eo
1438 2356 1516 2397 iret,
1535 2357 1741 2398 proedicere-

1046 2412 1115 2447 tur,
1131 2410 1237 2438 tantae
1253 2405 1468 2446 expeditIoni
1483 2405 1604 2439 deesse
1619 2403 1742 2446 noluit,

1045 2467 1086 2489 ac
1103 2465 1171 2487 una
1197 2465 1271 2487 cum
1289 2455 1415 2486 ceteris
1437 2455 1580 2491 ducibus
1603 2466 1644 2489 eo
1663 2467 1741 2500 pro-

1045 2506 1157 2539 fectus
1172 2510 1248 2538 est:
1265 2514 1380 2537 verum
1396 2515 1471 2537 cum
1488 2506 1615 2547 primus
1631 2515 1650 2539 e
1663 2509 1742 2540 navi

1045 2558 1079 2589 in
1094 2561 1218 2588 terram
1234 2564 1389 2596 egressus
1404 2553 1535 2591 fuisset,
1549 2560 1586 2603 et
1597 2556 1633 2587 in
1648 2556 1739 2589 Hee-

1045 2611 1153 2639 torem
1181 2604 1369 2645 incidisset,
1394 2604 1521 2645 primus
1543 2605 1646 2636 etiarn
1669 2614 1740 2639 om-

1045 2657 1135 2689 nium
1163 2655 1363 2687 Graecorum
1386 2654 1429 2685 ab
1443 2653 1501 2685 illo
1517 2654 1648 2686 occisus
1661 2661 1715 2688 est
1729 2667 1740 2688 z

1044 2706 1134 2739 unde
1160 2704 1318 2747 sequenti
1333 2713 1432 2735 versu
1447 2703 1531 2735 dicit
1550 2704 1666 2746 poeta,
1681 2706 1691 2724 ‘
1703 2710 1739 2739 et

1044 2757 1160 2799 primae
1169 2755 1241 2797 jam
1257 2758 1338 2787 tune
1352 2753 1433 2786 data
1449 2753 1548 2796 copia
1563 2754 1707 2790 mortis?
