1846 3120
257 215 372 258 1:394
756 225 795 254 r.
828 223 1021 254 PArmn
1054 223 1222 255 svm-ru

299 321 439 354 fortuna
456 320 600 363 primum
619 318 680 350 tali
696 318 816 359 praelio
830 327 899 350 non
916 314 1125 351 assentiente
1142 329 1151 359 ;
1175 322 1211 350 et
1227 322 1373 361 ntcrqne
1389 311 1563 353 exercitus
1580 325 1718 354 certan-

302 375 393 406 tibus
407 383 443 406 se
459 381 634 414 opponere
652 372 792 413 cogitat.
825 372 902 406 Qua
918 373 1178 413 opportunitate
1194 376 1294 404 utens
1309 373 1426 405 Pietas
1442 384 1461 406 c
1473 374 1560 406 coelo
1572 374 1606 405 in
1623 384 1714 406 eam-

303 437 383 468 pum
399 425 596 464 descendit,
612 430 680 456 tam
697 426 926 457 execrandum
941 425 1074 457 facinus
1089 425 1308 466 impeditura.
1351 427 1450 459 Tunc
1467 426 1588 459 fratres
1603 427 1717 460 subito

301 480 440 512 horrore
457 477 749 520 perstringuntur,
765 481 802 509 et
826 478 900 509 Dea
916 478 1067 509 omnium
1094 478 1224 510 animos
1249 476 1420 519 flexisset,
1434 479 1498 511 nisi
1517 478 1716 521 Tisiphone,

305 531 498 574 perspectis
514 531 590 572 ejus
612 530 757 571 artibus,
784 539 858 562 eam
887 540 906 562 e
936 539 1057 572 campo
1082 529 1248 572 fugasset.
1295 531 1402 573 Cujus
1431 532 1583 565 discessu
1603 542 1715 566 versae

303 590 451 626 mentes,
464 583 587 616 fratres
610 583 798 616 acrioribus
814 583 969 615 odiorum
995 583 1141 616 stimulis
1167 584 1202 615 in
1224 594 1260 615 se
1284 584 1429 617 invicem
1453 585 1664 627 excitantur,
1679 589 1717 618 et

303 638 426 680 copiae,
442 648 518 680 quae
534 637 638 670 modo
665 642 767 670 motae
792 636 943 678 fuerant,
959 641 1029 669 tam
1053 636 1119 669 diri
1146 638 1339 679 spectaculi
1360 639 1572 680 voluptatem
1591 648 1716 681 capere

304 692 527 733 percupiunt.
573 691 734 723 Eteocles
749 690 879 732 primus
903 688 1033 723 hastam
1060 690 1094 723 in
1110 689 1252 723 fratrem
1272 691 1453 733 jaculatur.
1496 691 1598 724 Hanc
1612 692 1717 735 Poly-

300 746 397 777 nices
418 745 453 776 in
469 746 594 786 clypeo
610 744 758 786 recepit,
773 754 902 786 suaque
918 744 1054 785 emissa,
1069 754 1195 786 equum
1212 745 1363 776 Eteoclis
1379 745 1413 776 in
1429 746 1538 777 latere
1551 743 1718 786 perfodit.

301 799 415 841 Equus
440 799 468 830 it
492 807 661 839 praeceps,
679 802 715 829 et
734 807 893 839 campum
911 807 1033 830 eruore
1057 797 1178 830 inficit.
1223 798 1407 840 Polynices
1432 798 1577 830 credens
1599 797 1716 831 fratris

299 862 373 884 esse
398 852 610 892 sanguinem,
633 855 731 882 tanto
746 851 877 892 impetu
900 860 1023 893 equum
1042 852 1077 883 ἰιι
1106 861 1187 886 eum
1212 851 1372 893 impellit,
1387 856 1426 883 ut
1442 851 1580 894 utrique
1595 851 1631 885 in
1646 856 1716 884 ter-

303 915 373 937 ram
390 905 530 937 cadant.
574 904 728 936 Pedibus
745 909 910 936 renovant
924 905 1090 946 pralium.
1135 904 1321 945 Polynices
1336 904 1513 936 Eteoclem
1525 904 1560 936 in
1575 904 1716 946 inguine

299 959 452 990 letaliter
469 958 637 989 vulnerat.
684 958 859 994 Eteocles,
873 957 936 989 sibi
960 958 1048 989 vires
1065 957 1215 990 deficere
1239 958 1401 998 sentiens,
1426 962 1550 998 sponte
1577 957 1717 990 labitur·

301 1022 377 1043 cnm
396 1011 507 1043 adhuc
529 1015 622 1043 stare
646 1014 777 1051 posset,
790 1009 944 1041 fraudem
962 1010 995 1042 in
1011 1010 1125 1042 media
1142 1014 1252 1042 morte
1268 1010 1416 1043 molitus.
1463 1011 1560 1043 Alter
1573 1009 1715 1043 fratrem

302 1065 451 1096 occisum
469 1069 575 1103 ratus,
590 1061 698 1095 tensis
715 1062 757 1094 ad
772 1063 894 1094 coelum
911 1063 1081 1104 manibus,
1101 1062 1240 1104 Superis
1265 1062 1391 1104 gratias
1408 1063 1500 1104 agiu
1521 1066 1558 1095 et
1573 1072 1649 1095 cum
1672 1062 1716 1095 ad

302 1116 512 1150 detrahenda
536 1116 637 1148 fratri
653 1116 771 1157 spolia,
787 1116 820 1147 in
847 1121 969 1158 pectus
991 1117 1066 1158 ejus
1083 1116 1279 1156 inclinatur,
1304 1116 1466 1148 Eteocles
1491 1121 1613 1150 tenues
1633 1117 1716 1148 vitae

305 1171 466 1212 reliquias
482 1170 562 1201 odio
578 1174 790 1206 sustentans,
811 1173 967 1201 erectum
990 1170 1079 1201 clam
1105 1176 1222 1201 ensem
1240 1169 1272 1200 in
1290 1178 1349 1200 cor
1374 1167 1491 1200 fratris
1514 1167 1636 1209 adigit,
1658 1169 1716 1210 qui

301 1225 447 1255 moriens
465 1224 642 1254 Eteoclen!
660 1222 743 1254 totis
768 1222 871 1254 armis
896 1223 1021 1255 obruit.
1067 1223 1226 1264 OEdipus,
1251 1227 1428 1262 comperto
1444 1222 1642 1269 certaminis
1657 1232 1718 1256 ex·

281 1277 366 1315 'itu‚
395 1275 475 1308 filiae
494 1276 611 1318 jubet,
637 1281 676 1308 ut
705 1286 742 1308 se
767 1276 803 1308 in
826 1276 951 1318 locum,
974 1277 1032 1309 ubi
1061 1275 1207 1308 filiorum
1234 1286 1378 1318 corpora
1397 1271 1575 1317 jacebant,
1598 1270 1718 1317 ducat,

302 1330 389 1361 Post
404 1330 528 1360 multos
547 1332 702 1370 questus,
727 1339 844 1361 ensem
873 1330 962 1361 clam
987 1329 1127 1371 quaerit,
1145 1339 1212 1372 quo
1237 1338 1273 1361 se
1302 1329 1464 1369 occidat;
1488 1328 1551 1362 sed
1573 1329 1718 1372 provida

282 1382 475 1423 'Antigone
499 1383 611 1414 omnia
638 1391 730 1413 arma
764 1386 949 1414 averterat.
993 1382 1154 1423 Jocasta,
1182 1392 1249 1414 non
1273 1387 1461 1424 expectato
1487 1391 1610 1423 pngnae
1636 1382 1717 1423 fine,

304 1439 450 1468 morte-m
481 1436 546 1467 sibi
572 1435 664 1467 ferro
686 1436 881 1468 consciscit.
927 1436 1104 1469 Fratribus
1126 1435 1333 1476 interfectis,
1357 1434 1468 1468 Creon
1500 1435 1598 1477 regni
1626 1435 1715 1478 poti-

303 1494 370 1521 tur.
414 1489 499 1529 Qui,
526 1489 635 1530 primo
657 1488 709 1520 sni
731 1489 932 1530 specimine,
968 1494 1063 1521 vetat
1091 1489 1228 1526 edictis,
1258 1498 1301 1521 ne
1328 1488 1450 1530 Argivi
1471 1487 1507 1520 in
1534 1487 1610 1521 acie
1635 1488 1717 1521 eaesi

303 1543 491 1584 sepulturae
504 1542 762 1574 mandarentur.
810 1542 856 1574 Et
873 1543 1030 1575 invectus
1047 1542 1081 1574 in
1103 1542 1279 1584 OEdipum‚
1296 1542 1352 1574 cui
1364 1541 1484 1574 obvius
1497 1540 1626 1587 suerat,
1639 1551 1717 1574 eum

302 1594 428 1628 finibus
442 1595 611 1627 Thebanis
628 1595 797 1627 excedere
808 1595 923 1637 jubet.
968 1596 1009 1628 Ei
1038 1594 1225 1636 respondet
1241 1594 1385 1637 OEdipus
1401 1592 1578 1627 ferocibus
1592 1594 1718 1634 verbis,

302 1658 343 1680 ae
369 1649 443 1690 ejus
467 1648 634 1680 saevitiam
661 1653 698 1680 et
733 1648 976 1681 crudelitatem
1001 1648 1219 1690 perstringit,
1250 1658 1291 1680 eo
1316 1649 1440 1689 animo,
1463 1654 1503 1680 nt
1526 1658 1546 1681 a
1568 1648 1717 1691 Cseoute

286 1700 573 1735 interficeretur.
618 1702 749 1733 Verum
773 1701 962 1743 Antigone,
980 1702 1136 1743 mitigato
1164 1702 1324 1740 Creonte,
1347 1700 1483 1734 obtinet
1505 1701 1656 1740 tandem,
1679 1706 1719 1733 nt

303 1761 405 1798 pater
428 1756 462 1787 in
490 1755 629 1787 exilium
652 1764 718 1786 non
742 1755 904 1796 pellatur.
946 1756 1102 1797 Imperat
1119 1755 1233 1796 *igitur
1257 1755 1384 1796 Creon,
1394 1752 1556 1796 OEdipum
1571 1764 1608 1786 se
1631 1755 1716 1787 reci-

303 1819 383 1852 pere
399 1809 433 1840 in
449 1815 601 1840 montem
619 1808 862 1840 Cithaeronem.
907 1808 1026 1851 Argivi
1043 1809 1172 1840 relictis
1188 1809 1311 1840 castris
1326 1808 1586 1850 ignominiosam
1600 1805 1715 1850 fugam

204 1878 206 1880 ·
244 1898 246 1902 ¹
303 1862 459 1908 capiunt.

261 2054 555 2122 POSTQUAM
576 2067 879 2123 magnanimus
893 2067 1031 2110 furias
1049 2067 1224 2110 virtutis
1243 2068 1412 2124 iniquae

261 2139 520 2182 Consumsit
540 2136 790 2191 CapaneuS,
811 2124 1119 2191 ex'piravitque
1140 2141 1368 2191 receptum

303 2227 474 2270 Postquam
492 2229 594 2269 fortis
612 2229 773 2270 Capaneus
786 2229 957 2261 consumsit
973 2227 1103 2268 furores
1115 2229 1220 2271 impiae
1234 2229 1375 2272 virtutis,
1395 2233 1427 2262 et
1452 2230 1568 2274 efflavit
1581 2221 1718 2263 animm

379 2290 392 2309 ο
869 2313 1111 2327 &cavom

299 2370 383 2404 Hoc
399 2372 564 2404 exhibent
588 2371 834 2414 Argumentum
854 2373 993 2405 Beltott.
1019 2375 1049 2405 1.
1070 2375 1103 2405 2.
1127 2380 1213 2404 unus
1239 2371 1461 2414 Barthianus,
1477 2372 1621 2407 Venett.
1635 2376 1668 2406 8.
1683 2375 1719 2407 4.

258 2414 359 2447 Rmn.
374 2415 603 2457 Lindenbrog.
619 2416 664 2447 Cr
668 2425 720 2446 uc.
735 2420 771 2446 et
786 2416 907 2448 Barth.

606 2458 691 2489 Tunc
710 2458 849 2499 Capanei
863 2457 1002 2489 ardentis
1018 2457 1141 2489 Danaos
1154 2428 1298 2491 incendia
1307 2460 1439 2491 terrm.

564 2500 678 2532 Castra
691 2504 800 2540 petunt
814 2500 933 2534 miseri.
976 2501 1124 2531 Eumenis
1137 2500 1170 2531 in
1186 2504 1319 2541 tempore
1334 2501 1407 2533 belli

565 2542 741 2584 Tisiphone,
754 2543 862 2582 gentis
873 2543 1007 2582 geminae
1021 2545 1186 2574 exaturata
1200 2552 1321 2582 cruore,

563 2585 730 2617 Germana
743 2585 896 2616 auxilinm
910 2585 1009 2626 poscit
1018 2595 1029 2616 .·
1042 2584 1224 2626 fratresque
1237 2589 1379 2618 nocentes

562 2627 708 2660 Diversis
720 2629 847 2667 agitant
861 2628 1008 2659 stimulis.
1052 2628 1136 2659 Tunc
1151 2628 1256 2659 omina
1268 2628 1339 2659 dira

563 2669 728 2701 Horrescit
747 2670 860 2711 Tyrius
875 2672 985 2702 ductor
996 2680 1008 2702 :
1028 2680 1100 2703 mox
1118 2670 1239 2711 Epytus
1253 2675 1362 2702 auctor
1390 2692 1393 2695 v

562 2711 730 2745 Armatam
739 2712 877 2751 fratrem
884 2713 1059 2754 pulsantem
1073 2714 1194 2754 cuspide·
1207 2717 1315 2753 portas

561 2754 716 2787 Nuntiat:
740 2755 791 2786 ille
805 2758 884 2787 celer
896 2757 1037 2794 gaudens
1051 2757 1134 2796 rapit
1148 2755 1262 2796 impius
1275 2764 1383 2788 arma:
1412 2779 1414 2782 -
