1846 3120
308 224 421 267 1462
803 236 843 266 P.
877 236 1020 267 ΡΑΡιΝ
1031 236 1067 266 11
1100 236 1265 268 s‘rArn

308 334 407 376 Nec
427 347 514 375 non
534 334 681 374 functa
699 331 861 372 ducum
875 332 1099 374 refovendi
1118 346 1305 387 corpora
1323 346 1474 377 curam

306 402 393 446 Iris
413 401 571 442 habet:
601 402 837 453 putresque
857 399 1028 441 arcanis
1047 399 1222 444 roribus
1243 405 1364 443 artus

307 467 643 520 Ambrosiaeque
663 466 777 520 rigat
797 468 964 518 succis,
984 471 1031 509 ut
1048 467 1221 521 longius
1241 469 1419 510 obstent
1736 515 1742 519 ,

308 537 644 590 Expectentque
664 545 809 587 rogos,
830 534 1027 577 flammas
1047 549 1160 577 neve
1182 540 1280 578 ante
1299 536 1525 578 fatiscant.
1670 536 1757 582 140

306 601 545 657 Squalidus
564 613 667 644 ecce
686 613 837 655 genas,
858 605 902 643 et
920 602 1057 644 hianti
1077 603 1253 645 vulnere
1272 604 1455 658 pallens,

306 669 489 711 Ornitus
508 667 602 724 (hic
623 668 749 710 socio
770 668 967 710 desertus
988 670 1046 711 ab
1068 670 1256 722 agmine,
1279 671 1425 712 tardat

306 737 450 790 Plaga
467 733 639 790 recens)
656 735 840 777 timidus
861 741 1031 778 secreta
1049 750 1130 791 per
1150 738 1252 779 avia
1272 738 1383 780 furto

305 804 463 846 Debile
481 803 626 857 carpit
645 804 742 853 iter,
761 802 1004 856 fractaeque
1023 803 1217 845 innititur
1236 805 1390 847 hastae.

304 871 441 925 Isque
461 871 536 912 ubi
553 872 671 910 mota
688 882 804 911 novo
825 870 999 923 stupuit
1018 870 1118 912 loca
1138 870 1236 912 sola
1256 873 1459 922 tumultu,
1565 898 1570 901 -
1624 911 1639 925 ,
1668 873 1755 915 145

304 935 670 990 Foemineumque
691 948 882 990 gregem,
902 949 1001 989 quae
1014 935 1110 993 jam
1131 950 1267 992 super
1285 939 1463 992 agmina
1482 938 1637 982 Lernae

302 1005 412 1046 Sola
434 1004 570 1054 videt,
591 1016 677 1044 non
696 1003 771 1044 ille
790 1004 909 1044 viam
931 1016 1176 1060 causasque
1197 1007 1394 1060 requirit,

265 1101 271 1107 .
301 1070 486 1125 Quippe
507 1075 677 1125 patent,
695 1074 856 1112 moesto
879 1070 958 1112 sed
981 1071 1047 1112 sic
1066 1073 1182 1125 prior
1203 1077 1393 1128 occupat
1412 1087 1512 1117 ore:

300 1137 407 1188 Quo
428 1139 615 1189 miserae,
638 1151 725 1192 quo
746 1138 869 1179 fertis
889 1138 1002 1179 iter'i
1033 1138 1218 1181 funusne
1238 1142 1440 1194 peremtis

300 1206 516 1259 Speratis,
537 1206 813 1264 cineremque
830 1204 964 1247 viris'i
994 1211 1084 1248 stat
1103 1208 1288 1261 pervigil
1307 1209 1399 1250 illic
1667 1210 1751 1252 150

301 1272 570 1314 Umbrarum
591 1276 757 1322 custos,
778 1272 1090 1327 inhumataque
1111 1287 1298 1328 corpora
1321 1276 1412 1329 regi
1512 1276 1514 1279 ’

297 1338 591 1382 Annumerat:
621 1352 839 1393 nusquam
858 1340 1079 1395 lacrymae,
1102 1343 1258 1395 procul
1277 1356 1418 1397 usque
1435 1342 1570 1396 fugati

295 1407 524 1449 Accessus
544 1407 793 1448 hominum:
825 1407 933 1450 solis
955 1408 1199 1462 avibusque
1219 1408 1410 1463 ferisque

298 1474 366 1516 Ire
386 1475 519 1516 licet:
548 1474 768 1516 vestrisne
784 1473 922 1516 Creon
943 1474 1067 1517 dabit
1086 1490 1241 1530 aequus
1258 1476 1463 1519 honorem

294 1599 444 1636 muneris,
466 1602 501 1630 ut
527 1602 686 1630 conservet
710 1608 818 1639 regum
843 1601 992 1632 cadavera
1004 1610 1015 1631 .·
1045 1601 1263 1641 perfunditque
1290 1604 1436 1642 corrupta
1458 1601 1594 1634 membra
1617 1601 1749 1642 mystico

292 1641 402 1677 imbre,
424 1645 454 1672 et
469 1642 638 1682 liquoribus
651 1641 836 1682 Ambrosiae‚
857 1644 894 1674 ut
906 1643 1028 1683 longius
1043 1645 1165 1682 durent,
1187 1648 1217 1675 et
1231 1645 1431 1685 opperiantur
1444 1655 1552 1685 pyrus,
1573 1653 1627 1675 nec
1638 1643 1747 1675 dunois

290 1688 406 1715 vantur
419 1687 492 1715 ante
506 1694 661 1724 supremos
677 1684 775 1723 ignes.
822 1686 901 1717 Ecce
917 1687 1049 1717 Ornitus
1071 1687 1185 1718 habens
1205 1687 1366 1727 squalidas
1384 1697 1495 1727 genas,
1511 1691 1542 1719 et
1555 1686 1689 1728 pallidae
1707 1686 1748 1716 ob

290 1727 388 1758 latam
401 1728 539 1768 plagam,
554 1726 620 1768 (hic
644 1727 810 1758 derelictus
815 1728 926 1767 fuerat
940 1739 960 1760 a
973 1730 1118 1759 comitum
1133 1733 1271 1767 caterva,
1293 1733 1326 1761 et
1339 1731 1460 1767 tulnae,
1482 1731 1562 1771 quod
1574 1732 1746 1770 acceperat,

289 1770 380 1801 illum
395 1768 561 1810 moratum)
581 1769 712 1809 pavidus
734 1771 812 1801 clam
833 1771 977 1802 debiliter
1000 1771 1119 1802 incedit
1140 1781 1197 1812 per
1218 1776 1349 1804 semotos
1369 1773 1521 1809 tramites,
1543 1776 1583 1812 et.
1596 1771 1749 1804 innuitur

287 1815 398 1844 trunco
413 1812 524 1843 hastae.
569 1812 617 1851 Is,
631 1822 700 1843 cum
714 1813 846 1844 miratus
860 1817 906 1845 est
928 1815 1051 1845 deserta
1077 1815 1141 1845 loca
1163 1824 1326 1854 personare
1339 1825 1415 1847 novo
1435 1815 1580 1856 strepitu,
1601 1818 1631 1846 et
1646 1814 1748 1846 cernit

263 1878 266 1880 .
290 1855 469 1887 ”muliebrem
486 1854 621 1894 turbam,
641 1865 708 1894 quae
722 1858 797 1886 tunc
810 1856 875 1887 sola
888 1861 1047 1896 supererat
1062 1856 1184 1895 Lernae,
1206 1866 1266 1888 nou
1281 1857 1333 1888 ilie
1348 1858 1451 1889 tristis
1471 1859 1553 1898 petit
1566 1865 1675 1889 ouum
1688 1854 1745 1887 iti·

290 1898 390 1936 neris,
412 1897 523 1937 quippe
544 1898 573 1928 ei
597 1897 772 1937 manifestae
797 1901 881 1936 sunt,
904 1900 957 1930 sed
982 1898 1028 1929 sic
1048 1899 1135 1938 prior
1150 1908 1201 1930 eas
1214 1899 1405 1940 alloquitur:
1434 1901 1502 1936 Quo
1515 1898 1665 1939 infelices,
1685 1907 1744 1938 quo

286 1939 422 1971 tenditis
431 1942 445 1970 ἶ)
465 1939 639 1980 speratisne
650 1950 704 1971 vos
722 1950 810 1981 posse
819 1940 959 1981 proebere
972 1942 1161 1981 sepulturum
1184 1944 1214 1972 et
1239 1942 1386 1982 exequias
1398 1942 1476 1973 viris
1488 1942 1602 1974 vestris
1615 1940 1747 1973 wasia?

290 1981 366 2013 Stat
378 1982 445 2012 illic
459 1983 609 2013 insomnis
623 1985 723 2014 custos
737 1983 924 2018 umbrarum,
947 1983 1001 2024 qui
1023 1986 1184 2014 mamm-ata
1205 1988 1310 2015 senat
1329 1985 1400 2024 regi
1417 1985 1570 2025 insepulta
1582 1985 1744 2016 cauam.

288 2024 359 2055 Hic
365 2024 467 2066 fletus
477 2034 538 2055 mm
552 2025 736 2063 audiuntur,
749 2026 839 2065 longe
853 2026 893 2057 ab
907 2026 962 2057 hoc
972 2026 1036 2056 loco
1050 2026 1154 2057 aditus
1168 2026 1354 2058 interdictus
1366 2030 1414 2058 est
1428 2026 1612 2058 inmunibus.
1655 2025 1745 2058 Licet

286 2067 361 2099 solis
377 2067 562 2103 volucribus,
584 2067 729 2099 bestiisve
748 2069 902 2100 accedere.
946 2069 1096 2100 Justusne
1113 2069 1215 2100 Creon
1231 2069 1348 2102 tribuet
1361 2069 1442 2101 huuc
1462 2069 1607 2102 honorem
1630 2067 1744 2100 neuris

900 2152 1136 2169 oeooeoaeae-enee

288 2215 412 2248 petav.
429 2217 532 2257 Lang.
556 2216 655 2248 Laur.
681 2218 812 2250 Buslid.
841 2218 990 2259 Lipsian.
1005 2219 1145 2250 venen.
1163 2221 1193 2250 3.
1214 2221 1247 2250 4.
1264 2222 1301 2250 et
1325 2219 1577 2250 reccath—1³⁷
1601 2217 1742 2250 Behon.

289 2262 317 2290 l.
335 2262 367 2291 2.
382 2261 493 2291 ducum
509 2260 762 2299 fovendi.—140
783 2262 793 2278 ‘
812 2261 937 2292 Melior
958 2271 1057 2292 sonus
1087 2263 1119 2293 in
1142 2261 1269 2301 optimo
1297 2261 1405 2292 libro:
1428 2270 1483 2291 nec
1498 2260 1647 2301 flammas
1669 2263 1744 2291 ante

276 2301 454 2340 fatiscant!
465 2303 584 2334 Barth.
591 2302 741 2344 flammas
755 2313 816 2334 non
830 2307 903 2335 ante
919 2305 1056 2335 Behott.
1071 2307 1099 2335 1.
1110 2307 1140 2335 2.
1156 2309 1192 2334 et
1207 2303 1306 2334 codd.
1325 2302 1561 2339 Lindenbrogii
1575 2312 1585 2340 ;
1609 2303 1741 2342 etflnm-

288 2354 355 2375 mas
378 2348 451 2376 ante
476 2346 664 2376 Prin-141
694 2347 782 2376 Dan.
810 2350 846 2377 et
871 2347 1011 2379 Beliott.
1029 2350 1058 2377 1.
1074 2350 1105 2378 2.
1131 2346 1219 2377 inani
1243 2346 1487 2376 vulnera—146
1512 2345 1598 2376 Exc.
1627 2344 1743 2383 Fabri,

288 2387 396 2426 Lang.
413 2388 512 2418 Lanr.
529 2387 657 2419 Buslid.
673 2389 821 2428 Lipsian.
838 2393 873 2419 et
881 2389 1020 2421 Venett.
1034 2391 1066 2421 3.
1078 2392 1110 2421 4.
1123 2387 1407 2428 quemjam.-—148
1427 2389 1437 2404 ‘
1454 2387 1534 2418 Duo
1549 2388 1621 2418 liaee
1637 2386 1742 2419 verba

291 2434 423 2461 tantum
447 2431 588 2470 (Quippe
599 2431 725 2471 patent)
740 2432 934 2472 parenthesi
962 2431 1178 2469 includenda,
1200 2431 1322 2461 cereris
1348 2430 1476 2460 relictis
1493 2429 1620 2461 liberis.
1654 2429 1740 2460 Hai-

286 2472 446 2504 lucinatae
464 2474 498 2504 in
514 2474 578 2504 liae
605 2482 640 2504 re
669 2478 749 2506 sunt
774 2474 853 2505 edd.
869 2475 974 2506 Bern.
998 2473 1224 2514 Lindenbrog.
1249 2472 1393 2504 Gevart.
1409 2471 1566 2504 Grasser.
1585 2471 1688 2504 Aldd.
1703 2476 1740 2503 et

947 2557 1089 2590 NOTAE

329 2623 392 2653 138
414 2621 494 2662 Iris]
516 2621 606 2652 Vide
622 2621 681 2654 lib.
701 2631 738 2654 x.
1084 2625 1145 2654 151
1189 2621 1375 2654 Umbrarum
1407 2621 1524 2662 custos]
1573 2619 1740 2653 Custodes
1762 2619 1764 2622 ’

330 2674 390 2703 145
420 2672 511 2703 Νουο
523 2671 672 2711 tumultu]
708 2672 870 2704 Muliebri
897 2672 986 2704 scili·
1041 2673 1129 2705 enim
1143 2676 1347 2713 apposuerat
1364 2671 1493 2711 Creon,
1513 2680 1557 2702 ne
1572 2670 1648 2712 quis
1663 2679 1738 2701 cor·

279 2727 356 2761 eet,
379 2722 435 2764 qui
459 2723 493 2753 in
518 2722 701 2754 solitudine
724 2732 790 2754 non
816 2724 912 2765 solet·
929 2733 987 2755 au-
1041 2732 1125 2764 pora
1142 2721 1344 2761 Argivorum
1360 2719 1547 2760 furaretur,
1569 2729 1611 2752 ac
1625 2721 1740 2761 sepul-

287 2771 366 2805 diri.
1040 2778 1126 2805 tnrae
1143 2771 1328 2803 mandaret.
