1858 3112
447 246 491 278 P.
525 246 718 278 PAPan
752 246 920 278 S'rm'u
954 246 1100 281 SYLV.
1131 248 1307 281 MB.11.
1340 238 1379 279 l·

1523 213 1643 288 '1669
1700 276 1705 287 ,

537 440 932 490 SYLVARUM
988 442 1133 492 LIB.
1193 444 1268 492 ΙΙ.

215 522 343 566 Colore]
376 523 420 561 Id
440 528 494 558 est
511 524 645 563 habitu,
667 524 878 558 conditione.

169 572 221 605 Ut
234 583 258 606 a
269 574 372 607 colore
387 575 435 608 rei
451 575 632 617 proeseutis
653 579 765 608 status
783 575 880 617 Judi-

169 627 282 657 estur.
326 624 556 659 Graecisrnum
582 635 658 657 esse
677 625 767 659 bene
781 630 879 659 notat

138 681 140 683 ’
168 673 387 709 caldarium.
431 675 488 709 Sic
498 677 610 718 χρῦμα
623 675 720 718 ‘lpum'
734 676 878 718 exponit

167 724 378 768 Hesychius.
420 726 521 759 Idem
552 727 644 760 valet
665 737 706 760 ac
730 727 759 761 si
773 728 783 746 ‘
797 737 875 771 spe—

169 774 260 810 eies'
275 776 431 810 dixisset.
453 777 574 811 Bar-tls.

209 826 376 873 Epimio]
414 828 608 871 Epicedion
629 838 766 862 carmen
783 829 874 872 quod

166 877 212 912 de
233 884 369 913 mortuo
402 881 562 914 canitur:
589 882 682 920 κῆδος
704 882 874 914 tumulum

166 929 353 973 signifieat.
396 927 526 965 Nescio
542 932 617 975 quis
631 932 818 973 Tor-telius,
834 936 874 965 ut

165 979 202 1012 in
222 980 339 1013 multis
361 980 453 1022 aliis,
476 981 600 1023 iu,l1ac
615 991 750 1025 quoque
767 982 873 1014 inter·

166 1031 364 1073 pretatione
405 1032 619 1066 insanissime
655 1033 771 1075 lapsus
808 1037 872 1065 est.

204 1132 350 1166 Laturus
375 1136 550 1180 acceptum]
587 1133 717 1167 Refero
747 1144 873 1177 accep·

165 1186 238 1216 tum
256 1183 333 1226 tibi,
343 1185 434 1227 quod
450 1186 535 1219 licet
545 1185 589 1218 ab
604 1186 715 1218 altero
730 1195 874 1228 accepe-

165 1234 242 1275 rim,
267 1239 382 1268 tamen
413 1235 476 1268 abs
502 1240 539 1269 te
565 1235 760 1278 profectum
783 1236 874 1268 arbi-

164 1289 251 1318 tror·
295 1285 454 1328 Putabit,
481 1287 605 1330 inquit,
632 1286 725 1319 visus
752 1297 790 1319 se
814 1287 874 1323 abs

163 1340 201 1368 te
215 1336 393 1379 accepisse
407 1337 473 1370 hoc
495 1338 586 1380 quod
603 1338 647 1370 ad
663 1348 742 1370 eum
765 1338 873 1381 scrip·-

161 1387 279 1429 serim,
299 1397 377 1420 cum
390 1387 523 1421 videbit
537 1389 806 1421 consolationem
823 1389 872 1421 in-

163 1443 291 1471 sertam
306 1438 395 1471 libro
411 1439 455 1472 ad
472 1443 507 1471 te
521 1439 636 1472 misso.
660 1440 760 1472 Idem.

208 1489 384 1522 Carissimo
418 1490 569 1532 uxorum]
602 1490 752 1522 Omnino
789 1490 872 1523 scri-

162 1539 311 1572 bendum
333 1539 522 1581 clarissima,
549 1540 584 1572 id
606 1545 661 1573 est
675 1541 872 1583 exemplum

163 1591 332 1635 conjugis,
355 1590 462 1625 etiam
484 1590 689 1624 defunctum
709 1591 871 1624 maritum

161 1641 340 1683 diligentis
365 1646 403 1674 et
424 1641 632 1674 honorantis.
677 1643 735 1674 De
761 1642 870 1675 Pollae

160 1693 227 1729 hoc
258 1691 416 1726 defuncti
440 1691 573 1725 Lucani
594 1693 690 1725 cultu
716 1693 871 1726 Martial.

160 1743 220 1777 lib.
234 1753 299 1777 vu.
318 1744 440 1787 Epigr.
453 1746 507 1776 22.
523 1743 677 1785 Vulgata
689 1743 746 1776 hic
762 1744 871 1786 scrip.

161 1799 243 1828 tura
257 1793 454 1827 futilissima
477 1798 543 1835 est,
566 1797 602 1826 et
627 1797 741 1826 tamen
763 1794 870 1826 omni-

159 1847 225 1881 bus
239 1846 449 1880 editionibus
466 1844 542 1878 fere
556 1850 712 1887 recepta.
759 1845 870 1878 Recte

158 1897 362 1935 Grasserus.
381 1897 442 1940 qui
469 1897 504 1929 in
528 1896 771 1938 Argentineusi
786 1895 870 1928 Edi-

138 1950 255 1988 ,tione
276 1950 456 1984 clarissima
481 1949 674 1991 rescripsit,
700 1953 760 1982 aut
784 1949 869 1982 alias

158 2001 211 2035 sic
235 2002 405 2035 babentes
429 2005 483 2034 est
508 2005 657 2032 secutus.
701 2000 748 2032 Et
770 1999 820 2032 ita
834 1999 869 2032 in

158 2062 220 2087 suo
234 2050 366 2087 Vetere
391 2051 479 2085 libro
501 2050 606 2085 fuisse
627 2054 726 2085 notat
742 2051 867 2084 Linde-

158 2105 311 2148 brogius.
335 2104 457 2138 Barth.

187 2157 312 2190 cun.
319 2164 345 2188 1.
355 2155 507 2188 Glauciae
514 2153 641 2195 Atedii]
650 2153 760 2187 Rhod.
771 2154 870 2187 Glau-

153 2207 348 2242 &Atedii
356 2205 685 2239 Melior-icamiam.
705 2204 783 2236 Una
792 2204 870 2236 lite·

157 2268 198 2291 ra
213 2256 331 2290 differt
355 2256 485 2289 Salisb.
508 2255 673 2288 delicatus.
710 2255 868 2287 Primum

158 2306 311 2343 Ginoeias
337 2306 582 2341 terminatione
606 2305 744 2345 Graeca,
764 2315 868 2348 quam

155 2370 251 2404 sape
265 2359 379 2394 Latini
401 2368 475 2392 suae
490 2358 524 2391 in
541 2357 677 2390 Graecis
693 2357 868 2390 vocabulis

155 2409 361 2454 praeerunt,
371 2409 463 2443 idem
474 2409 534 2452 qui
543 2410 553 2427 ⁴
561 2408 725 2441 Glaucia’
743 2409 867 2441 Roma·

156 2463 222 2498 nis.
266 2462 410 2495 Delicati
431 2465 545 2494 autem
561 2459 712 2502 deliciae,
727 2459 865 2498 παιδικὰ,

155 2512 257 2556 pueri
286 2512 322 2545 in
351 2511 538 2544 amoribus.
582 2512 726 2544 Sueten.
755 2511 864 2544 Tito:

153 2565 164 2583 ⁴
177 2561 354 2598 Quosdam
365 2571 385 2594 e
395 2560 595 2603 gratissimis
612 2560 866 2594 delicatorum!

154 2613 336 2657 spartiano
351 2611 549 2647 Hadrianus
560 2611 688 2644 dicitur
704 2615 713 2630 ⁸
724 2621 865 2645 curasse

154 2665 336 2699 delicatos.
349 2662 360 2678 ’
418 2662 526 2704 Lapis
572 2662 735 2706 antiquus
762 2674 772 2695 ς
820 2672 865 2696 m·

155 2723 321 2751 macla.
368 2722 425 2748 ιτ.
452 2721 642 2747 carnum.
674 2722 864 2748 nements

155 2775 215 2799 ιτ.
238 2773 420 2800 remum.
458 2773 608 2798 cenum.
645 2773 779 2799 Attico.
802 2774 865 2799 ca·

153 2824 316 2856 nusi-o.
358 2815 505 2855 sueton·
514 2815 748 2862 Vespasiano:
762 2815 773 2834 ‘
786 2815 864 2852 Fla-

933 525 1023 558 viam
1061 526 1278 559 Domitillam
1320 525 1452 558 Statilii
1490 524 1642 567 Capella

932 577 1058 620 equitis
1074 577 1223 610 Romani
1251 577 1469 609 Sabratensis
1493 586 1535 608 ex
1549 575 1644 609 Afri-

932 636 975 658 ca
990 627 1173 660 delicatum
1189 627 1297 660 olim!
1341 628 1412 660 Ubi
1428 628 1550 660 melius
1566 631 1644 660 erat

929 687 1080 711 summos
1098 679 1188 710 viros
1203 688 1272 710 non
1290 678 1452 721 ineptire.
1477 679 1620 711 Gronov.

973 731 994 761 7
1016 729 1182 762 Avertere
1196 729 1285 772 aare]
1310 730 1360 763 Ut
1374 730 1555 772 Penelope
1569 729 1643 762 Ho-

930 779 1060 812 merica
1086 778 1215 821 Odyss.
1239 784 1275 812 B.
1320 780 1501 812 Phemium
1526 780 1644 822 lyrici-

931 840 1009 863 nem
1039 831 1246 872 tempestiva
1279 836 1461 864 canentem
1489 828 1639 874 fastidit,

929 886 1034 924 atque
1051 881 1160 914 iuvita
1174 880 1268 923 φρεσὶ
1291 879 1422 914 σύνθετο
1445 881 1554 914 θέσπιν
1578 882 1641 914 ἄοι-

929 930 996 973 δὴν,
1011 930 1055 964 ab
1081 940 1190 974 eoque
1215 931 1352 973 flagitat
1368 936 1406 964 ut
1419 942 1499 964 orsa
1514 942 1642 965 canere

928 981 1077 1022 desinat,
1091 980 1212 1021 ταύτης
1221 981 1373 1015 ἀποπαύε’
1389 982 1492 1022 ἀοιδῆς
1505 984 1641 1025 Λυγρῆς.

925 1033 1092 1076 Tragicus
1117 1033 1279 1066 Senarius
1304 1033 1391 1066 abiit
1413 1034 1448 1067 in
1471 1033 1584 1075 Adag.
1605 1033 1642 1066 οὐ

925 1083 1033 1122 νάβλα
1047 1085 1245 1126 κωκυτοῖσιν,
1269 1083 1306 1116 οὐ
1323 1083 1405 1126 λύρα
1416 1082 1536 1126 πρέπει.
1566 1085 1641 1116 Tes-

927 1138 1005 1170 tudo
1032 1137 1149 1170 luctum
1177 1146 1241 1170 mm
1270 1138 1372 1179 decet,
1400 1147 1456 1170 nec
1485 1136 1640 1170 barbitus.

927 1188 1069 1220 Morell.

971 1241 992 1270 8
1018 1237 1144 1280 Tigris]
1168 1237 1281 1279 Tigris
1297 1238 1382 1271 etin
1394 1238 1571 1280 Hyrcania
1584 1244 1642 1271 est

927 1287 1029 1322 foetus
1056 1288 1303 1330 amantissima,
1330 1293 1370 1321 ut
1389 1288 1501 1322 beluae
1517 1287 1640 1321 feritas

927 1339 1077 1372 maxime
1092 1343 1262 1381 appareat
1276 1348 1355 1371 cum
1371 1338 1520 1381 eripitur
1534 1349 1543 1372 ε
1560 1349 1640 1372 nam

926 1389 984 1422 ubi
1005 1399 1150 1422 vacuum
1174 1388 1309 1431 reperit
1332 1389 1457 1431 cubile,
1483 1399 1641 1432 praeceps

925 1440 1032 1473 odore
1050 1441 1199 1482 vestigat
1214 1443 1388 1482 raptorem
1402 1451 1411 1472 ε
1436 1440 1495 1473 ille
1512 1450 1639 1482 appro-

927 1492 1117 1535 pinquante
1145 1491 1288 1524 fremitu
1318 1501 1423 1525 unum
1449 1491 1569 1534 abjicit
1594 1502 1639 1526 ex

926 1544 1065 1584 catulis,
1082 1543 1140 1586 qui
1157 1543 1294 1585 plurimi
1310 1549 1399 1577 suut.
1443 1544 1558 1586 Tigris
1575 1545 1639 1578 tol-

926 1594 980 1633 lit,
996 1593 1174 1638 refertque
1197 1595 1232 1627 in
1256 1594 1393 1628 cubile:
1422 1604 1503 1627 mox
1521 1601 1638 1638 rapto-

925 1654 997 1677 rem
1025 1644 1263 1687 consequitur.
1308 1643 1410 1677 Alter
1425 1646 1561 1678 catulus
1578 1645 1638 1678 ab·

920 1695 1064 1738 jicitur:
1089 1699 1194 1738 atque
1209 1695 1261 1728 ita
1274 1694 1315 1728 fit
1331 1695 1443 1729 donec
1458 1705 1499 1728 ea
1515 1695 1638 1730 fraude

926 1745 1105 1778 retardata
1129 1750 1252 1787 raptor
1276 1746 1389 1779 navim
1411 1747 1637 1780 conscendit:

924 1798 1063 1831 feritate
1089 1798 1201 1831 beluae
1229 1797 1358 1831 frustra
1381 1799 1416 1831 in
1436 1799 1557 1831 littore
1573 1808 1638 1832 sae-

924 1847 1054 1881 viente.
1101 1848 1211 1889 (tigris
1226 1848 1269 1880 de
1282 1847 1424 1882 foemina
1438 1849 1614 1892 intelligas
1627 1860 1640 1890 ς

924 1908 1003 1931 nam
1019 1898 1172 1931 maribus
1187 1908 1255 1932 uon
1278 1904 1332 1932 est
1357 1909 1442 1933 cura
1465 1898 1585 1943 foetus,
1598 1905 1639 1938 ut

923 1950 1046 1982 scribit
1060 1950 1208 1983 Plinius.
1229 1950 1404 1983 Domitius.

967 2004 1008 2034 10
1034 2001 1104 2034 Nec
1116 2001 1146 2033 si
1160 2000 1369 2042 tergeminum
1384 2001 1497 2034 Sicula
1516 2003 1556 2035 de
1569 2002 1635 2034 vir-

917 2051 1010 2093 gine]
1034 2051 1197 2094 Respicit
1212 2051 1377 2093 fabulam,
1400 2062 1469 2094 qua
1484 2053 1638 2094 Sirenes,

921 2111 1000 2144 quae
1016 2102 1216 2144 tergeminae
1231 2112 1368 2135 sorores
1378 2102 1534 2140 erant‚in
1549 2104 1636 2136 mari

922 2152 1041 2184 Siculo
1056 2153 1230 2186 habitasse
1242 2153 1425 2195 finguntur.
1471 2154 1541 2186 Adi
1556 2154 1635 2187 Ste-

922 2204 1074 2246 phanum
1090 2209 1126 2237 et
1141 2205 1299 2237 Servium
1316 2204 1360 2237 ad
1375 2204 1462 2237 illud
1475 2205 1633 2247 Virgilii:

923 2255 1095 2298 ‘Jamque
1110 2254 1198 2288 adeo
1218 2255 1379 2296 scopulos
1401 2255 1559 2287 Sirenum
1575 2255 1634 2288 ad-

924 2310 1026 2338 vecta
1040 2304 1206 2338 subibat!
1226 2305 1382 2338 Bernare.

967 2359 1008 2389 13
1031 2356 1078 2389 Et
1092 2358 1216 2389 admoto
1228 2357 1333 2399 tactu]
1369 2357 1454 2389 Cum
1472 2356 1633 2391 admove-

922 2411 979 2440 tur
1004 2408 1192 2440 remedium
1215 2407 1497 2441 consolatorium.
1520 2407 1632 2441 Domi-

920 2459 998 2492 tius.
1044 2458 1199 2500 Latrant]
1222 2458 1448 2500 Singultiunt.
1476 2458 1568 2491 Mire
1593 2470 1633 2492 u-

920 2514 1042 2543 tuntur
1069 2510 1134 2543 hoc
1161 2508 1269 2542 verbo
1303 2509 1428 2551 optimi
1456 2509 1632 2544 authores.

921 2562 1042 2595 Barth.

962 2616 1003 2646 21
1037 2612 1146 2646 Soevos
1181 2612 1324 2645 damnati
1357 2613 1463 2645 thuris
1488 2612 1631 2654 acervos]

919 2665 976 2698 De
997 2665 1063 2698 hoc
1080 2665 1165 2709 ritu,
1179 2672 1247 2706 quo
1269 2673 1393 2696 acerra
1409 2663 1518 2697 thuris
1536 2664 1629 2697 suffi-

919 2720 976 2748 tus
992 2715 1099 2748 fiebat
1121 2714 1279 2756 mortuis,
1307 2714 1381 2748 Cic.
1408 2724 1450 2748 11.
1474 2715 1518 2748 de
1541 2715 1630 2756 Leg.

920 2763 1111 2799 Herodian.
1129 2764 1190 2798 lib.
1203 2773 1256 2798 ιν.
1269 2769 1308 2799 ut
1320 2766 1330 2785 ‘
1343 2764 1560 2798 damnatum'
1583 2766 1630 2797 sit

919 2815 1085 2854 devotum
1098 2815 1273 2852 Manibus.
1317 2816 1389 2851 Hic
1401 2815 1439 2853 τὸ
1453 2817 1463 2835 ‘
1478 2825 1607 2849 saevum
1616 2838 1628 2857 ,
