1846 3120
277 241 390 284 1650

277 346 509 379 Grammatici.
556 345 722 377 Domitius
737 345 801 377 hoc
818 346 891 377 loco
911 354 969 376 ex-

275 396 404 428 istimat
436 405 509 427 esse
543 394 687 427 aedificia
722 395 828 427 tribus
857 395 969 437 pinnis

275 446 461 487 surgentia.
505 444 554 477 At
566 444 691 477 Caelius
707 445 887 486 Rhodigin.
908 445 968 477 lib.

274 504 384 528 xvnl.
400 497 458 528 lib.
472 499 503 528 2.
527 496 537 514 ⁸
549 496 748 528 Trichorum
761 494 771 508 ⁹
790 496 933 528 deducit
949 506 969 528 a.

272 545 514 578 distributione
546 545 686 586 triplici,
714 544 967 593 xvaZew-enim

270 596 430 637 disparare
446 600 481 627 et
492 596 687 636 distinguere
698 595 877 638 signifieat.
897 595 967 628 Alii

270 646 399 678 rectius
422 645 482 678 ἀπὸ
490 648 580 688 τριῶν
590 649 708 688 χωρῶν,
722 657 741 679 a
756 647 856 679 tribus
868 657 967 679 came-

268 697 315 728 ris
343 701 440 729 terno
471 697 587 729 ordine
614 697 795 729 distinctis.
840 697 966 739 Papias

267 748 302 779 in
319 748 518 781 Glossario:
541 749 735 788 ‘Trichora,
764 752 833 780 tres
855 758 967 781 came·

269 807 330 838 rae,
365 799 435 830 sive
464 797 626 840 apsides!
668 798 832 831 Occurrit
863 799 965 831 etiam

266 849 341 881 haec
357 860 422 881 vox
438 850 528 891 apud
544 850 759 890 spartianum
774 850 805 880 in
820 850 965 882 Pescen-

265 899 357 937 nino,
381 900 436 931 ubi
461 899 507 931 sic
528 900 655 940 legitur
673 911 680 931 ε
713 901 723 918 ‘
739 901 869 931 Domus
891 900 963 941 ejus

263 949 366 981 hodie
384 950 503 981 visitur
518 950 551 980 in
569 959 688 991 campo
701 950 798 983 Jovis
814 959 888 991 quae
903 959 962 991 ap-

264 999 412 1039 pellatur
428 999 674 1038 Pescenniana,
695 999 729 1030 in
746 1008 811 1040 qua
827 999 962 1030 simula·

263 1052 357 1079 crum
390 1049 464 1089 ejus
496 1048 531 1079 in
570 1048 719 1080 trichoro
757 1046 961 1080 constituit-¹

263 1096 352 1128 Vide
375 1097 423 1129 ibi
449 1097 600 1130 Doctiss.
626 1097 872 1130 Casaubonum.
898 1098 961 1129 Ge-

260 1147 392 1179 uanius.

302 1198 345 1227 59
370 1197 458 1232 Quid
481 1196 526 1238 te]
550 1161 715 1229 Arborem
742 1196 856 1229 iaudat
881 1207 958 1239 quae

260 1253 322 1286 per
338 1250 454 1285 postes
475 1251 511 1278 et
537 1251 631 1278 tecta
654 1246 817 1287 surgebat
843 1247 876 1278 in
903 1247 958 1279 αέ-

259 1304 351 1327 rem:
377 1295 462 1328 adeo
488 1301 525 1328 ut
553 1297 662 1328 nullus
689 1297 842 1328 dominns
865 1297 957 1329 villae

259 1352 333 1376 esse
365 1346 530 1386 potuerit,
554 1347 612 1388 qui
641 1347 806 1378 noluisset
830 1346 958 1378 succidi

257 1399 334 1424 cum
359 1399 448 1426 esset
473 1395 727 1435 impedimento.
770 1395 839 1427 Sed
860 1400 958 1428 tanta

256 1450 332 1477 erat
348 1446 492 1486 Vopisci
505 1447 708 1488 benignitas,
726 1453 763 1479 ut
777 1458 844 1479 non
857 1447 956 1480 modo

256 1495 361 1527 vellet
375 1505 450 1527 eam
467 1497 567 1537 caedi,
582 1497 640 1529 sed
657 1498 760 1529 etiam
777 1502 957 1538 pateretur

254 1544 427 1577 revirere:
452 1547 504 1577 vel
531 1556 595 1588 ope
619 1548 772 1588 nymphae
788 1546 880 1578 fluvii
898 1548 954 1590 qui

252 1594 487 1627 allabebatur:
515 1596 568 1627 vel
590 1596 725 1627 numine
745 1596 954 1637 Hamadrya-

255 1643 319 1685 dis,
331 1654 406 1686 quae
423 1646 568 1687 nympha
582 1649 633 1677 est
645 1647 794 1678 arborea.
816 1647 938 1680 Domit.

293 1697 333 1726 61
361 1696 429 1731 Quo
451 1706 511 1727 non
534 1696 602 1735 sub,
629 1697 703 1737 fison]
733 1697 852 1737 Recte,
883 1697 952 1733 Quo

250 1745 351 1777 modo
364 1746 534 1778 animetur
550 1747 829 1787 interrogatione.
866 1748 951 1781 Quis

250 1803 329 1834 non,
344 1794 466 1836 inquit,
482 1795 661 1835 Dominus,
677 1806 740 1828 eeu
757 1796 948 1828 obstantem

248 1844 493 1883 luculentitati,
530 1848 568 1876 ut
600 1845 758 1877 Caecilius
787 1846 949 1888 loquitur,

248 1894 414 1934 praetorii,
430 1895 617 1935 tejuberet
635 1896 770 1927 excidi?
804 1897 876 1928 Dat
897 1897 947 1927 in-

249 1943 470 1984 telligendum
481 1945 620 1985 Vopisci
632 1955 704 1976 eam
720 1946 899 1985 pietatem,
910 1951 947 1978 nt

246 1991 402 2024 arborem
419 1998 544 2026 servet.
583 1995 945 2035 Quaesequuntui·,ve·

245 2040 423 2074 hementer
446 2042 526 2073 mihi
547 2042 740 2083 displicent.
783 2043 872 2075 Illud
895 2045 945 2083 ig-

243 2100 318 2123 naro
329 2095 364 2123 et
376 2092 619 2133 compositione
631 2093 811 2125 verborum
823 2094 944 2135 disiec-

244 2145 315 2173 tnm
343 2145 378 2174 et
405 2152 506 2174 sensu
532 2142 635 2174 hebes
660 2147 725 2175 est.
770 2143 945 2175 Praeterea

243 2191 324 2233 quid
349 2202 433 2233 opus
462 2193 605 2225 ominari
626 2194 766 2225 exitium
792 2194 944 2226 arboris?

244 2241 323 2273 Non
352 2241 520 2274 satisfacio
548 2243 640 2275 mihi.
691 2244 944 2285 conjiciebam:

241 2290 290 2323 At
307 2301 388 2323 nunc
403 2292 532 2323 intactoe
538 2292 652 2331 forsan
663 2294 711 2324 vel
727 2293 846 2325 lubrica
859 2294 942 2325 Nais

247 2340 303 2372 Vel
321 2351 382 2373 non
405 2341 551 2383 abruptos
564 2343 622 2374 tibi
638 2346 747 2382 comet,
761 2346 816 2385 ᾅτ.
860 2344 941 2376 Sive

241 2390 324 2422 Nais
340 2391 454 2432 aliqua
477 2392 549 2423 sive
575 2392 803 2434 Hamadryas,
827 2397 939 2425 tecum

241 2449 420 2472 commune
441 2441 548 2472 fatum
566 2442 700 2482 sortita,
714 2442 889 2483 vegetabit
904 2449 941 2475 et

240 2488 377 2520 ornabit
392 2490 493 2521 etiam
509 2490 640 2521 senium
657 2495 765 2530 tuum,
778 2500 938 2523 canescas

239 2538 340 2569 seclis
356 2538 612 2572 immortalibus.
637 2541 811 2572 Gronovius
825 2542 858 2573 in
874 2542 939 2573 01>-

239 2591 355 2620 eervat.
370 2589 424 2620 lib.
440 2599 464 2621 1.
479 2600 548 2630 cap.
565 2594 597 2622 5.

281 2642 323 2671 67
347 2640 485 2681 Martia]
513 2642 565 2672 Ex
588 2650 707 2674 novem
733 2652 828 2683 aquae¹
854 2643 937 2676 duc-

239 2689 344 2730 tibus,
360 2700 500 2731 quarum
516 2691 588 2723 haec
601 2693 736 2723 nomina
750 2697 847 2724 sunt:
864 2693 936 2735 Ap-

238 2739 307 2779 pia,
323 2739 410 2771 Anio
434 2746 545 2780 vetus,
560 2741 701 2780 Martia,
716 2742 860 2783 Tepula,
874 2743 936 2776 Ju-

237 2787 296 2829 δὴ,
324 2788 444 2831 Virgo,
469 2788 637 2831 Augusta,
663 2791 817 2833 Claudia,
847 2791 934 2825 Anio

737 250 877 282 No'rAE
912 249 1174 283 vARloRUM
1211 253 1260 284 ΙΝ

1021 355 1139 386 novus,
1176 353 1226 386 ut,
1264 344 1448 378 Frontinus
1490 347 1617 376 otietur*
1649 347 1727 381 aar

1019 397 1148 428 Martia
1184 396 1350 439 quondam
1385 394 1498 428 Anfea
1524 392 1720 437 dicebat-'n'

1019 446 1108 488 quod
1124 447 1245 491 scribit
1258 447 1403 478 Plinius.
1415 445 1539 478 Domie.
1576 442 1720 490 Mai-ua}

1018 496 1142 529 Sensus
1157 507 1166 527 ε
1190 497 1282 531 Quid
1302 497 1412 529 dicam
1428 496 1471 528 de
1489 500 1524 528 te
1539 505 1559 527 ο
1573 495 1712 538 Martia,

1020 556 1095 588 quae
1111 546 1335 578 subterraneo
1351 550 1478 586 meatu,
1493 545 1719 588 demersaque?

1018 596 1079 628 sub
1095 595 1249 638 Anienis,
1264 606 1323 628 seu
1349 595 1469 628 Fucini
1491 595 1586 627 lacus
1605 594 1719 628 nl'tnmz

1016 646 1197 687 gurgitem,
1213 645 1414 678 transcurris
1432 644 1568 677 flumina
1589 645 1713 686 plumbo

1015 695 1063 736 (id
1080 701 1134 728 est
1149 696 1240 728 tubis
1260 700 1295 728 et
1311 696 1484 728 canalibus
1499 694 1623 738 quibus
1649 695 1714 728 dn-
1749 709 1753 715 ·

1015 744 1118 786 ceris)
1143 745 1264 786 audaci,
1287 745 1378 787 quod
1409 748 1520 777 tantos
1549 742 1715 788 aquarum

1016 794 1165 826 vortices
1182 795 1348 827 sustinet?
1380 794 1576 836 Enimvero,
1587 798 1627 827 nt
1638 794 1710 826 Pli-

1015 844 1088 875 nius
1103 849 1234 883 auctor,
1256 845 1383 877 Martia
1402 845 1437 877 in
1451 844 1580 877 ultimis
1593 840 1712 886 Pelig-

1013 903 1133 926 norum
1150 894 1321 927 montibus
1337 895 1461 935 oriens,
1475 893 1599 927 transit
1613 894 1716 927 Mun·

1013 953 1067 975 sos
1092 949 1127 976 et
1150 945 1315 976 Fucinum
1340 945 1476 977 lacum:
1499 951 1577 977 mox
1601 953 1713 986 specu

1013 1003 1136 1034 mersa,
1158 995 1192 1026 in
1219 994 1398 1027 Tiburtino
1421 1003 1503 1039 agro
1530 1003 1567 1027 se
1582 993 1711 1036 aperit,

1014 1048 1051 1075 et
1065 1053 1186 1076 novem
1212 1044 1360 1076 millibus
1386 1053 1544 1086 passuum
1569 1043 1710 1078 fornici-

1011 1093 1073 1126 bus
1098 1094 1248 1130 structis,
1269 1095 1439 1136 perducta
1462 1099 1516 1127 est
1537 1095 1573 1127 in
1587 1094 1708 1128 urbem

1009 1154 1074 1185 ope
1086 1143 1176 1177 Anci
1190 1145 1325 1186 Marcii,
1341 1145 1384 1179 Q·
1394 1144 1586 1186 Mareii‚'et
1595 1145 1707 1178 Marci

1009 1193 1186 1236 Agrippae.
1225 1195 1372 1227 Consule
1393 1199 1428 1227 et
1443 1195 1645 1228 Frontinum
1658 1195 1708 1228 de-

1008 1243 1292 1285 Aquaeductibus.
1314 1241 1533 1279 Bernartius.-

1049 1296 1092 1326 70
1130 1295 1268 1327 Auienus
1297 1295 1406 1336 fonte]
1439 1294 1625 1331 Contendit
1653 1296 1705 1328 vir

1007 1342 1130 1375 doctus
1154 1344 1334 1385 legendum
1355 1345 1595 1384 Anienisonte:
1617 1345 1704 1378 aliu·

1005 1394 1140 1435 reponit
1161 1394 1266 1426 Anien
1285 1398 1318 1426 et
1331 1395 1438 1433 sonte.
1479 1394 1702 1436 Quid-nuga-

1005 1444 1104 1475 mur?
1121 1448 1254 1476 veteres
1271 1445 1362 1486 ipsos
1373 1443 1493 1477 fluvios
1504 1444 1596 1477 inter
1608 1445 1703 1477 Deos

1005 1492 1147 1534 referre,
1161 1499 1198 1527 et
1213 1494 1314 1527 sicuti
1330 1504 1350 1526 a
1367 1494 1491 1527 Tibere
1510 1494 1702 1534 Tiberinus,

1003 1543 1052 1575 ita
1067 1543 1110 1575 ab
1126 1543 1270 1582 Aniene,
1286 1544 1450 1586 Anienus,
1476 1543 1624 1577 formare
1645 1554 1703 1576 nm

1003 1597 1076 1625 tum
1101 1599 1167 1626 est.
1212 1594 1282 1626 Adi
1295 1596 1483 1627 Varronem
1505 1594 1548 1628 de
1562 1595 1700 1636 Lingua

1005 1643 1136 1680 Latina,
1157 1643 1217 1675 lib.
1233 1653 1284 1677 tv,
1306 1644 1456 1677 Rerum.
1508 1664 1511 1667 -

1043 1695 1082 1724 71
1100 1694 1201 1725 Nocte
1212 1694 1267 1725 sub
1282 1704 1408 1733 arcana,
1422 1694 1489 1735 ⁸5⁶]
1503 1693 1594 1728 Quid
1605 1693 1700 1726 alind

1001 1741 1100 1774 Hom.
1116 1741 1211 1774 νύκτα
1224 1743 1262 1774 δι’
1276 1742 1432 1786 ὀρφναίην·
1454 1747 1493 1776 et
1511 1744 1554 1776 de'
1575 1742 1699 1775 lucifu-

999 1791 1051 1832 gis
1073 1792 1147 1824 Diis
1170 1793 1242 1825 istis
1258 1794 1332 1835 jam
1359 1794 1517 1834 diximus,
1545 1794 1602 1836 qni
1627 1803 1701 1825 nou

998 1841 1143 1874 eredunt
1159 1842 1278 1875 Poe—tae
1301 1853 1376 1884 suo,
1399 1843 1517 1884 ἀγαθὸν
1536 1842 1588 1875 καὶ
1608 1842 1698 1876 νυκτὶ

995 1889 1143 1923 πιθέσθαι.
1187 1891 1240 1924 Ac
1255 1893 1454 1926 Tiberinum
1471 1901 1608 1934 quoque
1630 1892 1696 1925 Du

996 1949 1074 1972 vum
1105 1943 1248 1974 ‘Tenuis
1277 1943 1396 1984 glauco
1414 1942 1549 1975 velabat
1565 1942 1694 1974 ainictu

995 1991 1176 2029 carbasus,
1199 1997 1235 2025 et
1258 1994 1368 2026 crines
1382 1993 1540 2026 umbrosa
1553 1992 1697 2035 tegebat

995 2041 1148 2074 arundo-⁷
1171 2043 1296 2075 Morell.

1036 2095 1079 2124 76
1101 2092 1183 2124 Haec
1196 2093 1303 2125 domus
1316 2094 1470 2134 AEgeriae‚
1483 2092 1555 2135 'qv-J
1568 2093 1630 2125 Est
1641 2092 1696 2124 vir

994 2141 1114 2174 doctus
1141 2143 1196 2185 qui
1218 2144 1329 2175 locum
1356 2144 1446 2176 hune
1470 2142 1630 2176 affectum
1656 2147 1694 2175 et

993 2191 1127 2224 ὕπουλον
1152 2193 1338 2234 existimat,
1359 2195 1528 2236 legitque:
1549 2194 1692 2235 AEgert'oe

990 2252 1113 2275 nemore
1120 2244 1232 2275 almam
1242 2243 1408 2284 abiungere
1419 2243 1566 2277 Phoeben.
1590 2243 1690 2276 Frus-

992 2297 1055 2325 tra.
1100 2293 1190 2326 Quis*
1218 2298 1271 2326 est
1297 2295 1354 2336 qui
1378 2294 1538 2334 Dianam,
1561 2303 1637 2335 quae
1653 2294 1691 2325 iu

991 2341 1132 2374 ArIcino
1162 2353 1302 2375 nemore
1327 2343 1514 2384 colebatur,
1547 2343 1687 2384 proprio

989 2392 1141 2433 epitheto
1170 2394 1180 2412 ‘
1197 2392 1436 2425 Nemoralem'
1466 2396 1502 2425 et
1535 2396 1545 2411 ‘
1559 2392 1691 2425 Nemea

987 2441 1143 2473 rensem’
1165 2441 1292 2474 dictam
1304 2442 1461 2483 ignoret?
1493 2441 1596 2474 ovid.
1606 2442 1688 2474 Art.

988 2499 1013 2522 ι.
1041 2491 1156 2523 ‘Ecce
1182 2491 1245 2523 sub
1271 2491 1411 2524 urbanae
1438 2491 1603 2533 templum
1626 2500 1689 2523 ne«

986 2541 1113 2572 morale
1130 2541 1279 2573 Dianae!
1307 2541 1448 2574 Sueton.
1472 2541 1580 2583 Calig.
1605 2544 1687 2582 cap}

986 2592 1040 2622 35.
1093 2591 1103 2608 ‘
1117 2591 1360 2623 Nemorensem
1397 2589 1532 2632 regem'
1571 2594 1686 2630 vocat,

985 2640 1042 2681 qui
1072 2639 1193 2671 Dianae
1222 2640 1370 2673 Ariciuae
1395 2640 1572 2678 sacriflciIs
1596 2649 1681 2682 prae·

985 2693 1072 2722 erat.
1097 2690 1226 2722 Get-art.

1026 2743 1069 2772 78
1093 2741 1246 2783 Taygeta]
1259 2742 1360 2773 Mons
1374 2744 1427 2773 est
1438 2739 1611 2780 Laconiae,
1623 2739 1686 2782 qui*

983 2791 1134 2823 imminet
1146 2791 1280 2833 Spartae
1295 2794 1331 2823 et
1344 2790 1510 2832 Amyclis,
1525 2799 1567 2822 ex
1583 2794 1684 2834 parto
