1846 3120
232 213 345 254 1176
719 224 758 254 P.
793 223 983 254 ΡΛΡιΝιι
1017 217 1183 256 ετᾼτιῖ

232 320 407 370 Sulcus,
428 323 472 360 et
491 318 642 360 incisis
664 319 797 361 altum
813 320 937 361 rubet
956 319 1099 375 orbita
1118 321 1338 363 membris.

234 387 338 428 Hos
349 387 444 441 jam
465 387 717 440 ignorantes
737 388 840 428 terit
860 387 1022 440 impius
1044 388 1158 438 axis,
1180 393 1227 429 at
1247 389 1313 429 illi

231 453 422 494 Vulnere
444 453 684 494 semineces
703 452 807 508 (nec
828 454 1023 496 devitare
1045 449 1259 510 facultas)

232 521 477 562 Venturum
497 533 626 574 super
644 533 722 562 ora
741 520 919 563 vident:
944 521 1038 575 Jam
1059 522 1229 564 lubrica
1248 524 1351 564 tabo

233 588 406 637 Fraena‚
426 579 504 628 nec
525 587 668 628 insisti
690 588 894 630 madidus
915 588 995 630 dat
1009 594 1145 640 temo,
1171 593 1369 644 rotaeque

231 654 448 708 Sanguine
471 653 688 703 difficiles,
708 659 754 695 et
772 654 937 696 tardior
958 656 1120 708 ungula
1139 655 1276 698 fossis

229 719 512 773 Visceribus:
543 724 647 763 tunc
667 722 764 775 ipse
782 721 926 764 furens
947 722 993 763 in
1013 729 1154 766 morte
1173 724 1329 766 relicta

231 788 429 841 Spicula,
451 793 498 830 et
516 801 540 829 e
559 788 717 830 mediis
737 793 940 831 extantes
961 790 1142 831 ossibus
1161 790 1312 832 hastas

229 854 399 896 Avellit
417 869 426 896 t
460 855 652 897 stridunt
674 855 848 906 animae,
869 869 1128 911 currumque
1150 861 1406 912 sequ-untur.

230 921 423 963 Tandem
446 936 494 963 se
512 922 680 964 famulo
702 935 921 964 summum
940 921 1168 966 confessus
1189 924 1369 980 Apollo,

237 989 368 1031 Utere
389 990 487 1031 luce
509 994 599 1040 tua,
620 990 903 1044 longamque,
926 991 1004 1042 ait,
1026 991 1156 1033 indue
1175 992 1364 1044 famam,

232 1056 349 1097 Dum
371 1057 453 1098 tibi
473 1069 543 1097 me
557 1057 761 1111 junctum
783 1070 899 1099 mors
919 1058 1161 1101 irrevocata
1179 1065 1369 1102 veretur.

228 1122 486 1166 Vincimur:
517 1124 705 1166 immites
723 1124 810 1166 scis
829 1125 950 1167 nulla
970 1126 1194 1169 revolvere
1213 1127 1382 1171 Parcas

1597 524 1693 584 ⁷6⁵2

1567 850 1569 853 Α
1595 859 1693 901 770.

226 1243 284 1274 per
298 1234 444 1277 membra,
459 1238 491 1267 et
504 1239 582 1267 νοέω
597 1236 706 1267 rubent
721 1236 806 1269 elisis
827 1237 979 1277 profunde
993 1237 1132 1269 artubus.
1178 1239 1341 1279 Improbus
1353 1248 1465 1271 currus
1473 1237 1544 1278 jum
1556 1240 1693 1279 procu&

227 1279 278 1307 cat
293 1277 347 1307 hos
360 1277 485 1316 inscios,
498 1282 533 1309 at
547 1278 596 1309 illi
608 1279 802 1310 semimortui
825 1281 918 1320 plaga
933 1280 1005 1321 (nec
1027 1280 1200 1321 effugiendi
1218 1280 1374 1323 facultas)
1394 1285 1524 1316 cernunt
1537 1291 1608 1313 enm
1621 1281 1679 1312 isn-

227 1319 398 1351 minentem
410 1320 476 1351 suis
497 1321 660 1362 capitibus.
703 1322 778 1352 Jam
802 1322 928 1353 habeuae
953 1332 1019 1363 proe
1039 1323 1125 1354 sanie
1150 1324 1251 1354 teneri
1271 1333 1331 1355 non
1346 1327 1502 1365 poterunt,
1522 1334 1577 1355 nec
1598 1326 1683 1356 em

226 1371 384 1401 respersus
397 1363 549 1403 sanguine
560 1364 676 1404 praebet
692 1365 790 1395 locum
805 1365 846 1395 ad
860 1366 1023 1399 sedendum
1036 1375 1047 1402 ‚·
1074 1369 1209 1406 rataque
1225 1375 1337 1405 graves
1349 1369 1421 1398 sunt
1435 1366 1474 1398 ob
1483 1375 1633 1403 eruorem
1647 1360 1694 1398 et*

227 1404 344 1444 ungula
358 1409 405 1437 est
420 1406 532 1437 lentior
542 1406 700 1438 excat-atis
713 1406 892 1438 visceribus.
941 1407 1024 1439 'I'unc
1038 1408 1104 1448 ipse
1116 1408 1242 1440 rabidus
1251 1409 1392 1441 extrahit
1405 1419 1421 1440 e
1435 1409 1549 1441 mediis
1561 1407 1690 1443 oecion

219 1446 337 1485 jacula,
347 1458 415 1487 quoe
429 1449 586 1480 restabant
602 1449 635 1480 in
647 1449 768 1488 occisis,
782 1459 819 1480 uc
829 1449 1038 1490 prominentes
1052 1450 1156 1482 hastas
1167 1462 1177 1482 .·
1196 1451 1308 1482 anima:
1322 1451 1486 1493 crepitant,
1497 1461 1535 1483 ac
1547 1459 1679 1492 “quun-

228 1492 282 1520 tur
295 1499 419 1522 currum
432 1491 507 1529 ejus.
556 1491 690 1523 Tandem
704 1491 814 1531 Apollo
837 1501 868 1523 se
883 1493 986 1524 Deum
1005 1493 1140 1533 prodens
1158 1493 1394 1526 ministrosuo:
1417 1494 1551 1532 Fruere,
1563 1492 1679 1534 inquit,

229 1534 284 1563 tua
299 1532 360 1571 die,
371 1537 403 1564 et
417 1534 541 1574 concipe
554 1534 846 1574 prolixamfumoffl
856 1535 931 1566 dum
948 1535 1152 1567 inexorabilis
1166 1545 1247 1567 mors
1263 1535 1447 1574 reformidat
1463 1546 1511 1568 me
1534 1535 1594 1568 ribi
1605 1543 1683 1576 pfo-¹

226 1574 385 1615 pinquum.
430 1575 633 1617 Superamur.
679 1577 877 1618 Compertum
897 1576 990 1609 habes
1010 1578 1149 1610 crudeles
1171 1578 1291 1610 Parcas
1314 1579 1401 1610 nulla
1421 1579 1563 1611 reuocare
1573 1586 1681 1620 pem.

838 1660 1076 1673 OONNOOO‘OO

230 1735 297 1757 uno
312 1725 399 1756 libro
415 1731 489 1757 est:
513 1736 568 1758 nec
588 1726 670 1757 enim
683 1726 805 1758 citare.-
827 1725 864 1757 in
880 1726 1011 1758 altero:
1034 1726 1165 1767 necjam
1178 1723 1288 1759 vitare.
1332 1719 1680 1769 Eligat'lectormil'iil

229 1768 318 1800 euim
332 1768 485 1800 interest.
530 1769 604 1800 Nos
620 1769 792 1810 vulgatam
821 1769 1000 1800 lectionem
1026 1769 1237 1802 retinemus!
1251 1769 1478 1802 Barim—‘roo
1498 1770 1596 1802 Unus
1611 1770 1680 1802 Be-

227 1812 300 1843 hot.
315 1812 394 1844 etin
408 1811 637 1844 medum—⁷⁷0
660 1811 701 1843 In
717 1811 838 1843 eodem
864 1811 982 1850 codice
997 1822 1005 1843 :
1029 1812 1167 1853 stridunt
1182 1812 1409 1845 animm—'1⁷1
1437 1812 1571 1845 Tandem
1583 1811 1683 1852 seseq

885 1897 1026 1930 NOTAE

270 1963 336 1992 766
359 1960 427 1992 Nee
452 1961 557 1992 insisti
580 1961 722 1993 madidus
749 1962 802 1993 dat
833 1961 928 2002 temo]
982 1961 1093 1995 ‘Ecce
1104 1962 1194 1993 inter
1207 1962 1353 1994 tumulos
1365 1965 1467 2004 atque
1475 1971 1556 1993 ossa
1563 1970 1679 1994 caren-

230 2011 319 2051 Ergo
327 2019 389 2051 per
399 2011 795 2043 temonemincedebant.
812 2011 928 2052 Epith.
983 2012 1030 2043 tia
1047 2012 1156 2044 bustis
1172 2012 1376 2044 Umbrarum
1391 2012 1500 2044 facies
1514 2011 1589 2043 diro
1602 2011 1680 2043 stri·

227 2061 346 2092 Stellae
360 2071 368 2091 ε
393 2061 402 2077 ‘
414 2060 538 2101 Jungit
554 2070 661 2101 amor,
673 2061 856 2102 laetamque
872 2070 927 2092 ve·
982 2060 1064 2093 dore
1074 2061 1243 2094 minatur?
1258 2061 1681 2094 NosterTheb.n.deTae-

228 2111 313 2142 heus
341 2120 402 2152 per
431 2110 547 2142 nubila
572 2115 715 2142 matrem
746 2111 928 2144 Gemmato

229 2165 367 2192 temone
390 2159 513 2192 sedet.’
555 2161 683 2202 lusisti]
715 2160 772 2193 Ob
796 2161 928 2202 copiam

228 2210 412 2251 sanguinis.

272 2263 336 2292 770
358 2260 504 2292 Stridunt
529 2260 651 2300 animae,
676 2270 859 2302 currumque
883 2272 929 2293 se-

229 2310 381 2352 quuntur]
402 2311 549 2343 Veteres
577 2310 766 2343 credebant
791 2321 928 2352 gemere

229 2365 265 2392 et
280 2360 446 2400 indignari
469 2361 611 2401 animas,
634 2361 722 2402 quod
745 2362 859 2394 invitae
884 2362 927 2393 de

227 2410 293 2442 hac
307 2410 384 2442 luce
401 2410 594 2450 discedant,
609 2411 762 2453 hancque
777 2411 929 2453 indigna-

229 2461 356 2493 tionem
372 2460 603 2503 gemitumque
622 2461 768 2494 stridore
784 2463 930 2504 quodam

230 2510 361 2549 testari,
397 2519 437 2541 ac
479 2510 681 2551 exprimere.
740 2511 928 2542 Homerus:

229 2559 321 2600 Ψυχὴ
335 2560 360 2591 δ’
377 2559 412 2591 ἐκ
425 2557 533 2600 ῥεθέων
543 2558 683 2599 πταμένη
699 2559 820 2592 ἅῖδόσδε
834 2560 930 2599 βεβή-

229 2609 358 2650 κει,“ον
371 2610 491 2649 πότμον
503 2611 767 2651 Ὑοόωσα,λιποῦσ“’
777 2610 930 2652 &opo-rina

228 2660 279 2692 nal
293 2660 383 2698 ἥβην.
408 2660 493 2692 Tum:
505 2660 609 2692 anima
619 2662 660 2692 ad
670 2671 774 2693 manes
786 2663 824 2693 de
836 2672 929 2694 mem-

230 2711 294 2742 bris
316 2714 425 2742 moesta
448 2710 577 2750 volavit,
591 2710 816 2752 Interitumque
837 2721 928 2743 suum

227 2762 350 2803 lugens,
361 2764 392 2792 et
406 2761 510 2803 robur,
522 2764 551 2793 et
560 2771 668 2794 annos.
713 2762 900 2795 Petronius
916 2773 925 2794 τ

983 2120 1065 2142 naro
1077 2122 1099 2143 :-
1117 2113 1126 2129 ⁴
1138 2111 1273 2143 Stridor-
1283 2111 1342 2151 ibi,
1355 2116 1392 2143 et
1407 2111 1552 2154 gemitus
1565 2121 1680 2152 poena-

981 2171 1066 2202 rum,
1075 2166 1218 2204 atroque
1229 2162 1374 2194 tumultu
1385 2162 1510 2194 Fervet
1519 2161 1623 2203 aget-,³
1634 2162 1682 2194 Et

981 2211 1088 2243 Theb·
1103 2221 1156 2243 rx.
1173 2212 1183 2230 ‘
1195 2211 1309 2250 Nuda,
1331 2216 1390 2243 aut
1411 2210 1536 2244 flebilis
1559 2211 1682 2244 umbra

980 2261 1149 2294 Stridebit
1177 2266 1306 2293 vestros
1328 2262 1464 2302 Tydeus
1489 2261 1681 2294 iulium-tna

981 2313 1023 2344 ad
1039 2312 1159 2355 ignes)
1202 2313 1282 2345 Non
1306 2312 1396 2344 enim
1417 2311 1537 2344 animm
1561 2321 1680 2344 vocem

985 2362 1178 2396 distinctam
1195 2361 1350 2404 proferre
1363 2366 1518 2403 possunt,
1532 2372 1609 2394 cum
1624 2372 1684 2396 οι·

985 2418 1083 2444 reant
1098 2421 1226 2453 organo
1241 2420 1426 2452 corpor-coe

1025 2465 1086 2494 771
1111 2460 1287 2501 Summum]
1298 2461 1376 2502 Ego
1387 2460 1501 2492 Deum
1514 2460 1680 2502 interpre-

985 2516 1075 2544 tatus
1106 2521 1178 2542 sum
1196 2522 1203 2542 :
1242 2510 1399 2552 ignorare
1429 2510 1517 2543 enim
1544 2516 1681 2552 poterat

985 2562 1209 2603 Amphiaraus
1224 2561 1420 2603 Apollinem
1441 2561 1474 2592 in
1497 2561 1609 2593 locum
1623 2571 1679 2594 oc-

983 2612 1042 2643 cisi
1058 2612 1183 2652 aurigae
1200 2610 1414 2643 successisse.
1456 2610 1603 2644 Quidam
1620 2621 1679 2644 ex-

983 2662 1113 2703 plicant
1128 2661 1171 2693 ad
1187 2661 1356 2693 ultimum.

1024 2713 1087 2743 774
1110 2709 1250 2741 Immites
1259 2710 1322 2742 scis
1335 2711 1419 2742 nana
1429 2710 1583 2742 revolvere
1594 2710 1680 2742 Por-

980 2772 1032 2794 cas
1047 2761 1207 2803 Stamina]
1221 2762 1354 2795 seneca
1366 2761 1473 2795 Here.
1489 2762 1570 2795 Fur.
1586 2762 1678 2795 ‘Du-
