1858 3112
230 233 344 277 1724

230 349 290 380 qua
304 339 438 380 impetus
459 339 550 370 uulae.
598 338 779 370 Notandus
801 336 929 369 ἶδιωτισ·

229 388 286 429 μδ,
308 389 426 428 Statii,
449 390 506 429 qui
529 389 652 420 molem
676 389 767 420 iliani
795 387 930 419 aedificii

232 439 379 470 Caesarei
397 439 466 470 alte
484 443 718 474 assumentem
737 439 875 479 lateque
891 447 928 470 se

231 487 431 519 efferentem
461 488 773 530 extendentemque
797 489 806 506 ‘
822 489 929 528 impe-

230 537 320 569 tnm'
339 537 437 569 dixit.
482 538 532 569 Ut
547 539 630 570 celsi
645 544 778 570 montes
792 539 929 580 altaque

232 598 273 620 ac
307 589 378 620 lata
415 588 558 620 aedificia
595 589 604 606 ‘
621 594 739 629 petere
778 587 931 624 aetheral

230 639 458 680 ‘protendere
481 639 542 678 se,'
566 643 574 656 ‘
588 638 743 679 erigere,’
764 638 928 669 ‘inclina-

232 688 295 727 re,’
307 693 468 730 tanquam
486 688 646 728 viventia,
658 689 828 720 «licuntur.
851 688 927 719 Vir·

231 739 350 779 gilius:
373 738 586 779 ‘geminique
602 739 774 769 minantur
799 738 838 769 In
861 747 928 770 coe-

230 789 300 819 lum
329 786 483 828 scopuli?
529 788 605 819 Non
638 788 928 829 praetereundum,

231 838 332 871 Rom.
357 843 392 869 et
410 838 497 869 Ven.
518 838 595 870 edd.
613 839 728 880 legere
754 842 790 870 et
809 838 927 870 distin-

232 897 337 929 guere
353 898 424 929 seq.
441 898 489 920 vs.
505 888 648 920 Liberior
658 889 927 929 campi,.multum-

231 947 288 978 que
312 939 469 978 amplexus
495 939 608 978 operti,
639 948 699 979 pro
724 938 838 979 aperti.
883 939 929 970 Et

231 997 312 1020 sane
340 988 390 1019 ita
421 989 559 1029 scripsit
585 989 729 1021 Statius.
785 988 929 1020 Liberior

229 1039 341 1079 campi,
354 1038 389 1069 id
405 1043 468 1078 est,
481 1038 568 1079 qnod
585 1039 628 1070 ad
644 1047 811 1080 campum.
835 1038 930 1069 Dicit

232 1088 368 1121 domum
391 1089 582 1120 Domitiani
602 1089 748 1120 cinctam
770 1098 843 1119 esse
860 1090 928 1119 lon-

234 1148 277 1179 go
295 1148 431 1180 aequore
455 1148 515 1170 seu
538 1139 877 1180 capacissimoatrio,
894 1143 930 1170 et

231 1193 363 1221 vastum
379 1194 507 1228 tectum
522 1190 711 1221 continere.
735 1189 822 1221 Vide
841 1189 930 1222 Gro-

229 1249 307 1272 τιον.
324 1239 440 1271 Diatr.
457 1249 530 1280 cap.
547 1243 600 1271 38.

238 1310 240 1313 -
275 1292 316 1321 26
334 1290 483 1321 AEthereo
498 1294 528 1321 et
543 1294 663 1322 tantum
677 1290 797 1322 domino
813 1290 928 1331 minor]

232 1339 295 1372 Ait
324 1339 434 1372 Poeta
459 1345 589 1372 tantam
616 1350 690 1372 esse
716 1342 929 1382 majestatem

234 1391 437 1426 Domitiani,
463 1396 501 1422 nt
531 1396 604 1422 tota
633 1392 710 1422 aula
735 1391 845 1432 ipsum
873 1390 929 1422 vix

232 1441 359 1482 capiat.
401 1441 458 1472 Sic
474 1441 623 1472 Martini.
638 1441 698 1473 lib.
711 1450 797 1475 vni.¹
809 1441 929 1482 Epigr.

234 1494 288 1523 86.
318 1491 362 1522 de
388 1491 507 1524 eodem
536 1491 671 1523 Palatio
697 1501 813 1531 agens,
838 1490 930 1522 idem

234 1541 341 1573 dixit:
375 1542 486 1573 ‘Haec
519 1541 674 1582 Auguste
709 1546 824 1574 tamen
853 1552 929 1584 quae

234 1592 362 1623 vertice
388 1592 501 1623 sidera
518 1593 642 1632 puisat,
662 1592 729 1623 Par
744 1592 863 1624 domus
879 1597 932 1623 est

234 1643 333 1682 coelo,
356 1642 417 1674 sed
443 1643 552 1673 minor
575 1646 628 1673 est
653 1641 823 1673 Domino!
867 1641 931 1674 Ait

231 1692 350 1734 itaque.
374 1692 604 1724 Domitianum
628 1692 766 1724 numine
792 1701 833 1723 ac
860 1702 931 1724 ma-

227 1743 356 1783 jestate
386 1753 448 1774 sua
473 1747 578 1774 totam
609 1742 746 1774 domum
777 1743 931 1784 implere.

233 1792 289 1823 Ita
305 1792 435 1824 Plinius
452 1793 487 1823 in
510 1792 681 1833 Panegyr.
699 1792 741 1823 de
763 1793 930 1833 Trajano·

233 1847 241 1860 ‘
255 1843 382 1874 Veniet
404 1853 484 1884 ergo
501 1847 636 1883 tempus
658 1853 723 1883 quo
740 1844 866 1884 posteri
885 1843 931 1875 vi-

234 1902 322 1934 sere,
357 1894 533 1925 visendum
572 1894 708 1925 tradere
745 1894 930 1925 minoribus

231 1944 299 1975 suis
327 1945 491 1985 gestient,
516 1944 606 1985 qnod
633 1949 759 1976 tectum
788 1954 929 1986 magnus

231 1997 355 2038 hospes
369 1996 589 2037 impleveris)
617 1997 750 2028 Get-art.

273 2050 315 2078 27
339 2048 435 2079 Mons
449 2046 563 2088 Lybie]
594 2047 747 2079 Marmor
763 2046 929 2088 Lybicum

232 2101 269 2128 et
285 2097 426 2128 Iliacum
450 2097 522 2128 sive
548 2096 732 2139 Phrygium
752 2102 788 2129 et
812 2098 931 2140 Syeni-

232 2152 298 2186 tes,
324 2147 412 2182 unde
431 2148 545 2179 trabes
561 2147 716 2180 fecerunt
738 2158 834 2189 reges
849 2158 930 2190 quo-

232 2199 308 2229 dam
326 2198 513 2230 certamine
535 2199 705 2230 obeliscos
730 2205 890 2231 vocantes
911 2209 931 2230 a

233 2249 452 2280 similitudine
469 2249 554 2280 radii
571 2260 580 2288 ;
607 2259 683 2280 nam
699 2249 811 2286 ὄβελος
826 2250 930 2290 signi-

231 2299 314 2331 ficat
329 2299 471 2331 radium.
516 2300 622 2330 Erant
645 2300 735 2331 enim
758 2301 847 2332 Solis
869 2310 930 2331 nn-

231 2349 315 2381 mini
331 2349 470 2381 sacrati.
514 2349 636 2380 Mitres
653 2359 712 2381 rex
730 2350 856 2391 primus
873 2360 931 2382 eos

230 2400 380 2432 instituit
397 2400 535 2431 tumulo.
561 2400 734 2432 Domitius.

275 2453 317 2482 28
342 2451 386 2482 Et
410 2449 520 2489 Chios]
543 2451 696 2482 Marmor
720 2451 931 2482 versicolori·

231 2501 292 2533 bus
308 2501 466 2532 maculis:
490 2501 580 2542 quod
596 2511 672 2532 cum
689 2501 761 2533 Chii
778 2502 810 2532 in
827 2502 930 2533 muris

233 2551 301 2582 suis
318 2555 543 2590 ostentarent,
565 2551 672 2582 multo
688 2551 794 2592 magis
811 2552 930 2583 mirum

231 2599 365 2636 fuisset,
392 2601 500 2641 inquit
513 2600 648 2640 Cicero,
664 2601 693 2632 si
709 2611 769 2633 eos
782 2601 930 2635 Tiburti-

230 2660 275 2683 no
292 2650 407 2691 lapide
425 2651 645 2684 struxissetis.
669 2653 769 2685 Idem.

274 2703 316 2733 32
342 2699 553 2740 Trabeutaque
583 2703 703 2742 Caesar,
726 2702 797 2743 timu]
828 2702 931 2744 Equi÷

231 2754 284 2782 tes
309 2751 473 2782 Romanos
497 2750 672 2790 intelligit.
715 2753 845 2783 Trabea
862 2757 931 2783 ete-

231 2801 314 2842 nim,
329 2800 378 2832 uti
394 2799 471 2833 olim
497 2809 626 2841 regum,
642 2801 690 2833 sic
716 2802 930 2844 postmodum

689 243 833 275 NOTAE
867 243 1130 275 VARIORUM
1166 245 1217 276 ΙΝ

978 336 1155 378 proprium
1185 337 1352 378 equestris
1387 336 1681 379 ordinis'insign

979 396 1051 418 esse
1068 387 1186 428 coepit.
1221 388 1406 420 Suetonius
1423 388 1633 428 Domitiano,
1644 397 1678 421 c.

979 439 1033 469 14.
1061 437 1160 471 ‘Quo
1187 437 1362 469 decretum
1385 442 1460 470 erat
1482 442 1522 470 ut
1543 439 1680 480 quotie·

978 492 1112 526 gereret
1135 489 1362 528 consulatum,
1376 489 1509 531 equites
1532 489 1678 523 Romani

978 538 1100 579 quibus
1133 548 1205 570 sors
1233 539 1427 579 obtigisset,
1456 539 1604 572 trabeati
1638 544 1680 572 tt

978 598 1054 620 cum
1078 589 1183 620 hastis
1212 590 1416 621 militaribus
1437 589 1680 631 praecederent

978 639 1076 670 euml
1118 640 1256 671 Tacitus
1272 639 1396 672 Annei.
1420 649 1478 672 ιιι.
1493 641 1515 659 ‘
1529 640 1679 673 tmbeati

977 689 1136 731 equites)
1158 690 1311 722 Ber-‚naut

1019 741 1062 770 36
1089 739 1281 780 Triptolemi]
1318 740 1559 781 Triptolemus,
1587 706 1679 774 filim

979 789 1072 820 Celei
1087 794 1121 820 et
1136 789 1288 830 Hyones,
1303 800 1378 821 eum
1397 790 1502 822 Ceres
1516 801 1537 822 a
1550 799 1679 833 paren-

979 839 1069 870 tibus
1105 839 1252 879 hospitio
1281 845 1441 880 suscepta
1476 832 1616 874 fuisset·
1627 841 1679 874 nd

978 890 1186 929 Eleusinem,
1211 890 1276 921 illis
1303 890 1548 922 dormientibus
1572 900 1592 923 a
1613 891 1680 931 Ge·

980 949 1056 971 rere
1072 941 1249 980 conjectus
1266 944 1319 971 est
1341 939 1376 971 in
1392 938 1505 972 fot-um
1521 944 1558 972 et
1577 940 1682 973 obn-⁴

980 994 1034 1021 tus
1063 989 1254 1021 cineribus:
1289 994 1402 1022 mater
1425 989 1680 1026 excit-tanum

980 1040 1113 1072 eduxit.
1158 1041 1281 1073 Ceres:
1314 1041 1439 1083 Impia,
1467 1043 1594 1084 inquio,
1617 1051 1679 1083 οες

980 1101 1056 1123 nam
1082 1090 1206 1124 fuisset
1230 1091 1443 1133 immortalis,
1467 1092 1681 1134 sivermisis-

980 1150 1035 1172 ses
1073 1141 1123 1172 ita
1150 1142 1224 1183 ejus
1251 1142 1492 1174 mortalitatem
1515 1143 1681 1183 purgari:

979 1191 1038 1223 sed
1056 1195 1167 1223 tamen
1182 1201 1200 1222 a
1217 1201 1270 1223 me
1285 1191 1423 1224 habehit
1435 1193 1609 1233 utprimus
1617 1192 1680 1225 do-

979 1246 1057 1274 cent
1084 1251 1198 1273 serere
1229 1241 1446 1273 frumentum.
1491 1241 1607 1283 Atque
1630 1243 1682 1275 lta

981 1291 1110 1324 volucri
1138 1301 1239 1323 curru
1264 1291 1429 1332 abreptus
1449 1292 1680 1333 Triptolemus

980 1353 1144 1374 annonam
1172 1352 1234 1383 per
1258 1341 1413 1374 Atticam
1434 1341 1681 1375 disseminavit.

979 1394 1109 1425 Plinius
1124 1393 1226 1425 aliter
1242 1397 1278 1424 et
1293 1392 1450 1424 Probus:
1475 1392 1532 1423 alii
1547 1392 1595 1423 ad
1604 1392 1682 1424 Bri-

980 1453 1055 1485 gem
1073 1442 1248 1475 referunt.
1271 1442 1449 1483 superiora
1471 1441 1591 1476 scribit
1610 1443 1682 1485 Hy

980 1494 1088 1535 ginus.
1111 1493 1234 1526 Domit.

1022 1547 1064 1576 39
1090 1543 1212 1575 Robora
1223 1542 1423 1584 Maurorum]
1439 1542 1577 1575 Citreas
1587 1551 1680 1575 meu·

980 1603 1044 1626 sas.
1089 1593 1212 1625 Strabo
1237 1593 1358 1624 citrum
1383 1593 1519 1634 quidem
1541 1602 1608 1625 non
1623 1602 1683 1625 no-

981 1644 1099 1684 minat,
1124 1643 1184 1674 sed
1214 1643 1456 1675 Mauritaniam
1487 1644 1609 1678 amitas
1642 1648 1680 1675 et

981 1703 1119 1734 magnas
1131 1692 1258 1724 habere
1274 1693 1414 1725 arbores
1431 1691 1589 1726 affirmat.
1622 1692 1682 1728 In-

981 1744 1092 1784 deque
1118 1752 1249 1774 mensas
1281 1742 1440 1775 Romanis
1467 1742 1680 1784 suppeditari

981 1794 1149 1825 varietate
1169 1794 1311 1835 quadam
1337 1793 1520 1826 distinctas
1543 1803 1586 1825 ex
1613 1800 1682 1826 uno

980 1843 1181 1885 integroque
1197 1843 1301 1884 liguo.
1324 1843 1423 1875 Idem.

1020 1896 1061 1925 47
1085 1893 1249 1926 Dimissus
1275 1893 1434 1925 Gradivus
1462 1893 1563 1934 equis]
1598 1893 1680 1935 Ety-

977 1954 1057 1978 mon
1073 1944 1138 1976 hoc
1164 1943 1300 1983 Martis,
1324 1943 1412 1974 hunc
1429 1943 1517 1975 enim
1533 1943 1680 1984 intelligi

980 2001 1015 2027 et
1040 2005 1136 2036 pueri
1147 2004 1220 2036 Jam
1235 1994 1358 2034 sciunt,
1379 1994 1542 2036 quosdam
1559 2000 1680 2035 petere

981 2046 1028 2077 ait
1043 2046 1180 2078 Festus:
1205 2045 1217 2066 ⁴>
1230 2044 1319 2078 Quia
1335 2045 1487 2085 gramine
1501 2045 1547 2078 sit
1561 2050 1678 2080 ortus:

979 2096 1069 2137 quod
1082 2096 1369 2136 interpretantur,
1379 2096 1456 2136 quia
1467 2105 1591 2128 corona
1604 2102 1682 2136 giza-

980 2148 1093 2183 minea
1106 2147 1151 2178 vin
1175 2155 1211 2178 te
1231 2145 1370 2178 militari
1387 2145 1540 2177 maximas
1558 2145 1682 2182 ostilio-A

980 2195 1201 2228 novationis?
1230 2195 1327 2227 addit
1349 2195 1479 2227 Plinius
1501 2195 1559 2228 lib.
1582 2204 1680 2229 xxn.

980 2257 1055 2287 cap.
1072 2250 1104 2278 4.
1149 2248 1159 2264 ‘
1172 2246 1262 2279 Quia
1281 2255 1447 2277 summum
1464 2245 1617 2283 victoriae
1629 2246 1680 2278 in-

980 2296 1106 2328 dicium
1121 2302 1196 2329 erat
1211 2297 1350 2328 herbam
1363 2297 1537 2338 porrigere
1550 2297 1682 2331 victos:

980 2348 1134 2379 Bernart.

1021 2402 1064 2431 48
1097 2399 1267 2439 Terapnaeu
1287 2398 1469 2439 gymnade]
1513 2399 1681 2433 Palaestra

981 2449 1159 2481 Laconica.
1191 2448 1380 2488 Stephanus
1397 2455 1515 2480 auctor
1530 2455 1583 2481 est
1598 2450 1683 2483 alios

981 2500 1078 2531 aliam
1096 2499 1283 2538 civitatem,
1304 2499 1387 2530 alios
1400 2499 1508 2540 ipsam
1523 2500 1680 2540 Spartam

981 2548 1415 2589 ‘Theramnas’appenate.
1439 2549 1681 2592 Ali-‘Terap-

980 2610 1033 2632 nae
1050 2599 1233 2631 Boeoticae'
1258 2603 1338 2631 sunt
1360 2600 1450 2640 apud
1470 2600 1680 2634 strabonem

980 2651 1042 2682 lib.
1059 2659 1110 2682 ix·
1132 2649 1252 2681 Barth.

1022 2703 1064 2732 52
1087 2699 1195 2730 Parva
1220 2700 1335 2739 loquor,
1354 2699 1483 2730 necdum
1497 2709 1595 2740 aequo,
1610 2700 1680 2741 εμπ]

981 2750 1059 2782 Hoc
1074 2749 1230 2780 nimirum
1246 2754 1300 2780 est
1314 2749 1404 2790 quod
1419 2749 1561 2780 Flaccus
1573 2751 1615 2781 ad
1631 2750 1679 2783 A,

981 2799 1136 2842 grippam
1161 2799 1230 2833 ait:
1256 2797 1354 2833 ‘duni
1380 2798 1490 2839 pudor
1510 2799 1680 2833 Imbeliia.
