1846 3120
219 258 240 300 1
250 257 333 300 156

705 266 759 296 1³.
789 263 982 295 PAPINII
1015 262 1180 294 STA'rn

219 362 295 404 Ah
314 361 485 403 miserae·
506 359 692 401 matres!
710 359 836 400 'hunc
859 363 904 400 te
925 360 1184 411 noctesque,
1202 356 1400 412 diesque,

220 428 476 471 Deflebam:
509 427 547 468 si
566 426 702 468 verba
721 429 884 476 tamen,
905 424 1186 478 monitusque
1206 416 1379 466 tucrum

222 494 446 547 Dignaris,
467 493 736 535 dumcastra
758 492 900 542 silent,
921 504 1230 545 suspensaque
1248 491 1412 533 bellum

1593 488 1680 532 ⁵06

222 561 460 603 Horrescit
480 561 640 614 pietas,
660 559 850 613 genitrix
858 559 1099 614 jubeoque,
1120 572 1334 612 rogoque,

210 629 246 670 'I
267 640 457 678 mecum,
478 627 743 681 patriosque
768 626 903 676 Deos,
923 621 1165 679 arsuraque
1185 626 1339 666 saltem

221 695 363 738 Tecta
382 694 499 745 vide,
520 694 804 747 fratremque,
825 692 957 749 (quid
973 692 1118 734 aufers
1136 693 1304 734 lumina
1314 690 1357 747 2)
1375 691 1551 735 fratrem

222 761 484 815 Alloquere,
505 765 548 802 et
566 773 746 814 regnum
761 761 856 815 Jam
877 772 947 801 me
969 758 1213 813 subjudice
1231 772 1384 813 posce.

221 827 319 870 Aut
338 828 464 870 dabit
481 832 562 869 aut
578 827 739 868 ferrum
761 838 900 868 causa
919 826 1095 867 meliore
1115 839 1327 868 resumes.

1596 825 1685 867 51⁰

224 894 354 937 Anne
377 895 518 944 times,
537 906 591 935 ne
610 894 724 934 forte
745 893 854 942 doli,
877 895 920 934 et
940 896 983 934 te
1005 893 1191 934 conscia
1209 899 1349 935 mater

225 960 494 1015 Decipiam‘l
525 972 613 1000 non
634 960 701 1001 sic
721 958 910 1000 miseros
927 958 995 1000 fas
1018 971 1146 1000 omne
1166 964 1345 1013 penates

225 1028 442 1082 Effugiet:
473 1026 551 1069 vix
572 1025 801 1080 OEdipode
821 1020 1220 1067 ducente‘timeres.

226 1096 273 1138 N
275 1095 376 1149 upsi
396 1094 615 1149 equidem,
638 1093 879 1148 peperique
898 1092 1048 1135 nefas:
1079 1093 1158 1134 sed
1180 1093 1318 1147 diligo
1338 1094 1466 1144 tales,

225 1164 299 1208 Ah
321 1163 461 1213 dolor,
482 1166 529 1203 et
548 1164 722 1203 vestros
743 1160 983 1202 etiamnum
998 1173 1170 1202 excuso
1188 1160 1369 1203 furores.

1595 1160 1684 1202 515

227 1230 364 1283 Quod
385 1231 424 1272 si
444 1229 560 1272 adeo
581 1232 769 1283 perstas,
789 1227 1020 1279 ultro-tibi,
1041 1240 1173 1279 saeve,
1194 1227 1464 1282 triumphum

227 1350 359 1391 stipant.
406 1348 459 1380 Ah
471 1352 588 1380 matres
603 1348 742 1387 infelices
751 1347 767 1379 !
804 1347 908 1379 Talem
922 1350 952 1379 te
963 1347 1123 1387 plorabam
1147 1346 1267 1379 cunctis
1280 1346 1389 1378 diebus
1402 1355 1439 1378 ac
1451 1344 1603 1378 noctibus.
1645 1343 1684 1377 Si

226 1396 331 1425 tamen
347 1392 492 1423 admittis
506 1392 592 1423 dicta
606 1394 638 1422 et
660 1391 792 1422 consilia
804 1393 941 1429 tuorum,
955 1390 1028 1420 dum
1042 1393 1148 1421 tacent
1161 1393 1278 1428 castra,
1293 1393 1326 1421 et
1348 1388 1494 1428 ambigua
1504 1389 1609 1429 piem
1622 1386 1685 1419 bel-

227 1436 291 1467 lum
304 1435 465 1474 horrescit,
482 1438 596 1473 victer,
609 1434 736 1474 impero,
751 1433 941 1473 obsecroque,
955 1433 1026 1463 veni
1046 1442 1174 1471 mecum,
1183 1433 1294 1464 saltem
1315 1431 1418 1463 revise
1427 1431 1536 1472 patria
1549 1430 1688 1468 »tw-inas

228 1482 260 1510 et
275 1478 395 1518 regiam
410 1478 619 1516 cremandam,
635 1487 672 1507 ac
685 1475 786 1517 affare
794 1485 977 1515 germanum
991 1474 1083 1516 (quid
1093 1475 1211 1506 avertis
1222 1476 1322 1507 oculos
1329 1472 1362 1516 ?)
1371 1483 1567 1514 germanum,
1581 1471 1688 1512 etjam

225 1524 297 1562 pete
311 1520 476 1561 imperium
488 1519 544 1551 sub
559 1529 607 1550 me
621 1519 753 1550 arbitra.
796 1518 864 1549 Aut
885 1518 965 1549 illud
986 1518 1107 1556 reddet,
1133 1521 1189 1549 aut
1211 1527 1319 1549 rursus
1337 1517 1439 1558 capion
1452 1525 1540 1548 ama
1563 1517 1573 1525 “

221 1563 310 1603 jure.
354 1564 447 1595 Anne
462 1562 586 1601 metuis,
599 1571 638 1592 ne
644 1561 735 1598 forte
741 1561 877 1599 fraudes
890 1560 1023 1598 subsint,
1042 1564 1073 1591 et
1093 1560 1220 1593 illarum
1241 1563 1341 1592 mater
1352 1569 1456 1599 gnara
1476 1562 1508 1590 te
1520 1558 1688 1590 circumve-

229 1606 338 1638 niam?
375 1606 450 1637 Non
464 1605 508 1636 sic
524 1608 589 1636 tota
595 1604 726 1643 jas-titia
737 1602 907 1634 deseruerit
918 1602 1057 1641 infelices
1067 1603 1160 1634 lares.
1196 1603 1261 1635 Vix
1272 1605 1422 1634 metueres
1434 1601 1688 1642 OEdn'pomrem
1740 1624 1742 1626 -

229 1650 370 1680 ducente.
416 1648 453 1679 N
452 1648 523 1687 upsi
537 1648 688 1688 equidem,
703 1649 733 1678 et
744 1647 841 1686 genui
855 1646 982 1684 inceste,
996 1646 1050 1676 sed
1064 1655 1131 1676 amo
1146 1646 1235 1684 tales,
1245 1645 1287 1677 ab
1300 1645 1398 1681 dolor,
1407 1647 1441 1676 et
1452 1644 1579 1684 ignum
1593 1643 1688 1675 «imm

222 1691 387 1730 furoribus
400 1691 525 1723 vestris.
566 1690 657 1727 Quod
672 1688 702 1720 ei
716 1690 792 1720 adeo
804 1688 978 1719 obstinatus
991 1697 1034 1728 ee,
1048 1691 1156 1728 sponte
1171 1687 1241 1725 tibi.
1253 1688 1400 1728 crudelis,
1414 1686 1610 1719 concedimus
1621 1684 1684 1717 υἱο-

842 1771 938 1784 OOm
941 1771 1078 1783 ‘‘‘‘‘

198 1860 200 1862 -
231 1850 308 1873 auro
322 1851 334 1878 ;
351 1841 385 1872 in
402 1839 573 1881 plerisque
589 1837 827 1879 manuscriptis
842 1836 950 1876 libris,
967 1842 1159 1868 nontamen
1177 1836 1321 1878 optimo,
1346 1839 1383 1867 et
1402 1835 1447 1867 ab
1462 1844 1504 1867 eo
1526 1833 1689 1874 secundo,

231 1884 385 1924 legitur:
409 1884 492 1914 laius
514 1881 722 1923 proesulgurat
751 1889 832 1912 ense.
878 1881 951 1920 Ego
967 1879 1059 1911 illam
1077 1879 1255 1911 lectionem
1268 1877 1438 1919 praefero-³
1462 1878 1689 1910 Barth—5⁰4⁴
1738 1875 1743 1878 ’

232 1925 402 1967 Deflebant
418 1926 449 1956 in
464 1925 595 1966 optimo
610 1924 729 1955 codice
755 1921 1007 1954 namuh—510
1031 1922 1040 1939 ‘
1054 1921 1175 1953 Scribe
1202 1931 1278 1952 cum
1306 1920 1442 1961 optimis
1464 1919 1690 1953 membranis:

231 1968 391 2000 resumas!
409 1968 632 1999 Barth.—5ll
659 1967 766 2006 Lang.
784 1965 886 1996 Laur.
902 1964 1034 1996 Buslid.
1048 1964 1199 2004 Lipsian.
1215 1964 1305 1995 Dan.
1322 1963 1403 1996 Put.
1419 1963 1542 1995 Petav.
1558 1967 1595 1994 et
1610 1962 1689 2003 ‚edd-

233 2016 319 2044 vett.
336 2021 373 2043 ne
388 2013 477 2049 sorte
491 2010 554 2042 doli
568 2013 599 2041 te
613 2009 735 2040 conscia
748 2009 967 2040 maten—512
982 2006 1151 2048 Decipiant
1167 2006 1245 2039 edd.
1274 2008 1467 2038 vem—515
1490 2005 1573 2038 Put.
1596 2014 1690 2038 exosa

892 2093 1036 2126 NOTAE

278 2164 341 2193 502
365 2161 524 2202 Multoque
533 2161 616 2191 latus
625 2158 835 2200 praefulgurat
848 2157 934 2199 ense]

235 2213 327 2244 Vere
353 2216 388 2243 et
414 2211 614 2251 eleganter:
639 2208 760 2241 alludit
785 2208 876 2240 euim
892 2207 935 2239 ad

235 2271 363 2294 morem
394 2262 596 2301 Romanum,
627 2269 695 2301 quo
724 2258 935 2300 principibus

236 2322 400 2354 nusquam
417 2321 485 2343 non
506 2310 673 2343 satellites
697 2310 840 2341 aderant
858 2318 936 2341 cum

238 2361 360 2402 gladiis
392 2361 434 2392 ad
471 2362 570 2393 latus.
615 2359 763 2393 Quidam
801 2359 938 2392 codices

236 2412 365 2444 habent
380 2421 465 2443 auro.

280 2464 342 2493 503
367 2462 464 2493 Hunc
479 2460 526 2501 te]
547 2461 681 2501 Talem,
695 2469 756 2492 seu
770 2460 917 2492 exulem.

281 2514 345 2543 506
371 2512 525 2543 Genitm‘x
538 2511 704 2553 jubeoque,
717 2510 869 2552 rogoque]
893 2511 939 2542 Et

238 2571 419 2604 personam
445 2567 559 2594 servat
589 2566 625 2594 et
655 2567 790 2603 tempus
808 2573 816 2592 ε
835 2561 939 2603 jubet

238 2613 322 2653 filio,
349 2614 483 2646 exulem
507 2618 606 2655 rogat
629 2614 753 2645 iratum
777 2617 814 2647 et
839 2612 939 2645 armis

239 2665 457 2697 instructum.

283 2718 345 2746 511
371 2715 421 2746 Ne
428 2714 517 2753 forte
533 2714 609 2755 doli,
635 2718 667 2746 et
680 2718 711 2747 te
725 2714 861 2757 conscia]
883 2714 940 2746 Ne

242 2765 335 2798 forte
359 2765 492 2797 subsint
514 2765 596 2803 doli,
622 2769 659 2797 et
687 2774 805 2798 eorum
833 2769 942 2798 mater

242 2817 379 2850 conscia
393 2820 427 2849 te
441 2816 623 2858 decipiam.

1032 2160 1096 2189 512
1120 2158 1195 2188 Non
1208 2156 1253 2188 sic
1267 2155 1409 2197 miseros]
1434 2154 1642 2187 Obtestatur
1654 2162 1691 2184 se

990 2208 1126 2240 minime
1142 2218 1218 2239 eum
1234 2207 1469 2248 decepturum,
1495 2205 1580 2247 quius
1598 2209 1690 2236 amet

989 2269 1067 2291 suos
1096 2258 1199 2298 filios,
1229 2256 1361 2290 etiamsi
1387 2257 1431 2288 ex
1459 2255 1594 2294 incestu
1621 2254 1693 2286 sint

991 2310 1152 2350 concepti
1183 2318 1245 2349 per
1273 2316 1436 2347 errorem,
1459 2305 1606 2347 ideoque
1628 2304 1689 2336 nst·-

990 2370 1075 2392 seros
1095 2363 1225 2400 penates
1247 2357 1348 2402 deit.
1392 2357 1459 2389 Fas
1486 2355 1588 2395 omne]
1609 2354 1691 2387 Jus-

992 2410 1069 2442 titia
1082 2409 1226 2441 fundata
1238 2409 1272 2440 in
1287 2413 1421 2440 natura.
1465 2406 1558 2438 Nam
1573 2414 1691 2438 secuu-

992 2460 1073 2492 dum
1088 2460 1173 2492 hanc
1188 2462 1298 2491 mater
1322 2461 1414 2490 amat
1436 2456 1555 2496 filium,
1577 2455 1643 2488 etsi
1657 2455 1692 2487 iu

992 2512 1124 2544 incestu
1141 2511 1306 2553 genitum.
1333 2509 1404 2542 Vet.
1420 2507 1585 2540 Scholia-vt.

1035 2564 1098 2594 613
1127 2561 1191 2594 Vix
1216 2560 1372 2602 OEdipode
1393 2560 1523 2591 ducente
1551 2554 1692 2597 timeres]

994 2612 1101 2645 Filius
1132 2611 1221 2643 enim
1250 2610 1355 2642 etiam
1377 2609 1458 2651 jure
1485 2607 1551 2639 sibi
1570 2606 1693 2638 timere

994 2666 1128 2705 poterat
1143 2661 1186 2693 ab
1203 2661 1344 2702 OEdipo,
1373 2659 1432 2701 qui
1451 2661 1488 2690 et
1513 2654 1695 2689 interfece-

995 2717 1049 2745 rat
1083 2716 1231 2754 patrem,
1259 2720 1339 2743 mox
1373 2712 1518 2742 matrem
1535 2715 1694 2740 ¹uxorem

996 2759 1154 2796 duxerat.
