<?xml version="1.0" encoding="UTF-8"?>
<!DOCTYPE html PUBLIC "-//W3C//DTD XHTML 1.0 Transitional//EN"
    "http://www.w3.org/TR/xhtml1/DTD/xhtml1-transitional.dtd">
<html xmlns="http://www.w3.org/1999/xhtml" xml:lang="en" lang="en">
 <head>
  <title>
</title>
<meta http-equiv="Content-Type" content="text/html;charset=utf-8" />
  <meta name='ocr-system' content='tesseract 3.04.00' />
  <meta name='ocr-capabilities' content='ocr_page ocr_carea ocr_par ocr_line ocrx_word'/>
</head>
<body>
  <div class='ocr_page' id='page_1' title='image "./operaomniaexedit03statuoft_0626.png"; bbox 0 0 1858 3112; ppageno 0'>
   <div class='ocr_carea' id='block_1_1' title="bbox 240 235 354 278">
    <p class='ocr_par' dir='ltr' id='par_1_1' title="bbox 240 235 354 278">
     <span class='ocr_line' id='line_1_1' title="bbox 240 235 354 278; baseline 0.009 -1"><span class='ocrx_word' id='word_1_1' title='bbox 240 235 354 278; x_wconf 74' lang='lat'>1726</span> 
     </span>
    </p>
   </div>
   <div class='ocr_carea' id='block_1_2' title="bbox 223 336 940 2844">
    <p class='ocr_par' dir='ltr' id='par_1_2' title="bbox 235 336 940 773">
     <span class='ocr_line' id='line_1_2' title="bbox 238 336 938 379; baseline -0.007 -5"><span class='ocrx_word' id='word_1_2' title='bbox 238 339 300 374; x_wconf 76' lang='lat' dir='ltr'><strong>tib.</strong></span> <span class='ocrx_word' id='word_1_3' title='bbox 312 340 415 372; x_wconf 86' lang='lat' dir='ltr'><strong>Turn.</strong></span> <span class='ocrx_word' id='word_1_4' title='bbox 452 338 579 371; x_wconf 80' lang='lat' dir='ltr'><strong>Coelum.</strong></span> <span class='ocrx_word' id='word_1_5' title='bbox 594 340 715 379; x_wconf 84' lang='lat' dir='ltr'><strong>arguta</strong></span> <span class='ocrx_word' id='word_1_6' title='bbox 729 336 938 379; x_wconf 82' lang='lat' dir='ltr'>hyperbole:</span> 
     </span>
     <span class='ocr_line' id='line_1_3' title="bbox 237 387 940 431; baseline -0.006 -9"><span class='ocrx_word' id='word_1_7' title='bbox 237 389 296 423; x_wconf 76' lang='lat' dir='ltr'><strong>hic</strong></span> <span class='ocrx_word' id='word_1_8' title='bbox 311 399 400 431; x_wconf 82' lang='lat' dir='ltr'><strong>apex</strong></span> <span class='ocrx_word' id='word_1_9' title='bbox 414 392 469 421; x_wconf 87' lang='lat' dir='ltr'><strong>est</strong></span> <span class='ocrx_word' id='word_1_10' title='bbox 482 388 686 420; x_wconf 79' lang='lat' dir='ltr'><strong>culminum:</strong></span> <span class='ocrx_word' id='word_1_11' title='bbox 710 391 746 419; x_wconf 92' lang='lat' dir='ltr'><strong>et</strong></span> <span class='ocrx_word' id='word_1_12' title='bbox 758 387 842 429; x_wconf 88' lang='lat' dir='ltr'><strong>qnid</strong></span> <span class='ocrx_word' id='word_1_13' title='bbox 857 395 940 419; x_wconf 90' lang='lat' dir='ltr'><strong>con-</strong></span> 
     </span>
     <span class='ocr_line' id='line_1_4' title="bbox 238 436 938 481; baseline -0.006 -9"><span class='ocrx_word' id='word_1_14' title='bbox 238 439 416 481; x_wconf 81' lang='lat' dir='ltr'><strong>gruentius</strong></span> <span class='ocrx_word' id='word_1_15' title='bbox 430 438 591 471; x_wconf 82' lang='lat' dir='ltr'><strong>clausulae</strong></span> <span class='ocrx_word' id='word_1_16' title='bbox 613 438 815 470; x_wconf 70' lang='lat' dir='ltr'><strong>Scatontum</strong></span> <span class='ocrx_word' id='word_1_17' title='bbox 831 436 938 469; x_wconf 83' lang='lat' dir='ltr'><strong>Mart.</strong></span> 
     </span>
     <span class='ocr_line' id='line_1_5' title="bbox 236 486 939 529; baseline -0.001 -8"><span class='ocrx_word' id='word_1_18' title='bbox 236 489 284 521; x_wconf 86' lang='lat' dir='ltr'><strong>de</strong></span> <span class='ocrx_word' id='word_1_19' title='bbox 304 488 447 529; x_wconf 81' lang='lat' dir='ltr'><strong>Templo</strong></span> <span class='ocrx_word' id='word_1_20' title='bbox 474 487 584 529; x_wconf 83' lang='lat' dir='ltr'><strong>gentis</strong></span> <span class='ocrx_word' id='word_1_21' title='bbox 612 486 768 519; x_wconf 75' lang='lat' dir='ltr'><strong>Flavioe?</strong></span> <span class='ocrx_word' id='word_1_22' title='bbox 797 486 858 519; x_wconf 85' lang='lat' dir='ltr'><strong>lib.</strong></span> <span class='ocrx_word' id='word_1_23' title='bbox 885 495 939 520; x_wconf 82' lang='lat' dir='ltr'><strong>rx.</strong></span> 
     </span>
     <span class='ocr_line' id='line_1_6' title="bbox 238 539 939 582; baseline -0.004 -9"><span class='ocrx_word' id='word_1_24' title='bbox 238 542 307 582; x_wconf 87' lang='lat' dir='ltr'><strong>Ep.</strong></span> <span class='ocrx_word' id='word_1_25' title='bbox 329 544 362 573; x_wconf 83' lang='lat'><strong>2.</strong></span> <span class='ocrx_word' id='word_1_26' title='bbox 392 541 402 559; x_wconf 88' lang='lat'>‘</span> <span class='ocrx_word' id='word_1_27' title='bbox 417 540 576 573; x_wconf 79' lang='lat' dir='ltr'><strong>Manebit</strong></span> <span class='ocrx_word' id='word_1_28' title='bbox 596 540 699 572; x_wconf 90' lang='lat' dir='ltr'><strong>altum</strong></span> <span class='ocrx_word' id='word_1_29' title='bbox 728 539 854 571; x_wconf 81' lang='lat' dir='ltr'><strong>Flaviae</strong></span> <span class='ocrx_word' id='word_1_30' title='bbox 881 539 939 571; x_wconf 87' lang='lat' dir='ltr'><strong>de-</strong></span> 
     </span>
     <span class='ocr_line' id='line_1_7' title="bbox 238 589 939 632; baseline -0.006 -9"><span class='ocrx_word' id='word_1_31' title='bbox 238 600 300 623; x_wconf 86' lang='lat' dir='ltr'><strong>cus</strong></span> <span class='ocrx_word' id='word_1_32' title='bbox 322 590 437 632; x_wconf 76' lang='lat' dir='ltr'><strong>gentis</strong></span> <span class='ocrx_word' id='word_1_33' title='bbox 452 591 538 623; x_wconf 89' lang='lat' dir='ltr'><strong>Cum</strong></span> <span class='ocrx_word' id='word_1_34' title='bbox 562 590 633 622; x_wconf 81' lang='lat' dir='ltr'><strong>sole</strong></span> <span class='ocrx_word' id='word_1_35' title='bbox 655 594 691 621; x_wconf 89' lang='lat' dir='ltr'><strong>et</strong></span> <span class='ocrx_word' id='word_1_36' title='bbox 712 589 825 629; x_wconf 80' lang='lat' dir='ltr'><strong>astris,</strong></span> <span class='ocrx_word' id='word_1_37' title='bbox 848 598 939 620; x_wconf 87' lang='lat' dir='ltr'><strong>cum·</strong></span> 
     </span>
     <span class='ocr_line' id='line_1_8' title="bbox 235 637 938 682; baseline -0.003 -11"><span class='ocrx_word' id='word_1_38' title='bbox 235 649 306 682; x_wconf 85' lang='lat' dir='ltr'><strong>que</strong></span> <span class='ocrx_word' id='word_1_39' title='bbox 328 641 405 673; x_wconf 87' lang='lat' dir='ltr'><strong>luce</strong></span> <span class='ocrx_word' id='word_1_40' title='bbox 428 641 591 672; x_wconf 78' lang='lat' dir='ltr'><strong>Romana.</strong></span> <span class='ocrx_word' id='word_1_41' title='bbox 637 638 753 672; x_wconf 85' lang='lat' dir='ltr'><strong>Invita</strong></span> <span class='ocrx_word' id='word_1_42' title='bbox 775 637 938 680; x_wconf 90' lang='lat' dir='ltr'><strong>quicquid</strong></span> 
     </span>
     <span class='ocr_line' id='line_1_9' title="bbox 239 688 937 733; baseline -0.004 -11"><span class='ocrx_word' id='word_1_43' title='bbox 239 690 396 723; x_wconf 89' lang='lat' dir='ltr'><strong>continet</strong></span> <span class='ocrx_word' id='word_1_44' title='bbox 425 700 554 733; x_wconf 79' lang='lat' dir='ltr'><strong>manus,</strong></span> <span class='ocrx_word' id='word_1_45' title='bbox 586 690 718 722; x_wconf 83' lang='lat' dir='ltr'><strong>Coelurn</strong></span> <span class='ocrx_word' id='word_1_46' title='bbox 751 688 830 721; x_wconf 86' lang='lat' dir='ltr'><strong>est.&#39;</strong></span> <span class='ocrx_word' id='word_1_47' title='bbox 866 688 937 719; x_wconf 86' lang='lat' dir='ltr'><strong>Mo·</strong></span> 
     </span>
     <span class='ocr_line' id='line_1_10' title="bbox 236 742 307 773; baseline 0.028 -2"><span class='ocrx_word' id='word_1_48' title='bbox 236 742 307 773; x_wconf 82' lang='lat' dir='ltr'><strong>rell.</strong></span> 
     </span>
    </p>

    <p class='ocr_par' dir='ltr' id='par_1_3' title="bbox 223 788 940 2288">
     <span class='ocr_line' id='line_1_11' title="bbox 281 788 938 832; baseline -0.005 -9"><span class='ocrx_word' id='word_1_49' title='bbox 281 795 324 824; x_wconf 81' lang='grc'><strong>20</strong></span> <span class='ocrx_word' id='word_1_50' title='bbox 349 791 414 823; x_wconf 83' lang='lat' dir='ltr'><strong>Hic</strong></span> <span class='ocrx_word' id='word_1_51' title='bbox 422 791 524 822; x_wconf 81' lang='lat' dir='ltr'><strong>scenis</strong></span> <span class='ocrx_word' id='word_1_52' title='bbox 536 790 653 832; x_wconf 76' lang='lat' dir='ltr'><strong>populi,</strong></span> <span class='ocrx_word' id='word_1_53' title='bbox 662 788 733 830; x_wconf 56' lang='grc' dir='ltr'><strong>ὅπη]</strong></span> <span class='ocrx_word' id='word_1_54' title='bbox 756 789 867 821; x_wconf 87' lang='lat' dir='ltr'><strong>Locus</strong></span> <span class='ocrx_word' id='word_1_55' title='bbox 882 788 938 821; x_wconf 84' lang='lat' dir='ltr'><strong>hic</strong></span> 
     </span>
     <span class='ocr_line' id='line_1_12' title="bbox 237 839 936 882; baseline -0.003 -9"><span class='ocrx_word' id='word_1_56' title='bbox 237 841 523 882; x_wconf 81' lang='lat' dir='ltr'>corruptissimus.</span> <span class='ocrx_word' id='word_1_57' title='bbox 580 840 750 872; x_wconf 83' lang='lat' dir='ltr'><strong>Domitius</strong></span> <span class='ocrx_word' id='word_1_58' title='bbox 778 839 936 881; x_wconf 79' lang='lat' dir='ltr'><strong>legebat:</strong></span> 
     </span>
     <span class='ocr_line' id='line_1_13' title="bbox 235 889 939 932; baseline -0.001 -9"><span class='ocrx_word' id='word_1_59' title='bbox 235 902 322 923; x_wconf 81' lang='lat' dir='ltr'><strong>coeno</strong></span> <span class='ocrx_word' id='word_1_60' title='bbox 333 892 385 924; x_wconf 79' lang='lat' dir='ltr'><strong>hic</strong></span> <span class='ocrx_word' id='word_1_61' title='bbox 406 893 532 932; x_wconf 77' lang='lat' dir='ltr'><strong>populeo</strong></span> <span class='ocrx_word' id='word_1_62' title='bbox 552 893 620 923; x_wconf 74' lang='lat' dir='ltr'><strong>vias</strong></span> <span class='ocrx_word' id='word_1_63' title='bbox 630 894 792 931; x_wconf 73' lang='lat' dir='ltr'><strong>gravatas.</strong></span> <span class='ocrx_word' id='word_1_64' title='bbox 837 889 939 923; x_wconf 83' lang='lat' dir='ltr'><strong>Quod</strong></span> 
     </span>
     <span class='ocr_line' id='line_1_14' title="bbox 236 940 940 982; baseline -0.003 -9"><span class='ocrx_word' id='word_1_65' title='bbox 236 942 292 973; x_wconf 86' lang='lat' dir='ltr'><strong>vir</strong></span> <span class='ocrx_word' id='word_1_66' title='bbox 306 942 473 973; x_wconf 74' lang='lat' dir='ltr'><strong>maximus</strong></span> <span class='ocrx_word' id='word_1_67' title='bbox 489 940 578 982; x_wconf 83' lang='lat' dir='ltr'><strong>Ang.</strong></span> <span class='ocrx_word' id='word_1_68' title='bbox 591 940 865 981; x_wconf 69' lang='lat' dir='ltr'><strong>PolitianusJam</strong></span> <span class='ocrx_word' id='word_1_69' title='bbox 880 940 940 972; x_wconf 86' lang='lat' dir='ltr'><strong>diu</strong></span> 
     </span>
     <span class='ocr_line' id='line_1_15' title="bbox 236 990 939 1033; baseline 0 -11"><span class='ocrx_word' id='word_1_70' title='bbox 236 991 459 1032; x_wconf 80' lang='lat' dir='ltr'><strong>improbavit,</strong></span> <span class='ocrx_word' id='word_1_71' title='bbox 480 991 540 1024; x_wconf 85' lang='lat' dir='ltr'><strong>lib.</strong></span> <span class='ocrx_word' id='word_1_72' title='bbox 563 1001 614 1023; x_wconf 89' lang='lat' dir='ltr'><strong>1v.</strong></span> <span class='ocrx_word' id='word_1_73' title='bbox 639 992 752 1033; x_wconf 82' lang='lat' dir='ltr'>Epist.</span> <span class='ocrx_word' id='word_1_74' title='bbox 769 994 798 1023; x_wconf 92' lang='lat'><strong>1.</strong></span> <span class='ocrx_word' id='word_1_75' title='bbox 815 990 857 1022; x_wconf 87' lang='lat' dir='ltr'><strong>ad</strong></span> <span class='ocrx_word' id='word_1_76' title='bbox 874 991 939 1022; x_wconf 90' lang='lat' dir='ltr'><strong>Be·</strong></span> 
     </span>
     <span class='ocr_line' id='line_1_16' title="bbox 238 1040 938 1073; baseline 0 -1"><span class='ocrx_word' id='word_1_77' title='bbox 238 1041 405 1073; x_wconf 80' lang='lat' dir='ltr'><strong>roaldurn.</strong></span> <span class='ocrx_word' id='word_1_78' title='bbox 439 1041 642 1073; x_wconf 80' lang='lat' dir='ltr'><strong>Bernartius</strong></span> <span class='ocrx_word' id='word_1_79' title='bbox 659 1051 735 1073; x_wconf 89' lang='lat' dir='ltr'><strong>cnm</strong></span> <span class='ocrx_word' id='word_1_80' title='bbox 750 1042 859 1073; x_wconf 89' lang='lat' dir='ltr'><strong>locum</strong></span> <span class='ocrx_word' id='word_1_81' title='bbox 876 1040 938 1072; x_wconf 84' lang='lat' dir='ltr'><strong>foe·</strong></span> 
     </span>
     <span class='ocr_line' id='line_1_17' title="bbox 237 1090 938 1132; baseline -0.001 -9"><span class='ocrx_word' id='word_1_82' title='bbox 237 1090 283 1123; x_wconf 89' lang='lat' dir='ltr'><strong>de</strong></span> <span class='ocrx_word' id='word_1_83' title='bbox 305 1093 504 1132; x_wconf 85' lang='lat' dir='ltr'><strong>corruptum</strong></span> <span class='ocrx_word' id='word_1_84' title='bbox 526 1090 690 1132; x_wconf 82' lang='lat' dir='ltr'>fateatur,</span> <span class='ocrx_word' id='word_1_85' title='bbox 705 1092 871 1132; x_wconf 78' lang='lat' dir='ltr'><strong>tantisper</strong></span> <span class='ocrx_word' id='word_1_86' title='bbox 887 1096 938 1123; x_wconf 87' lang='lat' dir='ltr'><strong>ta-</strong></span> 
     </span>
     <span class='ocr_line' id='line_1_18' title="bbox 238 1141 937 1174; baseline 0 -1"><span class='ocrx_word' id='word_1_87' title='bbox 238 1150 316 1173; x_wconf 85' lang='lat' dir='ltr'><strong>men</strong></span> <span class='ocrx_word' id='word_1_88' title='bbox 332 1150 369 1173; x_wconf 81' lang='lat' dir='ltr'><strong>se</strong></span> <span class='ocrx_word' id='word_1_89' title='bbox 393 1141 540 1174; x_wconf 87' lang='lat' dir='ltr'><strong>Domitii</strong></span> <span class='ocrx_word' id='word_1_90' title='bbox 563 1142 769 1174; x_wconf 86' lang='lat' dir='ltr'><strong>correctioni</strong></span> <span class='ocrx_word' id='word_1_91' title='bbox 785 1142 937 1173; x_wconf 76' lang='lat' dir='ltr'><strong>adhaesu-</strong></span> 
     </span>
     <span class='ocr_line' id='line_1_19' title="bbox 237 1191 938 1233; baseline -0.001 -10"><span class='ocrx_word' id='word_1_92' title='bbox 237 1200 312 1224; x_wconf 89' lang='lat' dir='ltr'><strong>rum</strong></span> <span class='ocrx_word' id='word_1_93' title='bbox 338 1191 435 1228; x_wconf 87' lang='lat' dir='ltr'><strong>dicit,</strong></span> <span class='ocrx_word' id='word_1_94' title='bbox 461 1191 570 1224; x_wconf 87' lang='lat' dir='ltr'><strong>donec</strong></span> <span class='ocrx_word' id='word_1_95' title='bbox 599 1192 719 1224; x_wconf 77' lang='lat' dir='ltr'><strong>melius</strong></span> <span class='ocrx_word' id='word_1_96' title='bbox 748 1191 827 1233; x_wconf 87' lang='lat' dir='ltr'><strong>quid</strong></span> <span class='ocrx_word' id='word_1_97' title='bbox 854 1192 938 1223; x_wconf 83' lang='lat' dir='ltr'><strong>alius</strong></span> 
     </span>
     <span class='ocr_line' id='line_1_20' title="bbox 237 1241 936 1288; baseline 0.001 -15"><span class='ocrx_word' id='word_1_98' title='bbox 237 1241 404 1273; x_wconf 84' lang='lat' dir='ltr'><strong>attulerit.</strong></span> <span class='ocrx_word' id='word_1_99' title='bbox 447 1242 521 1288; x_wconf 80' lang='lat' dir='ltr'><strong>Ego</strong></span> <span class='ocrx_word' id='word_1_100' title='bbox 537 1251 603 1273; x_wconf 89' lang='lat' dir='ltr'><strong>non</strong></span> <span class='ocrx_word' id='word_1_101' title='bbox 619 1242 751 1282; x_wconf 91' lang='lat' dir='ltr'><strong>dubito,</strong></span> <span class='ocrx_word' id='word_1_102' title='bbox 769 1242 849 1283; x_wconf 87' lang='lat' dir='ltr'><strong>quin</strong></span> <span class='ocrx_word' id='word_1_103' title='bbox 867 1252 936 1274; x_wconf 86' lang='lat' dir='ltr'><strong>rem</strong></span> 
     </span>
     <span class='ocr_line' id='line_1_21' title="bbox 236 1290 938 1334; baseline 0.003 -12"><span class='ocrx_word' id='word_1_104' title='bbox 236 1290 347 1332; x_wconf 86' lang='lat' dir='ltr'>ipsam</span> <span class='ocrx_word' id='word_1_105' title='bbox 363 1292 561 1333; x_wconf 85' lang='lat' dir='ltr'><strong>repererim.</strong></span> <span class='ocrx_word' id='word_1_106' title='bbox 583 1293 647 1324; x_wconf 86' lang='lat' dir='ltr'><strong>Via</strong></span> <span class='ocrx_word' id='word_1_107' title='bbox 661 1293 736 1324; x_wconf 83' lang='lat' dir='ltr'><strong>haec</strong></span> <span class='ocrx_word' id='word_1_108' title='bbox 750 1303 851 1334; x_wconf 87' lang='lat' dir='ltr'><strong>quam</strong></span> <span class='ocrx_word' id='word_1_109' title='bbox 868 1294 938 1324; x_wconf 89' lang='lat' dir='ltr'><strong>Do·</strong></span> 
     </span>
     <span class='ocr_line' id='line_1_22' title="bbox 237 1341 936 1383; baseline 0.003 -10"><span class='ocrx_word' id='word_1_110' title='bbox 237 1341 400 1374; x_wconf 87' lang='lat' dir='ltr'><strong>mitianus</strong></span> <span class='ocrx_word' id='word_1_111' title='bbox 417 1342 646 1383; x_wconf 82' lang='lat' dir='ltr'><strong>restaurabat,</strong></span> <span class='ocrx_word' id='word_1_112' title='bbox 663 1347 835 1375; x_wconf 82' lang='lat' dir='ltr'><strong>vetustate</strong></span> <span class='ocrx_word' id='word_1_113' title='bbox 851 1343 936 1376; x_wconf 89' lang='lat' dir='ltr'><strong>adeo</strong></span> 
     </span>
     <span class='ocr_line' id='line_1_23' title="bbox 234 1392 936 1433; baseline 0.001 -9"><span class='ocrx_word' id='word_1_114' title='bbox 234 1392 390 1433; x_wconf 85' lang='lat' dir='ltr'><strong>collapsa</strong></span> <span class='ocrx_word' id='word_1_115' title='bbox 401 1398 488 1431; x_wconf 87' lang='lat' dir='ltr'><strong>erat,</strong></span> <span class='ocrx_word' id='word_1_116' title='bbox 505 1397 543 1424; x_wconf 88' lang='lat' dir='ltr'><strong>nt</strong></span> <span class='ocrx_word' id='word_1_117' title='bbox 559 1392 744 1424; x_wconf 83' lang='lat' dir='ltr'><strong>vicinorum</strong></span> <span class='ocrx_word' id='word_1_118' title='bbox 759 1392 936 1425; x_wconf 85' lang='lat' dir='ltr'><strong>fluviorum</strong></span> 
     </span>
     <span class='ocr_line' id='line_1_24' title="bbox 234 1442 936 1485; baseline 0.004 -12"><span class='ocrx_word' id='word_1_119' title='bbox 234 1442 333 1483; x_wconf 83' lang='lat' dir='ltr'><strong>aquis</strong></span> <span class='ocrx_word' id='word_1_120' title='bbox 350 1442 517 1483; x_wconf 80' lang='lat' dir='ltr'><strong>immissis,</strong></span> <span class='ocrx_word' id='word_1_121' title='bbox 532 1442 663 1483; x_wconf 84' lang='lat' dir='ltr'><strong>paludis</strong></span> <span class='ocrx_word' id='word_1_122' title='bbox 678 1443 784 1475; x_wconf 79' lang='lat' dir='ltr'><strong>instar</strong></span> <span class='ocrx_word' id='word_1_123' title='bbox 801 1449 936 1485; x_wconf 84' lang='lat' dir='ltr'><strong>stagna-</strong></span> 
     </span>
     <span class='ocr_line' id='line_1_25' title="bbox 236 1493 935 1536; baseline 0.003 -12"><span class='ocrx_word' id='word_1_124' title='bbox 236 1496 304 1533; x_wconf 83' lang='lat' dir='ltr'><strong>ret,</strong></span> <span class='ocrx_word' id='word_1_125' title='bbox 320 1497 426 1534; x_wconf 84' lang='lat' dir='ltr'><strong>atque</strong></span> <span class='ocrx_word' id='word_1_126' title='bbox 449 1493 671 1534; x_wconf 82' lang='lat' dir='ltr'><strong>arundinetis,</strong></span> <span class='ocrx_word' id='word_1_127' title='bbox 677 1494 861 1536; x_wconf 86' lang='lat' dir='ltr'><strong>juncisque</strong></span> <span class='ocrx_word' id='word_1_128' title='bbox 878 1504 935 1535; x_wconf 90' lang='lat' dir='ltr'><strong>pa-</strong></span> 
     </span>
     <span class='ocr_line' id='line_1_26' title="bbox 234 1543 935 1586; baseline 0.004 -12"><span class='ocrx_word' id='word_1_129' title='bbox 234 1543 399 1575; x_wconf 79' lang='lat' dir='ltr'><strong>lustribus</strong></span> <span class='ocrx_word' id='word_1_130' title='bbox 427 1544 565 1585; x_wconf 82' lang='lat' dir='ltr'><strong>penitus</strong></span> <span class='ocrx_word' id='word_1_131' title='bbox 593 1545 738 1586; x_wconf 85' lang='lat' dir='ltr'><strong>oppleta</strong></span> <span class='ocrx_word' id='word_1_132' title='bbox 766 1545 935 1586; x_wconf 77' lang='lat' dir='ltr'><strong>sorderet,</strong></span> 
     </span>
     <span class='ocr_line' id='line_1_27' title="bbox 237 1594 935 1636; baseline 0.004 -12"><span class='ocrx_word' id='word_1_133' title='bbox 237 1594 328 1635; x_wconf 90' lang='lat' dir='ltr'><strong>quod</strong></span> <span class='ocrx_word' id='word_1_134' title='bbox 358 1603 402 1625; x_wconf 87' lang='lat' dir='ltr'><strong>ex</strong></span> <span class='ocrx_word' id='word_1_135' title='bbox 430 1594 650 1636; x_wconf 82' lang='lat' dir='ltr'><strong>sequentibus</strong></span> <span class='ocrx_word' id='word_1_136' title='bbox 677 1594 796 1626; x_wconf 63' lang='lat' dir='ltr'><strong>Poetae</strong></span> <span class='ocrx_word' id='word_1_137' title='bbox 823 1595 935 1627; x_wconf 88' lang='lat' dir='ltr'><strong>verbis</strong></span> 
     </span>
     <span class='ocr_line' id='line_1_28' title="bbox 234 1645 935 1687; baseline 0.003 -12"><span class='ocrx_word' id='word_1_138' title='bbox 234 1645 364 1676; x_wconf 82' lang='lat' dir='ltr'><strong>clarum</strong></span> <span class='ocrx_word' id='word_1_139' title='bbox 381 1650 447 1677; x_wconf 90' lang='lat' dir='ltr'><strong>est.</strong></span> <span class='ocrx_word' id='word_1_140' title='bbox 491 1646 583 1677; x_wconf 90' lang='lat' dir='ltr'><strong>Hinc</strong></span> <span class='ocrx_word' id='word_1_141' title='bbox 603 1645 739 1677; x_wconf 88' lang='lat' dir='ltr'><strong>omnino</strong></span> <span class='ocrx_word' id='word_1_142' title='bbox 754 1645 935 1687; x_wconf 82' lang='lat' dir='ltr'><strong>legendum</strong></span> 
     </span>
     <span class='ocr_line' id='line_1_29' title="bbox 232 1694 937 1736; baseline 0.003 -11"><span class='ocrx_word' id='word_1_143' title='bbox 232 1698 320 1735; x_wconf 84' lang='lat' dir='ltr'><strong>puto</strong></span> <span class='ocrx_word' id='word_1_144' title='bbox 333 1694 470 1726; x_wconf 83' lang='lat' dir='ltr'><strong>minima</strong></span> <span class='ocrx_word' id='word_1_145' title='bbox 480 1694 823 1736; x_wconf 87' lang='lat' dir='ltr'><strong>mutatione,tantum</strong></span> <span class='ocrx_word' id='word_1_146' title='bbox 840 1695 937 1736; x_wconf 82' lang='lat' dir='ltr'><strong>diph-</strong></span> 
     </span>
     <span class='ocr_line' id='line_1_30' title="bbox 235 1744 937 1787; baseline 0.003 -11"><span class='ocrx_word' id='word_1_147' title='bbox 235 1744 364 1785; x_wconf 76' lang='lat' dir='ltr'><strong>thongo</strong></span> <span class='ocrx_word' id='word_1_148' title='bbox 380 1745 517 1777; x_wconf 85' lang='lat' dir='ltr'><strong>addita:</strong></span> <span class='ocrx_word' id='word_1_149' title='bbox 536 1745 603 1777; x_wconf 79' lang='lat' dir='ltr'><strong>His</strong></span> <span class='ocrx_word' id='word_1_150' title='bbox 621 1746 731 1778; x_wconf 78' lang='lat' dir='ltr'><strong>ecoenie</strong></span> <span class='ocrx_word' id='word_1_151' title='bbox 746 1746 855 1787; x_wconf 80' lang='lat' dir='ltr'><strong>populi</strong></span> <span class='ocrx_word' id='word_1_152' title='bbox 869 1746 937 1779; x_wconf 78' lang='lat' dir='ltr'><strong>vias</strong></span> 
     </span>
     <span class='ocr_line' id='line_1_31' title="bbox 231 1796 936 1835; baseline 0.004 -9"><span class='ocrx_word' id='word_1_153' title='bbox 231 1798 395 1835; x_wconf 80' lang='lat' dir='ltr'><strong>gravatas.</strong></span> <span class='ocrx_word' id='word_1_154' title='bbox 410 1797 538 1835; x_wconf 79' lang='grc' dir='ltr'><strong><em>σχοῖνος</em></strong></span> <span class='ocrx_word' id='word_1_155' title='bbox 561 1796 688 1828; x_wconf 85' lang='lat' dir='ltr'><strong>Graeca</strong></span> <span class='ocrx_word' id='word_1_156' title='bbox 710 1804 790 1834; x_wconf 78' lang='lat' dir='ltr'><strong>vox,</strong></span> <span class='ocrx_word' id='word_1_157' title='bbox 805 1797 936 1829; x_wconf 81' lang='lat' dir='ltr'><strong>Latinis</strong></span> 
     </span>
     <span class='ocr_line' id='line_1_32' title="bbox 223 1845 936 1886; baseline 0.004 -10"><span class='ocrx_word' id='word_1_158' title='bbox 223 1845 352 1884; x_wconf 68' lang='lat' dir='ltr'><strong>juncus,</strong></span> <span class='ocrx_word' id='word_1_159' title='bbox 365 1855 464 1877; x_wconf 79' lang='lat' dir='ltr'><strong>canna</strong></span> <span class='ocrx_word' id='word_1_160' title='bbox 477 1845 617 1886; x_wconf 88' lang='lat' dir='ltr'><strong>dicitur,</strong></span> <span class='ocrx_word' id='word_1_161' title='bbox 632 1846 693 1878; x_wconf 86' lang='lat' dir='ltr'><strong>sed</strong></span> <span class='ocrx_word' id='word_1_162' title='bbox 706 1851 745 1879; x_wconf 91' lang='lat' dir='ltr'><strong>ut</strong></span> <span class='ocrx_word' id='word_1_163' title='bbox 760 1846 936 1880; x_wconf 80' lang='lat' dir='ltr'><strong>innumera</strong></span> 
     </span>
     <span class='ocr_line' id='line_1_33' title="bbox 233 1895 935 1938; baseline 0.006 -12"><span class='ocrx_word' id='word_1_164' title='bbox 233 1895 303 1927; x_wconf 84' lang='lat' dir='ltr'><strong>alia</strong></span> <span class='ocrx_word' id='word_1_165' title='bbox 329 1896 455 1928; x_wconf 82' lang='lat' dir='ltr'><strong>Graeca</strong></span> <span class='ocrx_word' id='word_1_166' title='bbox 475 1896 642 1928; x_wconf 86' lang='lat' dir='ltr'><strong>vocabula</strong></span> <span class='ocrx_word' id='word_1_167' title='bbox 661 1897 762 1931; x_wconf 87' lang='lat' dir='ltr'><strong>Latio</strong></span> <span class='ocrx_word' id='word_1_168' title='bbox 779 1897 859 1938; x_wconf 86' lang='lat' dir='ltr'><strong>jure</strong></span> <span class='ocrx_word' id='word_1_169' title='bbox 874 1898 935 1930; x_wconf 89' lang='lat' dir='ltr'><strong>do-</strong></span> 
     </span>
     <span class='ocr_line' id='line_1_34' title="bbox 234 1946 934 1980; baseline 0.006 -4"><span class='ocrx_word' id='word_1_170' title='bbox 234 1949 316 1977; x_wconf 84' lang='lat' dir='ltr'><strong>nata</strong></span> <span class='ocrx_word' id='word_1_171' title='bbox 330 1950 396 1978; x_wconf 79' lang='lat' dir='ltr'><strong>est.</strong></span> <span class='ocrx_word' id='word_1_172' title='bbox 433 1946 577 1978; x_wconf 85' lang='lat' dir='ltr'><strong>Plautus</strong></span> <span class='ocrx_word' id='word_1_173' title='bbox 593 1946 744 1979; x_wconf 83' lang='lat' dir='ltr'><strong>Rudent.</strong></span> <span class='ocrx_word' id='word_1_174' title='bbox 758 1957 841 1979; x_wconf 85' lang='lat' dir='ltr'><strong>vn1.</strong></span> <span class='ocrx_word' id='word_1_175' title='bbox 861 1948 871 1966; x_wconf 79' lang='lat'><strong><em>⁴</em></strong></span> <span class='ocrx_word' id='word_1_176' title='bbox 885 1949 934 1980; x_wconf 91' lang='lat' dir='ltr'><strong>Hi</strong></span> 
     </span>
     <span class='ocr_line' id='line_1_35' title="bbox 235 1996 934 2040; baseline 0.006 -14"><span class='ocrx_word' id='word_1_177' title='bbox 235 1996 340 2027; x_wconf 77' lang='lat' dir='ltr'><strong>scoeni</strong></span> <span class='ocrx_word' id='word_1_178' title='bbox 365 1996 480 2032; x_wconf 80' lang='lat' dir='ltr'><strong>etiam,</strong></span> <span class='ocrx_word' id='word_1_179' title='bbox 512 2001 616 2038; x_wconf 86' lang='lat' dir='ltr'><strong>atque</strong></span> <span class='ocrx_word' id='word_1_180' title='bbox 649 1998 702 2029; x_wconf 85' lang='lat' dir='ltr'><strong>hae</strong></span> <span class='ocrx_word' id='word_1_181' title='bbox 738 1998 934 2040; x_wconf 81' lang='lat' dir='ltr'><strong>arundines,</strong></span> 
     </span>
     <span class='ocr_line' id='line_1_36' title="bbox 233 2045 933 2088; baseline 0.004 -11"><span class='ocrx_word' id='word_1_182' title='bbox 233 2045 332 2078; x_wconf 85' lang='lat' dir='ltr'><strong>nobis</strong></span> <span class='ocrx_word' id='word_1_183' title='bbox 348 2047 492 2088; x_wconf 74' lang='lat' dir='ltr'><strong>quaestui</strong></span> <span class='ocrx_word' id='word_1_184' title='bbox 506 2052 541 2078; x_wconf 87' lang='lat' dir='ltr'><strong>et</strong></span> <span class='ocrx_word' id='word_1_185' title='bbox 556 2047 689 2080; x_wconf 87' lang='lat' dir='ltr'><strong>cultui.’</strong></span> <span class='ocrx_word' id='word_1_186' title='bbox 715 2049 843 2080; x_wconf 82' lang='lat' dir='ltr'><strong>Gevart.</strong></span> <span class='ocrx_word' id='word_1_187' title='bbox 866 2049 933 2080; x_wconf 83' lang='lat' dir='ltr'><strong>Hie</strong></span> 
     </span>
     <span class='ocr_line' id='line_1_37' title="bbox 232 2097 933 2137; baseline 0.007 -10"><span class='ocrx_word' id='word_1_188' title='bbox 232 2097 347 2137; x_wconf 71' lang='lat' dir='ltr'><strong>scenis]</strong></span> <span class='ocrx_word' id='word_1_189' title='bbox 377 2098 468 2128; x_wconf 90' lang='lat' dir='ltr'><strong>Ven.</strong></span> <span class='ocrx_word' id='word_1_190' title='bbox 494 2101 531 2129; x_wconf 90' lang='lat' dir='ltr'><strong>et</strong></span> <span class='ocrx_word' id='word_1_191' title='bbox 558 2098 657 2130; x_wconf 82' lang='lat' dir='ltr'><strong>Salis.</strong></span> <span class='ocrx_word' id='word_1_192' title='bbox 682 2100 785 2132; x_wconf 75' lang='lat' dir='ltr'><strong>savis.</strong></span> <span class='ocrx_word' id='word_1_193' title='bbox 823 2100 933 2133; x_wconf 89' lang='lat' dir='ltr'><strong>Rhod.</strong></span> 
     </span>
     <span class='ocr_line' id='line_1_38' title="bbox 232 2147 932 2190; baseline 0.006 -12"><span class='ocrx_word' id='word_1_194' title='bbox 232 2147 326 2179; x_wconf 79' lang='lat' dir='ltr'><strong>senis.</strong></span> <span class='ocrx_word' id='word_1_195' title='bbox 372 2147 484 2179; x_wconf 87' lang='lat' dir='ltr'><strong>Credo</strong></span> <span class='ocrx_word' id='word_1_196' title='bbox 507 2149 612 2180; x_wconf 77' lang='lat' dir='ltr'><strong>coenis.</strong></span> <span class='ocrx_word' id='word_1_197' title='bbox 661 2148 737 2180; x_wconf 78' lang='lat' dir='ltr'><strong>Vias</strong></span> <span class='ocrx_word' id='word_1_198' title='bbox 754 2149 870 2190; x_wconf 78' lang='lat' dir='ltr'><strong>populi,</strong></span> <span class='ocrx_word' id='word_1_199' title='bbox 894 2153 932 2182; x_wconf 92' lang='lat' dir='ltr'><strong>ut</strong></span> 
     </span>
     <span class='ocr_line' id='line_1_39' title="bbox 231 2197 932 2241; baseline 0.006 -13"><span class='ocrx_word' id='word_1_200' title='bbox 231 2197 267 2228; x_wconf 83' lang='lat' dir='ltr'><strong>iu</strong></span> <span class='ocrx_word' id='word_1_201' title='bbox 282 2197 397 2238; x_wconf 83' lang='lat' dir='ltr'><strong>lapide</strong></span> <span class='ocrx_word' id='word_1_202' title='bbox 410 2197 535 2230; x_wconf 86' lang='lat' dir='ltr'><strong>veteri:</strong></span> <span class='ocrx_word' id='word_1_203' title='bbox 559 2198 568 2215; x_wconf 92' lang='lat'>‘</span> <span class='ocrx_word' id='word_1_204' title='bbox 580 2197 778 2231; x_wconf 84' lang='lat' dir='ltr'><strong>redonatori</strong></span> <span class='ocrx_word' id='word_1_205' title='bbox 793 2199 856 2231; x_wconf 88' lang='lat' dir='ltr'><strong>viae</strong></span> <span class='ocrx_word' id='word_1_206' title='bbox 873 2209 932 2241; x_wconf 88' lang='lat' dir='ltr'><strong>po·</strong></span> 
     </span>
     <span class='ocr_line' id='line_1_40' title="bbox 231 2247 451 2288; baseline 0.009 -10"><span class='ocrx_word' id='word_1_207' title='bbox 231 2247 328 2288; x_wconf 83' lang='lat' dir='ltr'><strong>puli.&#39;</strong></span> <span class='ocrx_word' id='word_1_208' title='bbox 351 2248 451 2280; x_wconf 79' lang='lat' dir='ltr'><strong>Gron.</strong></span> 
     </span>
    </p>

    <p class='ocr_par' dir='ltr' id='par_1_4' title="bbox 229 2298 932 2580">
     <span class='ocr_line' id='line_1_41' title="bbox 274 2298 930 2339; baseline 0.002 -9"><span class='ocrx_word' id='word_1_209' title='bbox 274 2300 317 2330; x_wconf 83' lang='lat'><strong>22</strong></span> <span class='ocrx_word' id='word_1_210' title='bbox 356 2298 481 2330; x_wconf 76' lang='lat' dir='ltr'><strong>Eximit</strong></span> <span class='ocrx_word' id='word_1_211' title='bbox 513 2299 619 2338; x_wconf 79' lang='lat' dir='ltr'><strong>longos</strong></span> <span class='ocrx_word' id='word_1_212' title='bbox 652 2298 801 2339; x_wconf 76' lang='lat' dir='ltr'><strong>ambitus]</strong></span> <span class='ocrx_word' id='word_1_213' title='bbox 836 2300 930 2331; x_wconf 89' lang='lat' dir='ltr'><strong>Dum</strong></span> 
     </span>
     <span class='ocr_line' id='line_1_42' title="bbox 232 2348 932 2388; baseline 0.004 -9"><span class='ocrx_word' id='word_1_214' title='bbox 232 2349 358 2380; x_wconf 82' lang='lat' dir='ltr'><strong>sternit</strong></span> <span class='ocrx_word' id='word_1_215' title='bbox 388 2348 474 2380; x_wconf 85' lang='lat' dir='ltr'><strong>viam</strong></span> <span class='ocrx_word' id='word_1_216' title='bbox 510 2349 738 2388; x_wconf 84' lang='lat' dir='ltr'><strong>Domitianus,</strong></span> <span class='ocrx_word' id='word_1_217' title='bbox 771 2348 858 2381; x_wconf 84' lang='lat' dir='ltr'><strong>fecit</strong></span> <span class='ocrx_word' id='word_1_218' title='bbox 893 2354 932 2382; x_wconf 87' lang='lat' dir='ltr'><strong>ut</strong></span> 
     </span>
     <span class='ocr_line' id='line_1_43' title="bbox 231 2398 931 2439; baseline 0.001 -10"><span class='ocrx_word' id='word_1_219' title='bbox 231 2398 358 2430; x_wconf 82' lang='lat' dir='ltr'><strong>viatori</strong></span> <span class='ocrx_word' id='word_1_220' title='bbox 389 2408 452 2439; x_wconf 86' lang='lat' dir='ltr'><strong>per</strong></span> <span class='ocrx_word' id='word_1_221' title='bbox 474 2399 594 2439; x_wconf 85' lang='lat' dir='ltr'><strong>longos</strong></span> <span class='ocrx_word' id='word_1_222' title='bbox 617 2398 763 2430; x_wconf 84' lang='lat' dir='ltr'><strong>ambitus</strong></span> <span class='ocrx_word' id='word_1_223' title='bbox 787 2408 853 2430; x_wconf 93' lang='lat' dir='ltr'><strong>non</strong></span> <span class='ocrx_word' id='word_1_224' title='bbox 885 2400 931 2431; x_wconf 85' lang='lat' dir='ltr'><strong>sit</strong></span> 
     </span>
     <span class='ocr_line' id='line_1_44' title="bbox 230 2448 929 2490; baseline 0.003 -11"><span class='ocrx_word' id='word_1_225' title='bbox 230 2448 420 2488; x_wconf 89' lang='lat' dir='ltr'><strong>rependum</strong></span> <span class='ocrx_word' id='word_1_226' title='bbox 450 2453 487 2480; x_wconf 89' lang='lat' dir='ltr'><strong>ut</strong></span> <span class='ocrx_word' id='word_1_227' title='bbox 517 2450 620 2489; x_wconf 88' lang='lat' dir='ltr'><strong>prius.</strong></span> <span class='ocrx_word' id='word_1_228' title='bbox 682 2450 773 2481; x_wconf 84' lang='lat' dir='ltr'><strong>Novo</strong></span> <span class='ocrx_word' id='word_1_229' title='bbox 796 2449 929 2490; x_wconf 61' lang='lat' dir='ltr'><strong>iniectu]</strong></span> 
     </span>
     <span class='ocr_line' id='line_1_45' title="bbox 231 2499 928 2541; baseline 0.003 -11"><span class='ocrx_word' id='word_1_230' title='bbox 231 2499 333 2530; x_wconf 88' lang='lat' dir='ltr'><strong>Nova</strong></span> <span class='ocrx_word' id='word_1_231' title='bbox 348 2500 471 2531; x_wconf 87' lang='lat' dir='ltr'><strong>tellure</strong></span> <span class='ocrx_word' id='word_1_232' title='bbox 486 2505 521 2531; x_wconf 87' lang='lat' dir='ltr'><strong>et</strong></span> <span class='ocrx_word' id='word_1_233' title='bbox 543 2499 674 2531; x_wconf 76' lang='lat' dir='ltr'><strong>harenis</strong></span> <span class='ocrx_word' id='word_1_234' title='bbox 690 2500 838 2541; x_wconf 88' lang='lat' dir='ltr'><strong>injectis.</strong></span> <span class='ocrx_word' id='word_1_235' title='bbox 859 2501 928 2532; x_wconf 88' lang='lat' dir='ltr'><strong>Do-</strong></span> 
     </span>
     <span class='ocr_line' id='line_1_46' title="bbox 229 2547 544 2580; baseline 0.003 -1"><span class='ocrx_word' id='word_1_236' title='bbox 229 2547 300 2580; x_wconf 80' lang='lat' dir='ltr'><strong>mit.</strong></span> <span class='ocrx_word' id='word_1_237' title='bbox 541 2558 544 2562; x_wconf 82' lang='grc'>’</span> 
     </span>
    </p>

    <p class='ocr_par' dir='ltr' id='par_1_5' title="bbox 226 2598 928 2844">
     <span class='ocr_line' id='line_1_47' title="bbox 273 2598 928 2641; baseline 0.008 -13"><span class='ocrx_word' id='word_1_238' title='bbox 273 2601 315 2629; x_wconf 83' lang='grc'><strong>27</strong></span> <span class='ocrx_word' id='word_1_239' title='bbox 339 2598 405 2629; x_wconf 76' lang='lat' dir='ltr'><strong>Hic</strong></span> <span class='ocrx_word' id='word_1_240' title='bbox 420 2601 571 2639; x_wconf 74' lang='lat' dir='ltr'><strong>quondam</strong></span> <span class='ocrx_word' id='word_1_241' title='bbox 581 2599 684 2641; x_wconf 80' lang='lat' dir='ltr'><strong>piger,</strong></span> <span class='ocrx_word' id='word_1_242' title='bbox 693 2600 764 2641; x_wconf 55' lang='grc' dir='ltr'><strong>θα]</strong></span> <span class='ocrx_word' id='word_1_243' title='bbox 781 2599 836 2632; x_wconf 91' lang='lat' dir='ltr'><strong>An</strong></span> <span class='ocrx_word' id='word_1_244' title='bbox 850 2600 928 2633; x_wconf 91' lang='lat' dir='ltr'><strong>ideo</strong></span> 
     </span>
     <span class='ocr_line' id='line_1_48' title="bbox 229 2648 928 2692; baseline 0.006 -13"><span class='ocrx_word' id='word_1_245' title='bbox 229 2648 331 2687; x_wconf 78' lang='lat' dir='ltr'><strong>Piger</strong></span> <span class='ocrx_word' id='word_1_246' title='bbox 349 2648 465 2687; x_wconf 76' lang='lat' dir='ltr'><strong>viator,</strong></span> <span class='ocrx_word' id='word_1_247' title='bbox 494 2649 582 2690; x_wconf 88' lang='lat' dir='ltr'><strong>bigis</strong></span> <span class='ocrx_word' id='word_1_248' title='bbox 602 2654 735 2691; x_wconf 82' lang='lat' dir='ltr'><strong>vectus,</strong></span> <span class='ocrx_word' id='word_1_249' title='bbox 758 2651 838 2692; x_wconf 85' lang='lat' dir='ltr'><strong>quia</strong></span> <span class='ocrx_word' id='word_1_250' title='bbox 859 2656 928 2683; x_wconf 86' lang='lat' dir='ltr'><strong>tar-</strong></span> 
     </span>
     <span class='ocr_line' id='line_1_49' title="bbox 226 2697 927 2743; baseline 0.006 -14"><span class='ocrx_word' id='word_1_251' title='bbox 226 2697 303 2730; x_wconf 89' lang='lat' dir='ltr'><strong>dius</strong></span> <span class='ocrx_word' id='word_1_252' title='bbox 319 2698 476 2738; x_wconf 82' lang='lat' dir='ltr'><strong>procedit</strong></span> <span class='ocrx_word' id='word_1_253' title='bbox 487 2703 521 2730; x_wconf 86' lang='lat' dir='ltr'><strong>et</strong></span> <span class='ocrx_word' id='word_1_254' title='bbox 535 2700 631 2740; x_wconf 85' lang='lat' dir='ltr'><strong>quasi</strong></span> <span class='ocrx_word' id='word_1_255' title='bbox 645 2700 838 2732; x_wconf 86' lang='lat' dir='ltr'><strong>testudineo</strong></span> <span class='ocrx_word' id='word_1_256' title='bbox 853 2711 927 2743; x_wconf 84' lang='lat' dir='ltr'><strong>gra-</strong></span> 
     </span>
     <span class='ocr_line' id='line_1_50' title="bbox 227 2747 926 2786; baseline 0.007 -8"><span class='ocrx_word' id='word_1_257' title='bbox 227 2747 288 2786; x_wconf 89' lang='lat' dir='ltr'><strong>du,</strong></span> <span class='ocrx_word' id='word_1_258' title='bbox 313 2747 462 2779; x_wconf 81' lang='lat' dir='ltr'><strong>titubans</strong></span> <span class='ocrx_word' id='word_1_259' title='bbox 483 2752 519 2779; x_wconf 89' lang='lat' dir='ltr'><strong>et</strong></span> <span class='ocrx_word' id='word_1_260' title='bbox 536 2750 708 2786; x_wconf 87' lang='lat' dir='ltr'><strong>vacillans,</strong></span> <span class='ocrx_word' id='word_1_261' title='bbox 722 2750 767 2782; x_wconf 91' lang='lat' dir='ltr'><strong>ob</strong></span> <span class='ocrx_word' id='word_1_262' title='bbox 783 2750 850 2782; x_wconf 89' lang='lat' dir='ltr'><strong>iter</strong></span> <span class='ocrx_word' id='word_1_263' title='bbox 864 2751 926 2783; x_wconf 92' lang='lat' dir='ltr'><strong>im-</strong></span> 
     </span>
     <span class='ocr_line' id='line_1_51' title="bbox 230 2798 925 2844; baseline 0.007 -14"><span class='ocrx_word' id='word_1_264' title='bbox 230 2798 385 2839; x_wconf 82' lang='lat' dir='ltr'><strong>peditum</strong></span> <span class='ocrx_word' id='word_1_265' title='bbox 398 2807 438 2831; x_wconf 85' lang='lat' dir='ltr'><strong>ac</strong></span> <span class='ocrx_word' id='word_1_266' title='bbox 453 2801 686 2841; x_wconf 81' lang='lat' dir='ltr'><strong>praeruptum?</strong></span> <span class='ocrx_word' id='word_1_267' title='bbox 707 2810 749 2833; x_wconf 84' lang='lat' dir='ltr'><strong>an</strong></span> <span class='ocrx_word' id='word_1_268' title='bbox 765 2805 925 2844; x_wconf 88' lang='lat' dir='ltr'><strong>tanquam</strong></span> 
     </span>
    </p>
   </div>
   <div class='ocr_carea' id='block_1_3' title="bbox 705 242 1228 274">
    <p class='ocr_par' dir='ltr' id='par_1_6' title="bbox 705 242 1228 274">
     <span class='ocr_line' id='line_1_52' title="bbox 705 242 1228 274; baseline 0 0"><span class='ocrx_word' id='word_1_269' title='bbox 705 243 846 274; x_wconf 80' lang='lat' dir='ltr'><strong>No&#39;rAE</strong></span> <span class='ocrx_word' id='word_1_270' title='bbox 878 242 1141 274; x_wconf 74' lang='lat' dir='ltr'><strong>VARIORUM</strong></span> <span class='ocrx_word' id='word_1_271' title='bbox 1177 242 1228 274; x_wconf 80' lang='grc' dir='ltr'><strong>ΙΝ</strong></span> 
     </span>
    </p>
   </div>
   <div class='ocr_carea' id='block_1_4' title="bbox 975 333 1694 2836">
    <p class='ocr_par' dir='ltr' id='par_1_7' title="bbox 986 333 1694 1232">
     <span class='ocr_line' id='line_1_53' title="bbox 993 333 1694 376; baseline 0.003 -9"><span class='ocrx_word' id='word_1_272' title='bbox 993 334 1116 375; x_wconf 80' lang='lat' dir='ltr'><strong>fessus,</strong></span> <span class='ocrx_word' id='word_1_273' title='bbox 1144 335 1207 376; x_wconf 78' lang='lat' dir='ltr'><strong>qui</strong></span> <span class='ocrx_word' id='word_1_274' title='bbox 1230 333 1392 367; x_wconf 61' lang='lat' dir='ltr'><strong>Hebraeis</strong></span> <span class='ocrx_word' id='word_1_275' title='bbox 1420 334 1494 365; x_wconf 67' lang='lat' dir='ltr'><strong>un</strong></span> <span class='ocrx_word' id='word_1_276' title='bbox 1524 337 1694 369; x_wconf 68' lang='lat' dir='ltr'><strong>vocatur-⁸·</strong></span> 
     </span>
     <span class='ocr_line' id='line_1_54' title="bbox 988 383 1688 428; baseline 0.001 -10"><span class='ocrx_word' id='word_1_277' title='bbox 988 387 1084 419; x_wconf 87' lang='lat' dir='ltr'><strong>velut</strong></span> <span class='ocrx_word' id='word_1_278' title='bbox 1096 384 1212 428; x_wconf 74' lang='grc' dir='ltr'><strong><em>πικρὸς,</em></strong></span> <span class='ocrx_word' id='word_1_279' title='bbox 1227 395 1299 418; x_wconf 81' lang='lat' dir='ltr'><strong>acer</strong></span> <span class='ocrx_word' id='word_1_280' title='bbox 1322 389 1359 418; x_wconf 87' lang='lat' dir='ltr'><strong>et</strong></span> <span class='ocrx_word' id='word_1_281' title='bbox 1383 387 1462 417; x_wconf 70' lang='lat' dir='ltr'><strong>tm</strong></span> <span class='ocrx_word' id='word_1_282' title='bbox 1475 383 1622 419; x_wconf 72' lang='lat' dir='ltr'><strong>effectu·</strong></span> <span class='ocrx_word' id='word_1_283' title='bbox 1633 394 1688 418; x_wconf 68' lang='lat'><strong>⁸0-</strong></span> 
     </span>
     <span class='ocr_line' id='line_1_55' title="bbox 987 434 1689 471; baseline 0 -2"><span class='ocrx_word' id='word_1_284' title='bbox 987 436 1135 469; x_wconf 79' lang='lat' dir='ltr'><strong>lebrosae</strong></span> <span class='ocrx_word' id='word_1_285' title='bbox 1174 436 1236 469; x_wconf 80' lang='lat' dir='ltr'><strong>viae</strong></span> <span class='ocrx_word' id='word_1_286' title='bbox 1265 435 1394 471; x_wconf 70' lang='lat' dir='ltr'><strong>taedio?</strong></span> <span class='ocrx_word' id='word_1_287' title='bbox 1420 435 1432 454; x_wconf 77' lang='lat'>⁶</span> <span class='ocrx_word' id='word_1_288' title='bbox 1448 435 1543 469; x_wconf 79' lang='lat' dir='ltr'><strong>Crux</strong></span> <span class='ocrx_word' id='word_1_289' title='bbox 1560 434 1570 450; x_wconf 88' lang='lat'><em>&#39;</em></span> <span class='ocrx_word' id='word_1_290' title='bbox 1609 434 1689 469; x_wconf 75' lang='lat' dir='ltr'><strong>vero</strong></span> 
     </span>
     <span class='ocr_line' id='line_1_56' title="bbox 986 485 1689 530; baseline -0.001 -10"><span class='ocrx_word' id='word_1_291' title='bbox 986 485 1179 530; x_wconf 86' lang='lat' dir='ltr'><strong>‘pendula&#39;</strong></span> <span class='ocrx_word' id='word_1_292' title='bbox 1202 490 1303 520; x_wconf 86' lang='lat' dir='ltr'><strong>acute</strong></span> <span class='ocrx_word' id='word_1_293' title='bbox 1320 490 1358 519; x_wconf 89' lang='lat' dir='ltr'><strong>et</strong></span> <span class='ocrx_word' id='word_1_294' title='bbox 1377 485 1462 519; x_wconf 83' lang='lat' dir='ltr'><strong>mire</strong></span> <span class='ocrx_word' id='word_1_295' title='bbox 1481 485 1526 521; x_wconf 74' lang='lat' dir='ltr'><strong>ab</strong></span> <span class='ocrx_word' id='word_1_296' title='bbox 1541 486 1689 519; x_wconf 78' lang='lat' dir='ltr'><strong>Ethnieo</strong></span> 
     </span>
     <span class='ocr_line' id='line_1_57' title="bbox 987 535 1690 580; baseline 0 -10"><span class='ocrx_word' id='word_1_297' title='bbox 987 537 1091 580; x_wconf 65' lang='lat' dir='ltr'><strong>poeta</strong></span> <span class='ocrx_word' id='word_1_298' title='bbox 1104 543 1207 578; x_wconf 88' lang='lat' dir='ltr'><strong>temo,</strong></span> <span class='ocrx_word' id='word_1_299' title='bbox 1230 547 1292 570; x_wconf 79' lang='lat' dir='ltr'><strong>seu</strong></span> <span class='ocrx_word' id='word_1_300' title='bbox 1311 537 1433 578; x_wconf 74' lang='lat' dir='ltr'><strong>jugum</strong></span> <span class='ocrx_word' id='word_1_301' title='bbox 1448 545 1569 570; x_wconf 71' lang='lat' dir='ltr'><strong>curru·</strong></span> <span class='ocrx_word' id='word_1_302' title='bbox 1582 535 1690 573; x_wconf 72' lang='lat' dir='ltr'><strong>nunti·</strong></span> 
     </span>
     <span class='ocr_line' id='line_1_58' title="bbox 986 586 1688 630; baseline -0.004 -10"><span class='ocrx_word' id='word_1_303' title='bbox 986 595 1100 630; x_wconf 87' lang='lat' dir='ltr'><strong>natur,</strong></span> <span class='ocrx_word' id='word_1_304' title='bbox 1110 588 1189 630; x_wconf 89' lang='lat' dir='ltr'><strong>quia</strong></span> <span class='ocrx_word' id='word_1_305' title='bbox 1200 586 1291 629; x_wconf 71' lang='grc' dir='ltr'><strong><em>ῥυμὸς</em></strong></span> <span class='ocrx_word' id='word_1_306' title='bbox 1304 586 1502 628; x_wconf 72' lang='grc' dir='ltr'><strong><em>στανροειδὴς</em></strong></span> <span class='ocrx_word' id='word_1_307' title='bbox 1516 590 1581 620; x_wconf 79' lang='lat' dir='ltr'><strong>est.</strong></span> <span class='ocrx_word' id='word_1_308' title='bbox 1596 586 1688 630; x_wconf 66' lang='lat' dir='ltr'><strong>Ani-‚-</strong></span> 
     </span>
     <span class='ocr_line' id='line_1_59' title="bbox 988 636 1688 672; baseline -0.003 -1"><span class='ocrx_word' id='word_1_309' title='bbox 988 638 1270 671; x_wconf 85' lang='lat' dir='ltr'><strong>madvertendum</strong></span> <span class='ocrx_word' id='word_1_310' title='bbox 1296 642 1333 670; x_wconf 86' lang='lat' dir='ltr'><strong>et</strong></span> <span class='ocrx_word' id='word_1_311' title='bbox 1359 637 1478 670; x_wconf 79' lang='lat' dir='ltr'><strong>sedulo</strong></span> <span class='ocrx_word' id='word_1_312' title='bbox 1499 636 1688 672; x_wconf 71' lang='lat' dir='ltr'><strong>notandum</strong></span> 
     </span>
     <span class='ocr_line' id='line_1_60' title="bbox 987 688 1688 731; baseline -0.003 -10"><span class='ocrx_word' id='word_1_313' title='bbox 987 689 1080 722; x_wconf 86' lang='lat' dir='ltr'><strong>inter</strong></span> <span class='ocrx_word' id='word_1_314' title='bbox 1105 690 1181 731; x_wconf 86' lang='lat' dir='ltr'><strong>pias</strong></span> <span class='ocrx_word' id='word_1_315' title='bbox 1204 690 1320 722; x_wconf 84' lang='lat' dir='ltr'><strong>Graec.</strong></span> <span class='ocrx_word' id='word_1_316' title='bbox 1335 692 1372 720; x_wconf 90' lang='lat' dir='ltr'><strong>et</strong></span> <span class='ocrx_word' id='word_1_317' title='bbox 1393 688 1514 721; x_wconf 86' lang='lat' dir='ltr'><strong>Latin..</strong></span> <span class='ocrx_word' id='word_1_318' title='bbox 1541 688 1688 722; x_wconf 87' lang='lat' dir='ltr'><strong>Patrum</strong></span> 
     </span>
     <span class='ocr_line' id='line_1_61' title="bbox 986 738 1690 779; baseline -0.001 -7"><span class='ocrx_word' id='word_1_319' title='bbox 986 742 1049 772; x_wconf 81' lang='grc' dir='ltr'><strong>τῶν</strong></span> <span class='ocrx_word' id='word_1_320' title='bbox 1062 740 1095 772; x_wconf 83' lang='grc' dir='ltr'><strong>ἐν</strong></span> <span class='ocrx_word' id='word_1_321' title='bbox 1113 739 1210 772; x_wconf 73' lang='grc' dir='ltr'><strong><em>ὁσίοις</em></strong></span> <span class='ocrx_word' id='word_1_322' title='bbox 1224 738 1275 772; x_wconf 76' lang='grc' dir='ltr'><strong>καὶ</strong></span> <span class='ocrx_word' id='word_1_323' title='bbox 1296 738 1395 778; x_wconf 71' lang='grc' dir='ltr'><strong>ἁγίοις</strong></span> <span class='ocrx_word' id='word_1_324' title='bbox 1408 739 1690 779; x_wconf 64' lang='lat' dir='ltr'><strong>inventi-meniu,</strong></span> 
     </span>
     <span class='ocr_line' id='line_1_62' title="bbox 987 786 1688 832; baseline 0.001 -11"><span class='ocrx_word' id='word_1_325' title='bbox 987 791 1110 832; x_wconf 86' lang='lat' dir='ltr'><strong>quibus</strong></span> <span class='ocrx_word' id='word_1_326' title='bbox 1131 791 1289 823; x_wconf 80' lang='lat' dir='ltr'><strong>certatim</strong></span> <span class='ocrx_word' id='word_1_327' title='bbox 1311 789 1429 830; x_wconf 71' lang='grc' dir='ltr'><strong>εὐφυῶς</strong></span> <span class='ocrx_word' id='word_1_328' title='bbox 1442 787 1495 821; x_wconf 74' lang='grc' dir='ltr'><strong>καὶ</strong></span> <span class='ocrx_word' id='word_1_329' title='bbox 1508 786 1688 829; x_wconf 66' lang='grc' dir='ltr'><strong>ἐφαμίλλως</strong></span> 
     </span>
     <span class='ocr_line' id='line_1_63' title="bbox 986 837 1688 879; baseline -0.001 -7"><span class='ocrx_word' id='word_1_330' title='bbox 986 850 1123 873; x_wconf 89' lang='lat' dir='ltr'><strong>crucem</strong></span> <span class='ocrx_word' id='word_1_331' title='bbox 1146 841 1196 872; x_wconf 90' lang='lat' dir='ltr'><strong>ita</strong></span> <span class='ocrx_word' id='word_1_332' title='bbox 1219 840 1419 872; x_wconf 87' lang='lat' dir='ltr'><strong>describunt</strong></span> <span class='ocrx_word' id='word_1_333' title='bbox 1437 843 1480 873; x_wconf 76' lang='lat' dir='ltr'><strong>,et</strong></span> <span class='ocrx_word' id='word_1_334' title='bbox 1499 837 1688 879; x_wconf 72' lang='lat' dir='ltr'><strong>notificent,</strong></span> 
     </span>
     <span class='ocr_line' id='line_1_64' title="bbox 987 888 1689 932; baseline -0.001 -10"><span class='ocrx_word' id='word_1_335' title='bbox 987 894 1026 922; x_wconf 89' lang='lat' dir='ltr'><strong>ut</strong></span> <span class='ocrx_word' id='word_1_336' title='bbox 1053 890 1086 922; x_wconf 89' lang='lat' dir='ltr'><strong>in</strong></span> <span class='ocrx_word' id='word_1_337' title='bbox 1102 890 1257 922; x_wconf 87' lang='lat' dir='ltr'><strong>omnibus</strong></span> <span class='ocrx_word' id='word_1_338' title='bbox 1272 893 1392 932; x_wconf 88' lang='lat' dir='ltr'><strong>pateat</strong></span> <span class='ocrx_word' id='word_1_339' title='bbox 1411 888 1499 930; x_wconf 81' lang='lat' dir='ltr'><strong>signi</strong></span> <span class='ocrx_word' id='word_1_340' title='bbox 1513 888 1586 930; x_wconf 75' lang='lat' dir='ltr'><strong>ejus</strong></span> <span class='ocrx_word' id='word_1_341' title='bbox 1600 888 1689 923; x_wconf 70' lang='lat' dir='ltr'><strong>sueri</strong></span> 
     </span>
     <span class='ocr_line' id='line_1_65' title="bbox 988 936 1688 981; baseline -0.001 -9"><span class='ocrx_word' id='word_1_342' title='bbox 988 951 1067 973; x_wconf 87' lang='lat' dir='ltr'><strong>usus</strong></span> <span class='ocrx_word' id='word_1_343' title='bbox 1083 941 1308 981; x_wconf 85' lang='lat' dir='ltr'><strong>necessarius,</strong></span> <span class='ocrx_word' id='word_1_344' title='bbox 1316 937 1354 972; x_wconf 69' lang='grc' dir='ltr'><strong>οὗ</strong></span> <span class='ocrx_word' id='word_1_345' title='bbox 1363 938 1437 972; x_wconf 65' lang='grc' dir='ltr'><strong>ἄνευ</strong></span> <span class='ocrx_word' id='word_1_346' title='bbox 1450 938 1486 972; x_wconf 74' lang='grc' dir='ltr'><strong>οὐ</strong></span> <span class='ocrx_word' id='word_1_347' title='bbox 1499 937 1536 972; x_wconf 75' lang='grc' dir='ltr'><strong>τὸ</strong></span> <span class='ocrx_word' id='word_1_348' title='bbox 1549 936 1595 973; x_wconf 75' lang='grc' dir='ltr'><strong>εὖ.</strong></span> <span class='ocrx_word' id='word_1_349' title='bbox 1615 939 1688 973; x_wconf 72' lang='grc' dir='ltr'><strong>Μο-</strong></span> 
     </span>
     <span class='ocr_line' id='line_1_66' title="bbox 986 991 1666 1022; baseline 0.003 -1"><span class='ocrx_word' id='word_1_350' title='bbox 986 991 1056 1022; x_wconf 76' lang='lat' dir='ltr'><strong>rell.</strong></span> <span class='ocrx_word' id='word_1_351' title='bbox 1633 1011 1636 1013; x_wconf 38' lang='lat' dir='ltr'>v</span> <span class='ocrx_word' id='word_1_352' title='bbox 1662 1009 1666 1012; x_wconf 66' lang='lat'><em>›</em></span> 
     </span>
     <span class='ocr_line' id='line_1_67' title="bbox 1030 1038 1687 1081; baseline 0.003 -9"><span class='ocrx_word' id='word_1_353' title='bbox 1030 1043 1072 1072; x_wconf 71' lang='lat'><strong>32</strong></span> <span class='ocrx_word' id='word_1_354' title='bbox 1094 1040 1282 1081; x_wconf 74' lang='lat' dir='ltr'><strong>Impeditum</strong></span> <span class='ocrx_word' id='word_1_355' title='bbox 1295 1039 1464 1073; x_wconf 72' lang='lat' dir='ltr'><strong>tardabant</strong></span> <span class='ocrx_word' id='word_1_356' title='bbox 1476 1038 1555 1080; x_wconf 74' lang='lat' dir='ltr'><strong>iter]</strong></span> <span class='ocrx_word' id='word_1_357' title='bbox 1577 1039 1687 1074; x_wconf 79' lang='lat' dir='ltr'><strong>Itine-</strong></span> 
     </span>
     <span class='ocr_line' id='line_1_68' title="bbox 987 1089 1688 1132; baseline 0.004 -12"><span class='ocrx_word' id='word_1_358' title='bbox 987 1089 1034 1121; x_wconf 87' lang='lat' dir='ltr'><strong>ris</strong></span> <span class='ocrx_word' id='word_1_359' title='bbox 1050 1089 1207 1131; x_wconf 89' lang='lat' dir='ltr'><strong>impediti</strong></span> <span class='ocrx_word' id='word_1_360' title='bbox 1228 1089 1444 1123; x_wconf 84' lang='lat' dir='ltr'><strong>incommoda</strong></span> <span class='ocrx_word' id='word_1_361' title='bbox 1468 1089 1556 1123; x_wconf 77' lang='lat' dir='ltr'><strong>scite</strong></span> <span class='ocrx_word' id='word_1_362' title='bbox 1571 1097 1688 1132; x_wconf 72' lang='lat' dir='ltr'><strong>perse-</strong></span> 
     </span>
     <span class='ocr_line' id='line_1_69' title="bbox 986 1136 1687 1183; baseline 0.004 -12"><span class='ocrx_word' id='word_1_363' title='bbox 986 1140 1103 1182; x_wconf 86' lang='lat' dir='ltr'><strong>quitur</strong></span> <span class='ocrx_word' id='word_1_364' title='bbox 1115 1141 1318 1172; x_wconf 85' lang='lat' dir='ltr'><strong>Plutarchus</strong></span> <span class='ocrx_word' id='word_1_365' title='bbox 1331 1140 1430 1173; x_wconf 87' lang='lat' dir='ltr'><strong>initio</strong></span> <span class='ocrx_word' id='word_1_366' title='bbox 1442 1136 1687 1183; x_wconf 57' lang='lat' dir='ltr'><strong>eoniiviiSep-</strong></span> 
     </span>
     <span class='ocr_line' id='line_1_70' title="bbox 988 1191 1276 1232; baseline 0.003 -11"><span class='ocrx_word' id='word_1_367' title='bbox 988 1195 1057 1222; x_wconf 85' lang='lat' dir='ltr'><strong>tem</strong></span> <span class='ocrx_word' id='word_1_368' title='bbox 1073 1191 1156 1232; x_wconf 81' lang='lat' dir='ltr'><strong>Sap.</strong></span> <span class='ocrx_word' id='word_1_369' title='bbox 1178 1191 1276 1223; x_wconf 86' lang='lat' dir='ltr'><strong>Idem.</strong></span> 
     </span>
    </p>

    <p class='ocr_par' dir='ltr' id='par_1_8' title="bbox 984 1240 1688 1778">
     <span class='ocr_line' id='line_1_71' title="bbox 1028 1240 1687 1283; baseline 0.003 -11"><span class='ocrx_word' id='word_1_370' title='bbox 1028 1243 1069 1272; x_wconf 78' lang='lat'><strong>35</strong></span> <span class='ocrx_word' id='word_1_371' title='bbox 1092 1241 1259 1280; x_wconf 82' lang='lat' dir='ltr'><strong>Languida</strong></span> <span class='ocrx_word' id='word_1_372' title='bbox 1286 1240 1473 1283; x_wconf 69' lang='lat' dir='ltr'><strong>quadrupes]</strong></span> <span class='ocrx_word' id='word_1_373' title='bbox 1505 1241 1605 1274; x_wconf 72' lang='lat' dir='ltr'><strong>Mula</strong></span> <span class='ocrx_word' id='word_1_374' title='bbox 1629 1241 1687 1275; x_wconf 76' lang='lat' dir='ltr'><strong>vix</strong></span> 
     </span>
     <span class='ocr_line' id='line_1_72' title="bbox 986 1290 1686 1333; baseline 0.001 -10"><span class='ocrx_word' id='word_1_375' title='bbox 986 1290 1148 1323; x_wconf 88' lang='lat' dir='ltr'><strong>incedens</strong></span> <span class='ocrx_word' id='word_1_376' title='bbox 1166 1295 1307 1333; x_wconf 87' lang='lat' dir='ltr'><strong>propter</strong></span> <span class='ocrx_word' id='word_1_377' title='bbox 1321 1301 1466 1324; x_wconf 85' lang='lat' dir='ltr'><strong>coenum.</strong></span> <span class='ocrx_word' id='word_1_378' title='bbox 1511 1291 1601 1325; x_wconf 86' lang='lat' dir='ltr'><strong>Nam</strong></span> <span class='ocrx_word' id='word_1_379' title='bbox 1613 1301 1686 1324; x_wconf 85' lang='lat' dir='ltr'><strong>mu-</strong></span> 
     </span>
     <span class='ocr_line' id='line_1_73' title="bbox 986 1341 1688 1376; baseline 0.003 -4"><span class='ocrx_word' id='word_1_380' title='bbox 986 1341 1028 1372; x_wconf 81' lang='lat' dir='ltr'><strong>1ae</strong></span> <span class='ocrx_word' id='word_1_381' title='bbox 1044 1342 1122 1373; x_wconf 86' lang='lat' dir='ltr'><strong>olim</strong></span> <span class='ocrx_word' id='word_1_382' title='bbox 1134 1351 1267 1373; x_wconf 87' lang='lat' dir='ltr'><strong>currum</strong></span> <span class='ocrx_word' id='word_1_383' title='bbox 1283 1342 1475 1374; x_wconf 82' lang='lat' dir='ltr'><strong>vehebant:</strong></span> <span class='ocrx_word' id='word_1_384' title='bbox 1490 1342 1581 1374; x_wconf 84' lang='lat' dir='ltr'><strong>unde</strong></span> <span class='ocrx_word' id='word_1_385' title='bbox 1595 1341 1688 1376; x_wconf 75' lang='lat' dir='ltr'><strong>anri-</strong></span> 
     </span>
     <span class='ocr_line' id='line_1_74' title="bbox 986 1393 1686 1435; baseline 0.003 -10"><span class='ocrx_word' id='word_1_386' title='bbox 986 1404 1038 1435; x_wconf 81' lang='lat' dir='ltr'><strong>gae</strong></span> <span class='ocrx_word' id='word_1_387' title='bbox 1063 1393 1226 1426; x_wconf 82' lang='lat' dir='ltr'><strong>muliones</strong></span> <span class='ocrx_word' id='word_1_388' title='bbox 1251 1394 1345 1426; x_wconf 89' lang='lat' dir='ltr'><strong>dicti.</strong></span> <span class='ocrx_word' id='word_1_389' title='bbox 1389 1394 1521 1426; x_wconf 87' lang='lat' dir='ltr'><strong>Auctor</strong></span> <span class='ocrx_word' id='word_1_390' title='bbox 1542 1393 1686 1427; x_wconf 73' lang='lat' dir='ltr'><strong>Festus:</strong></span> 
     </span>
     <span class='ocr_line' id='line_1_75' title="bbox 986 1443 1686 1477; baseline -0.001 0"><span class='ocrx_word' id='word_1_391' title='bbox 986 1449 1022 1477; x_wconf 91' lang='lat' dir='ltr'><strong>et</strong></span> <span class='ocrx_word' id='word_1_392' title='bbox 1037 1455 1099 1476; x_wconf 87' lang='lat' dir='ltr'><strong>nos</strong></span> <span class='ocrx_word' id='word_1_393' title='bbox 1114 1444 1148 1476; x_wconf 91' lang='lat' dir='ltr'><strong>in</strong></span> <span class='ocrx_word' id='word_1_394' title='bbox 1164 1443 1418 1477; x_wconf 80' lang='lat' dir='ltr'><strong>commentariis</strong></span> <span class='ocrx_word' id='word_1_395' title='bbox 1428 1443 1608 1477; x_wconf 68' lang='lat' dir='ltr'><strong>,Iuvenalis</strong></span> <span class='ocrx_word' id='word_1_396' title='bbox 1624 1444 1686 1477; x_wconf 85' lang='lat' dir='ltr'><strong>do·</strong></span> 
     </span>
     <span class='ocr_line' id='line_1_76' title="bbox 985 1493 1686 1536; baseline 0.001 -10"><span class='ocrx_word' id='word_1_397' title='bbox 985 1495 1127 1536; x_wconf 86' lang='lat' dir='ltr'><strong>cuimus,</strong></span> <span class='ocrx_word' id='word_1_398' title='bbox 1136 1498 1172 1526; x_wconf 91' lang='lat' dir='ltr'><strong>et</strong></span> <span class='ocrx_word' id='word_1_399' title='bbox 1181 1493 1273 1536; x_wconf 87' lang='lat' dir='ltr'><strong>apud</strong></span> <span class='ocrx_word' id='word_1_400' title='bbox 1281 1494 1534 1536; x_wconf 83' lang='lat' dir='ltr'><strong>Tranquillum,</strong></span> <span class='ocrx_word' id='word_1_401' title='bbox 1545 1493 1603 1526; x_wconf 79' lang='lat' dir='ltr'><strong>uhi</strong></span> <span class='ocrx_word' id='word_1_402' title='bbox 1613 1500 1686 1527; x_wconf 81' lang='lat' dir='ltr'><strong>mu·</strong></span> 
     </span>
     <span class='ocr_line' id='line_1_77' title="bbox 984 1543 1686 1586; baseline 0.006 -11"><span class='ocrx_word' id='word_1_403' title='bbox 984 1544 1032 1575; x_wconf 87' lang='lat' dir='ltr'><strong>lio</strong></span> <span class='ocrx_word' id='word_1_404' title='bbox 1049 1553 1109 1586; x_wconf 91' lang='lat' dir='ltr'><strong>pro</strong></span> <span class='ocrx_word' id='word_1_405' title='bbox 1124 1544 1241 1585; x_wconf 85' lang='lat' dir='ltr'><strong>auriga</strong></span> <span class='ocrx_word' id='word_1_406' title='bbox 1255 1544 1437 1585; x_wconf 85' lang='lat' dir='ltr'><strong>accipitur·</strong></span> <span class='ocrx_word' id='word_1_407' title='bbox 1457 1545 1537 1578; x_wconf 73' lang='lat' dir='ltr'><strong>Aua</strong></span> <span class='ocrx_word' id='word_1_408' title='bbox 1547 1543 1686 1586; x_wconf 60' lang='lat' dir='ltr'><strong>natue]</strong></span> 
     </span>
     <span class='ocr_line' id='line_1_78' title="bbox 985 1594 1686 1637; baseline 0.001 -10"><span class='ocrx_word' id='word_1_409' title='bbox 985 1595 1156 1627; x_wconf 89' lang='lat' dir='ltr'><strong>Stateram</strong></span> <span class='ocrx_word' id='word_1_410' title='bbox 1168 1596 1322 1637; x_wconf 87' lang='lat' dir='ltr'><strong>appellat</strong></span> <span class='ocrx_word' id='word_1_411' title='bbox 1332 1595 1461 1636; x_wconf 78' lang='lat' dir='ltr'><strong>lignum</strong></span> <span class='ocrx_word' id='word_1_412' title='bbox 1468 1594 1558 1627; x_wconf 86' lang='lat' dir='ltr'><strong>unde</strong></span> <span class='ocrx_word' id='word_1_413' title='bbox 1569 1595 1686 1628; x_wconf 83' lang='lat' dir='ltr'><strong>vincto</strong></span> 
     </span>
     <span class='ocr_line' id='line_1_79' title="bbox 986 1643 1685 1686; baseline 0.001 -9"><span class='ocrx_word' id='word_1_414' title='bbox 986 1643 1066 1677; x_wconf 88' lang='lat' dir='ltr'><strong>fune</strong></span> <span class='ocrx_word' id='word_1_415' title='bbox 1082 1649 1118 1677; x_wconf 90' lang='lat' dir='ltr'><strong>et</strong></span> <span class='ocrx_word' id='word_1_416' title='bbox 1131 1645 1274 1686; x_wconf 85' lang='lat' dir='ltr'><strong>alligata</strong></span> <span class='ocrx_word' id='word_1_417' title='bbox 1288 1645 1380 1677; x_wconf 89' lang='lat' dir='ltr'><strong>mula</strong></span> <span class='ocrx_word' id='word_1_418' title='bbox 1392 1653 1513 1677; x_wconf 76' lang='lat' dir='ltr'><strong>currus</strong></span> <span class='ocrx_word' id='word_1_419' title='bbox 1525 1643 1685 1678; x_wconf 82' lang='lat' dir='ltr'><strong>traheba-</strong></span> 
     </span>
     <span class='ocr_line' id='line_1_80' title="bbox 986 1694 1685 1736; baseline 0 -8"><span class='ocrx_word' id='word_1_420' title='bbox 986 1700 1054 1736; x_wconf 86' lang='lat' dir='ltr'><strong>tur,</strong></span> <span class='ocrx_word' id='word_1_421' title='bbox 1069 1706 1089 1728; x_wconf 86' lang='lat' dir='ltr'><strong>a</strong></span> <span class='ocrx_word' id='word_1_422' title='bbox 1112 1695 1357 1729; x_wconf 79' lang='lat' dir='ltr'><strong>similitudine:</strong></span> <span class='ocrx_word' id='word_1_423' title='bbox 1379 1704 1459 1727; x_wconf 83' lang='lat' dir='ltr'><strong>nam</strong></span> <span class='ocrx_word' id='word_1_424' title='bbox 1480 1698 1611 1728; x_wconf 75' lang='lat' dir='ltr'><strong>statera</strong></span> <span class='ocrx_word' id='word_1_425' title='bbox 1634 1694 1685 1728; x_wconf 84' lang='lat' dir='ltr'><strong>vi-</strong></span> 
     </span>
     <span class='ocr_line' id='line_1_81' title="bbox 985 1745 1242 1778; baseline -0.004 -1"><span class='ocrx_word' id='word_1_426' title='bbox 985 1745 1097 1778; x_wconf 89' lang='lat' dir='ltr'><strong>detur.</strong></span> <span class='ocrx_word' id='word_1_427' title='bbox 1119 1745 1242 1777; x_wconf 76' lang='lat' dir='ltr'><strong>Domit-</strong></span> 
     </span>
    </p>

    <p class='ocr_par' dir='ltr' id='par_1_9' title="bbox 984 1793 1686 1878">
     <span class='ocr_line' id='line_1_82' title="bbox 1026 1793 1686 1838; baseline 0.002 -10"><span class='ocrx_word' id='word_1_428' title='bbox 1026 1798 1068 1828; x_wconf 81' lang='grc' dir='ltr'><strong>4ο</strong></span> <span class='ocrx_word' id='word_1_429' title='bbox 1091 1795 1216 1836; x_wconf 70' lang='grc' dir='ltr'><strong>δαῑεοε]</strong></span> <span class='ocrx_word' id='word_1_430' title='bbox 1231 1794 1335 1828; x_wconf 85' lang='lat' dir='ltr'><strong>Rivos</strong></span> <span class='ocrx_word' id='word_1_431' title='bbox 1344 1793 1467 1837; x_wconf 84' lang='lat' dir='ltr'><strong>quibus</strong></span> <span class='ocrx_word' id='word_1_432' title='bbox 1478 1803 1576 1838; x_wconf 77' lang='lat' dir='ltr'><strong>aquae</strong></span> <span class='ocrx_word' id='word_1_433' title='bbox 1587 1795 1686 1830; x_wconf 62' lang='lat' dir='ltr'><strong>emita</strong></span> 
     </span>
     <span class='ocr_line' id='line_1_83' title="bbox 984 1846 1236 1878; baseline -0.004 0"><span class='ocrx_word' id='word_1_434' title='bbox 984 1849 1113 1878; x_wconf 85' lang='lat' dir='ltr'><strong>tantur.</strong></span> <span class='ocrx_word' id='word_1_435' title='bbox 1137 1846 1236 1878; x_wconf 77' lang='lat' dir='ltr'><strong>Idem.</strong></span> 
     </span>
    </p>

    <p class='ocr_par' dir='ltr' id='par_1_10' title="bbox 983 1895 1683 1988">
     <span class='ocr_line' id='line_1_84' title="bbox 1025 1895 1682 1937; baseline 0.003 -8"><span class='ocrx_word' id='word_1_436' title='bbox 1025 1899 1067 1929; x_wconf 77' lang='lat'><strong>41</strong></span> <span class='ocrx_word' id='word_1_437' title='bbox 1090 1896 1166 1929; x_wconf 80' lang='lat' dir='ltr'><strong>Alto</strong></span> <span class='ocrx_word' id='word_1_438' title='bbox 1190 1895 1312 1937; x_wconf 75' lang='lat' dir='ltr'><strong>egestu]</strong></span> <span class='ocrx_word' id='word_1_439' title='bbox 1335 1896 1414 1928; x_wconf 86' lang='lat' dir='ltr'><strong>Hoc</strong></span> <span class='ocrx_word' id='word_1_440' title='bbox 1435 1899 1490 1928; x_wconf 82' lang='lat' dir='ltr'><strong>est</strong></span> <span class='ocrx_word' id='word_1_441' title='bbox 1503 1896 1682 1931; x_wconf 79' lang='lat' dir='ltr'><strong>extrahere</strong></span> 
     </span>
     <span class='ocr_line' id='line_1_85' title="bbox 983 1945 1683 1988; baseline 0 -9"><span class='ocrx_word' id='word_1_442' title='bbox 983 1956 1041 1979; x_wconf 85' lang='lat' dir='ltr'><strong>eas</strong></span> <span class='ocrx_word' id='word_1_443' title='bbox 1055 1956 1177 1987; x_wconf 84' lang='lat' dir='ltr'><strong>magna</strong></span> <span class='ocrx_word' id='word_1_444' title='bbox 1191 1945 1438 1988; x_wconf 82' lang='lat' dir='ltr'><strong>profunditate.</strong></span> <span class='ocrx_word' id='word_1_445' title='bbox 1462 1945 1561 1979; x_wconf 82' lang='lat' dir='ltr'><strong>Idem.</strong></span> <span class='ocrx_word' id='word_1_446' title='bbox 1680 1970 1683 1973; x_wconf 86' lang='lat'>-</span> 
     </span>
    </p>

    <p class='ocr_par' dir='ltr' id='par_1_11' title="bbox 981 1994 1681 2079">
     <span class='ocr_line' id='line_1_86' title="bbox 1024 1994 1681 2038; baseline 0 -10"><span class='ocrx_word' id='word_1_447' title='bbox 1024 1999 1066 2028; x_wconf 76' lang='lat'><strong>43</strong></span> <span class='ocrx_word' id='word_1_448' title='bbox 1089 1996 1194 2028; x_wconf 79' lang='lat' dir='ltr'><strong>Aliter</strong></span> <span class='ocrx_word' id='word_1_449' title='bbox 1212 1995 1345 2037; x_wconf 80' lang='lat' dir='ltr'><strong>replere]</strong></span> <span class='ocrx_word' id='word_1_450' title='bbox 1369 1994 1448 2028; x_wconf 88' lang='lat' dir='ltr'><strong>Alio</strong></span> <span class='ocrx_word' id='word_1_451' title='bbox 1463 2005 1592 2038; x_wconf 79' lang='lat' dir='ltr'><strong>genere</strong></span> <span class='ocrx_word' id='word_1_452' title='bbox 1606 1999 1681 2034; x_wconf 81' lang='lat' dir='ltr'><strong>‚ter-</strong></span> 
     </span>
     <span class='ocr_line' id='line_1_87' title="bbox 981 2047 1169 2079; baseline -0.005 0"><span class='ocrx_word' id='word_1_453' title='bbox 981 2056 1042 2079; x_wconf 85' lang='lat' dir='ltr'><strong>rae.</strong></span> <span class='ocrx_word' id='word_1_454' title='bbox 1069 2047 1169 2078; x_wconf 87' lang='lat' dir='ltr'><strong>Idem.</strong></span> 
     </span>
    </p>

    <p class='ocr_par' dir='ltr' id='par_1_12' title="bbox 981 2096 1681 2180">
     <span class='ocr_line' id='line_1_88' title="bbox 1022 2096 1681 2139; baseline 0.002 -10"><span class='ocrx_word' id='word_1_455' title='bbox 1022 2099 1066 2129; x_wconf 79' lang='grc'><strong>44</strong></span> <span class='ocrx_word' id='word_1_456' title='bbox 1088 2097 1211 2128; x_wconf 75' lang='lat' dir='ltr'><strong>Parare</strong></span> <span class='ocrx_word' id='word_1_457' title='bbox 1234 2096 1404 2139; x_wconf 68' lang='lat' dir='ltr'><strong>gremium]</strong></span> <span class='ocrx_word' id='word_1_458' title='bbox 1434 2097 1560 2130; x_wconf 81' lang='lat' dir='ltr'><strong>sedem</strong></span> <span class='ocrx_word' id='word_1_459' title='bbox 1588 2097 1681 2130; x_wconf 75' lang='lat' dir='ltr'><strong>saxis</strong></span> 
     </span>
     <span class='ocr_line' id='line_1_89' title="bbox 981 2147 1334 2180; baseline -0.006 0"><span class='ocrx_word' id='word_1_460' title='bbox 981 2147 1187 2180; x_wconf 82' lang='lat' dir='ltr'><strong>sternendis.</strong></span> <span class='ocrx_word' id='word_1_461' title='bbox 1210 2147 1310 2180; x_wconf 86' lang='lat' dir='ltr'><strong>Idem.</strong></span> <span class='ocrx_word' id='word_1_462' title='bbox 1332 2165 1334 2167; x_wconf 61' lang='lat'>&gt;</span> 
     </span>
    </p>

    <p class='ocr_par' dir='ltr' id='par_1_13' title="bbox 979 2196 1681 2280">
     <span class='ocr_line' id='line_1_90' title="bbox 1022 2196 1681 2238; baseline 0.003 -9"><span class='ocrx_word' id='word_1_463' title='bbox 1022 2200 1063 2229; x_wconf 86' lang='grc'><strong>45</strong></span> <span class='ocrx_word' id='word_1_464' title='bbox 1089 2198 1141 2229; x_wconf 88' lang='lat' dir='ltr'><strong>Ne</strong></span> <span class='ocrx_word' id='word_1_465' title='bbox 1165 2197 1304 2237; x_wconf 69' lang='lat' dir='ltr'><strong>maligna</strong></span> <span class='ocrx_word' id='word_1_466' title='bbox 1325 2196 1427 2238; x_wconf 73' lang='lat' dir='ltr'><strong>aeden]</strong></span> <span class='ocrx_word' id='word_1_467' title='bbox 1461 2196 1605 2231; x_wconf 81' lang='lat' dir='ltr'><strong>Scilicet</strong></span> <span class='ocrx_word' id='word_1_468' title='bbox 1633 2197 1681 2231; x_wconf 82' lang='lat' dir='ltr'><strong>sit</strong></span> 
     </span>
     <span class='ocr_line' id='line_1_91' title="bbox 979 2247 1203 2280; baseline 0 0"><span class='ocrx_word' id='word_1_469' title='bbox 979 2247 1080 2280; x_wconf 78' lang='lat' dir='ltr'><strong>saxis.</strong></span> <span class='ocrx_word' id='word_1_470' title='bbox 1104 2248 1203 2280; x_wconf 76' lang='lat' dir='ltr'><strong>Idem·</strong></span> 
     </span>
    </p>

    <p class='ocr_par' dir='ltr' id='par_1_14' title="bbox 975 2296 1677 2531">
     <span class='ocr_line' id='line_1_92' title="bbox 1022 2296 1677 2338; baseline -0.002 -8"><span class='ocrx_word' id='word_1_471' title='bbox 1022 2300 1063 2330; x_wconf 83' lang='grc'><strong>47</strong></span> <span class='ocrx_word' id='word_1_472' title='bbox 1092 2296 1297 2338; x_wconf 75' lang='lat' dir='ltr'><strong>Umbonibus]</strong></span> <span class='ocrx_word' id='word_1_473' title='bbox 1311 2296 1425 2330; x_wconf 90' lang='lat' dir='ltr'><strong>Umbo</strong></span> <span class='ocrx_word' id='word_1_474' title='bbox 1435 2297 1605 2338; x_wconf 74' lang='lat' dir='ltr'><strong>signifieat</strong></span> <span class='ocrx_word' id='word_1_475' title='bbox 1617 2306 1677 2330; x_wconf 77' lang='lat' dir='ltr'><strong>ex-</strong></span> 
     </span>
     <span class='ocr_line' id='line_1_93' title="bbox 980 2348 1677 2392; baseline -0.003 -10"><span class='ocrx_word' id='word_1_476' title='bbox 980 2354 1121 2382; x_wconf 86' lang='lat' dir='ltr'><strong>tremam</strong></span> <span class='ocrx_word' id='word_1_477' title='bbox 1148 2354 1281 2392; x_wconf 90' lang='lat' dir='ltr'><strong>partem</strong></span> <span class='ocrx_word' id='word_1_478' title='bbox 1307 2349 1416 2383; x_wconf 84' lang='lat' dir='ltr'><strong>scuti:</strong></span> <span class='ocrx_word' id='word_1_479' title='bbox 1438 2349 1494 2381; x_wconf 89' lang='lat' dir='ltr'><strong>hic</strong></span> <span class='ocrx_word' id='word_1_480' title='bbox 1507 2348 1677 2390; x_wconf 83' lang='lat' dir='ltr'><strong>accipitur</strong></span> 
     </span>
     <span class='ocr_line' id='line_1_94' title="bbox 979 2399 1675 2441; baseline -0.001 -10"><span class='ocrx_word' id='word_1_481' title='bbox 979 2409 1042 2441; x_wconf 86' lang='lat' dir='ltr'><strong>pro</strong></span> <span class='ocrx_word' id='word_1_482' title='bbox 1085 2400 1307 2432; x_wconf 86' lang='lat' dir='ltr'><strong>extremitate</strong></span> <span class='ocrx_word' id='word_1_483' title='bbox 1343 2399 1407 2431; x_wconf 77' lang='lat' dir='ltr'><strong>vioe</strong></span> <span class='ocrx_word' id='word_1_484' title='bbox 1443 2402 1562 2431; x_wconf 71' lang='lat' dir='ltr'><strong>stratae</strong></span> <span class='ocrx_word' id='word_1_485' title='bbox 1600 2407 1675 2440; x_wconf 81' lang='lat' dir='ltr'><strong>quae</strong></span> 
     </span>
     <span class='ocr_line' id='line_1_95' title="bbox 978 2447 1677 2490; baseline -0.003 -9"><span class='ocrx_word' id='word_1_486' title='bbox 978 2449 1138 2490; x_wconf 87' lang='lat' dir='ltr'><strong>utrinque</strong></span> <span class='ocrx_word' id='word_1_487' title='bbox 1151 2449 1360 2490; x_wconf 89' lang='lat' dir='ltr'><strong>erigebatur,</strong></span> <span class='ocrx_word' id='word_1_488' title='bbox 1370 2457 1412 2480; x_wconf 90' lang='lat' dir='ltr'><strong>ne</strong></span> <span class='ocrx_word' id='word_1_489' title='bbox 1421 2448 1612 2490; x_wconf 89' lang='lat' dir='ltr'><strong>proximum</strong></span> <span class='ocrx_word' id='word_1_490' title='bbox 1627 2447 1677 2480; x_wconf 86' lang='lat' dir='ltr'><strong>in-</strong></span> 
     </span>
     <span class='ocr_line' id='line_1_96' title="bbox 975 2499 1462 2531; baseline 0 -1"><span class='ocrx_word' id='word_1_491' title='bbox 975 2499 1178 2531; x_wconf 88' lang='lat' dir='ltr'><strong>funderetur</strong></span> <span class='ocrx_word' id='word_1_492' title='bbox 1193 2509 1335 2531; x_wconf 84' lang='lat' dir='ltr'><strong>coenum.</strong></span> <span class='ocrx_word' id='word_1_493' title='bbox 1363 2499 1462 2531; x_wconf 81' lang='lat' dir='ltr'><strong>Idem.</strong></span> 
     </span>
    </p>

    <p class='ocr_par' dir='ltr' id='par_1_15' title="bbox 976 2548 1675 2836">
     <span class='ocr_line' id='line_1_97' title="bbox 1019 2548 1675 2591; baseline 0 -9"><span class='ocrx_word' id='word_1_494' title='bbox 1019 2552 1063 2582; x_wconf 84' lang='grc'><strong>49</strong></span> <span class='ocrx_word' id='word_1_495' title='bbox 1085 2550 1131 2581; x_wconf 80' lang='lat' dir='ltr'><strong>Et</strong></span> <span class='ocrx_word' id='word_1_496' title='bbox 1152 2550 1268 2581; x_wconf 72' lang='lat' dir='ltr'><strong>crebris</strong></span> <span class='ocrx_word' id='word_1_497' title='bbox 1289 2550 1353 2581; x_wconf 77' lang='lat' dir='ltr'><strong>iter</strong></span> <span class='ocrx_word' id='word_1_498' title='bbox 1367 2549 1499 2589; x_wconf 68' lang='lat' dir='ltr'><strong>alligare</strong></span> <span class='ocrx_word' id='word_1_499' title='bbox 1517 2548 1675 2591; x_wconf 64' lang='lat' dir='ltr'><strong>gumphis]</strong></span> 
     </span>
     <span class='ocr_line' id='line_1_98' title="bbox 977 2599 1675 2639; baseline 0 -8"><span class='ocrx_word' id='word_1_500' title='bbox 977 2599 1087 2631; x_wconf 89' lang='lat' dir='ltr'><strong>Aiunt</strong></span> <span class='ocrx_word' id='word_1_501' title='bbox 1110 2599 1310 2631; x_wconf 81' lang='lat' dir='ltr'><strong>Turnebnm</strong></span> <span class='ocrx_word' id='word_1_502' title='bbox 1338 2599 1521 2638; x_wconf 84' lang='lat' dir='ltr'><strong>maluisse:</strong></span> <span class='ocrx_word' id='word_1_503' title='bbox 1544 2599 1675 2639; x_wconf 73' lang='lat' dir='ltr'><strong>alligare</strong></span> 
     </span>
     <span class='ocr_line' id='line_1_99' title="bbox 976 2649 1674 2690; baseline -0.001 -9"><span class='ocrx_word' id='word_1_504' title='bbox 976 2649 1089 2690; x_wconf 77' lang='lat' dir='ltr'><strong>tophis.</strong></span> <span class='ocrx_word' id='word_1_505' title='bbox 1132 2649 1201 2681; x_wconf 87' lang='lat' dir='ltr'><strong>Sed</strong></span> <span class='ocrx_word' id='word_1_506' title='bbox 1224 2649 1308 2681; x_wconf 77' lang='lat' dir='ltr'><strong>nillil</strong></span> <span class='ocrx_word' id='word_1_507' title='bbox 1331 2649 1539 2681; x_wconf 86' lang='lat' dir='ltr'><strong>mutandum.</strong></span> <span class='ocrx_word' id='word_1_508' title='bbox 1585 2649 1674 2681; x_wconf 82' lang='lat' dir='ltr'><strong>Nam</strong></span> 
     </span>
     <span class='ocr_line' id='line_1_100' title="bbox 976 2698 1672 2741; baseline 0 -9"><span class='ocrx_word' id='word_1_509' title='bbox 976 2701 1053 2741; x_wconf 89' lang='lat' dir='ltr'><strong>hoc,</strong></span> <span class='ocrx_word' id='word_1_510' title='bbox 1068 2705 1108 2732; x_wconf 92' lang='lat' dir='ltr'><strong>ut</strong></span> <span class='ocrx_word' id='word_1_511' title='bbox 1124 2704 1160 2732; x_wconf 90' lang='lat' dir='ltr'><strong>et</strong></span> <span class='ocrx_word' id='word_1_512' title='bbox 1175 2699 1340 2741; x_wconf 84' lang='lat' dir='ltr'><strong>superiori</strong></span> <span class='ocrx_word' id='word_1_513' title='bbox 1354 2700 1444 2740; x_wconf 89' lang='lat' dir='ltr'><strong>loco,</strong></span> <span class='ocrx_word' id='word_1_514' title='bbox 1466 2698 1578 2732; x_wconf 76' lang='lat' dir='ltr'><strong>Poe&#39;ta</strong></span> <span class='ocrx_word' id='word_1_515' title='bbox 1592 2709 1672 2732; x_wconf 75' lang='lat' dir='ltr'><strong>usus</strong></span> 
     </span>
     <span class='ocr_line' id='line_1_101' title="bbox 977 2750 1673 2791; baseline 0.003 -8"><span class='ocrx_word' id='word_1_516' title='bbox 977 2756 1030 2784; x_wconf 85' lang='lat' dir='ltr'><strong>est</strong></span> <span class='ocrx_word' id='word_1_517' title='bbox 1054 2761 1139 2783; x_wconf 87' lang='lat' dir='ltr'><strong>voce</strong></span> <span class='ocrx_word' id='word_1_518' title='bbox 1160 2751 1296 2784; x_wconf 82' lang='lat' dir='ltr'><strong>Graeca.</strong></span> <span class='ocrx_word' id='word_1_519' title='bbox 1341 2750 1460 2791; x_wconf 78' lang='grc' dir='ltr'><strong><em>Γόμφος</em></strong></span> <span class='ocrx_word' id='word_1_520' title='bbox 1473 2751 1562 2784; x_wconf 82' lang='lat' dir='ltr'><strong>enim</strong></span> <span class='ocrx_word' id='word_1_521' title='bbox 1578 2752 1673 2785; x_wconf 90' lang='lat' dir='ltr'><strong>Lati·</strong></span> 
     </span>
     <span class='ocr_line' id='line_1_102' title="bbox 977 2801 1671 2836; baseline 0.001 -2"><span class='ocrx_word' id='word_1_522' title='bbox 977 2802 1029 2835; x_wconf 85' lang='lat' dir='ltr'><strong>nis</strong></span> <span class='ocrx_word' id='word_1_523' title='bbox 1056 2803 1160 2835; x_wconf 77' lang='lat' dir='ltr'><strong>clavus</strong></span> <span class='ocrx_word' id='word_1_524' title='bbox 1187 2801 1315 2836; x_wconf 80' lang='lat' dir='ltr'><strong>dicitur</strong></span> <span class='ocrx_word' id='word_1_525' title='bbox 1343 2806 1380 2834; x_wconf 86' lang='lat' dir='ltr'><strong>et</strong></span> <span class='ocrx_word' id='word_1_526' title='bbox 1408 2811 1544 2835; x_wconf 71' lang='lat' dir='ltr'><strong>cuneus:</strong></span> <span class='ocrx_word' id='word_1_527' title='bbox 1579 2802 1671 2835; x_wconf 86' lang='lat' dir='ltr'><strong>unde</strong></span> 
     </span>
    </p>
   </div>
  </div>
 </body>
</html>
