1858 3112
298 212 412 269 1680

340 331 385 362 79
407 329 485 359 Inde
499 326 588 367 tagis
601 336 687 358 omen
694 325 780 365 felix
794 325 924 367 Euploea
937 326 999 357 C'a-

296 379 394 420 vinis]
416 379 458 410 In
484 377 604 409 eodem
632 377 709 409 cod.
737 377 788 409 Μ.
812 377 916 408 Turn.
939 376 999 408 ad·

296 429 477 470 seriptum,
501 425 579 459 Inde
599 428 685 459 cavis
709 437 769 459 om.
789 427 866 460 Lib.
888 436 946 459 ur.
965 427 998 458 in

297 478 419 510 eadem
448 477 661 519 χωρογραφίᾳ,
683 478 693 497 ‘
710 486 903 520 numenque
931 478 999 509 Eu—

296 529 390 570 ploea
405 528 546 559 carinis!
591 528 691 560 Unde
707 529 859 569 ambigat
871 527 944 570 quis
957 537 999 559 an

296 578 354 610 hic
368 589 467 619 omen,
485 579 538 611 vel
554 578 636 618 illic,
652 583 661 598 ‘
674 588 797 611 numen
810 579 819 593 ’
843 583 999 620 reponat.

299 627 390 660 Nam
405 633 443 660 et
462 628 617 669 Euploeae
635 628 750 660 Venus
765 629 856 670 apud
868 629 999 661 Pausa-

297 678 389 710 niam
423 688 613 719 cognomen
638 678 752 710 habet.
806 677 886 711 Jam
915 689 999 711 vero

298 729 380 761 olim
395 728 429 760 in
444 727 616 770 παρασήμῳ
627 728 736 770 (quod
748 729 885 761 Tacitus
895 729 998 771 insig-

296 788 341 811 ne
357 778 444 812 dicit
467 779 620 819 navium)
641 778 720 810 boni
745 778 868 810 ominis
895 787 999 811 eausa

296 829 498 870 inscriptum
525 827 604 867 fuit,
627 828 770 869 εὔπλοια,
781 838 930 870 prospera
941 839 998 861 na-

294 878 435 918 vigatum
448 878 504 909 v'el
517 878 644 920 πρόνοια
655 877 812 919 σώζουσα,
827 879 998 911 Providen-

295 927 344 959 tia
357 928 498 968 sospitem
519 929 573 960 vel
589 928 745 970 θεραπεία,
768 929 872 960 cultus
883 929 999 969 Deum,

295 976 487 1009 Plutarcho
503 983 638 1016 autore,
662 978 695 1010 in
720 978 843 1019 συνόψει
870 979 928 1010 τοῦ
950 978 998 1011 ὅτι

294 1027 520 1070 παραδοξότερα
534 1029 564 1060 οἱ
578 1029 701 1063 &vietel
722 1031 785 1061 τῶν
796 1031 932 1068 ποιητῶν
942 1028 998 1063 λέ·

294 1089 399 1120 γουσι.
421 1081 549 1112 Morell.

337 1134 381 1163 80
404 1131 561 1171 Megalia]
608 1130 742 1163 Nomen
773 1129 896 1172 praedii
921 1132 997 1162 erat

294 1180 400 1213 Pollii
417 1181 466 1212 ita
480 1181 689 1222 appellatum
703 1191 712 1212 ε
745 1182 797 1212 vel
815 1181 909 1221 legas
924 1181 995 1212 Me-

292 1231 412 1271 gada,-
445 1241 524 1263 nam
557 1231 649 1263 inter
684 1231 922 1272 Pausilippuui
959 1235 996 1263 et

295 1281 488 1322 Neapolim,
504 1286 543 1313 ut
557 1281 676 1313 scribit
688 1282 835 1321 Plinius,
851 1286 905 1313 est
920 1282 995 1313 Me-

295 1332 397 1373 garis,
423 1341 483 1363 seu
510 1332 606 1363 malis
629 1333 740 1373 legere
765 1333 928 1372 Megalia.-
957 1336 996 1365 ut

293 1381 475 1413 conveniat
487 1386 629 1423 uterque
645 1386 774 1414 auctor.
797 1382 973 1414 Domitius.

334 1434 378 1464 82
403 1432 485 1463 Tuus
495 1432 623 1474 Limon]
636 1433 769 1465 Nomen
782 1433 902 1474 praedii
915 1433 994 1465 Pol-

292 1481 343 1523 lii,
358 1492 378 1514 a
395 1486 496 1524 portu
508 1482 555 1514 ita
572 1483 795 1523 appellatum.
818 1482 917 1522 Λιμὴν
930 1483 994 1523 sig-

292 1531 413 1564 nificat
424 1535 576 1574 portum.-
605 1533 657 1564 vel
688 1533 782 1574 legas
806 1533 931 1574 Limon,
955 1536 995 1565 ut

292 1583 338 1615 sit
354 1583 519 1624 praedium
536 1583 646 1624 pratis
662 1583 773 1615 virens
788 1594 798 1623 3
824 1593 902 1615 nam
927 1589 993 1615 λει-

290 1634 357 1673 μὼν
371 1633 542 1675 significat
555 1638 703 1675 pratum.-
727 1639 766 1666 ut
777 1634 920 1666 dicimus
933 1633 993 1665 da-

291 1684 442 1725 phnona,
466 1684 649 1723 lauretum,
666 1684 864 1725 platanona,
879 1684 993 1715 locum

290 1733 462 1765 consitum
489 1733 648 1774 platanis.
692 1732 853 1774 Angitur,
869 1733 993 1774 inquit,

290 1787 388 1815 tuum
404 1782 585 1824 praedium,
602 1783 736 1815 domino
753 1783 895 1815 absente
907 1794 927 1814 a
939 1792 992 1815 re·

290 1833 413 1875 gione3
440 1838 476 1864 et
500 1839 664 1875 tanquam
684 1833 840 1865 invidens
856 1837 992 1874 spectat

289 1883 404 1915 villam
422 1884 637 1915 Surentinam
654 1883 784 1924 procul.
800 1884 931 1919 Domit.

275 1928 277 1930 ¹
330 1936 374 1965 83
403 1934 476 1965 Una
490 1933 612 1974 diaetis]
650 1934 868 1965 Coenaculum
884 1933 989 1965 estin

289 1990 358 2025 quo
396 1987 518 2015 aestate
556 1988 713 2016 coenatur
748 1983 790 2015 ad
824 1983 991 2024 umbram,

287 2034 399 2065 hieme
425 2034 469 2064 ad
492 2034 609 2074 solem,
634 2034 683 2065 ait
702 2034 826 2066 Varro.
868 2034 990 2066 Sueto·

287 2085 364 2116 nius
398 2084 542 2116 Claudio
569 2094 646 2125 cap.
670 2087 721 2117 10.
743 2087 752 2102 ‘
768 2085 810 2116 Iu
835 2084 989 2116 Diaetam

287 2134 344 2166 cui
359 2143 483 2165 nomen
499 2138 551 2166 est
560 2134 762 2166 Hermetum
775 2133 989 2166 recesserat!

287 2185 444 2217 Scaevola
466 2184 737 2217 Jurisconsultns
759 2186 784 2217 l.
813 2192 914 2216 wa.
944 2186 989 2217 D.

286 2234 332 2267 de
347 2235 464 2267 donat.
489 2235 578 2267 inter
602 2235 711 2266 virum
738 2239 775 2266 et
808 2244 866 2267 ux.
891 2236 988 2266 ‘cum

286 2290 451 2327 separata
466 2285 566 2317 diaeia
583 2286 624 2317 ab
640 2295 681 2317 eo
697 2284 810 2317 esset!
853 2286 988 2326 Rogan-

286 2335 322 2367 di
352 2340 434 2367 nota
463 2339 543 2376 post
566 2334 603 2366 τὸ
625 2335 744 2377 Syenes
769 2338 805 2366 et
836 2333 874 2366 τὸ
895 2344 989 2375 agros

286 2385 460 2427 adscripta
488 2386 693 2418 sententiam
720 2385 852 2425 turbat,
889 2395 988 2426 quam

286 2445 342 2467 me
359 2435 500 2467 authore
517 2436 622 2467 liccat
638 2435 748 2467 tollas.
772 2435 924 2467 Bernart.

326 2488 370 2517 85
395 2486 552 2527 Metellis]
571 2485 791 2526 Lapicidinis.
814 2485 904 2516 Nam
918 2493 987 2516 me-

286 2535 369 2566 talla
399 2540 478 2568 sunt
509 2545 603 2576 venas
634 2540 704 2567 tam
736 2535 858 2576 lapidis
886 2544 987 2576 quam

286 2586 365 2617 aeris
376 2591 412 2617 et
428 2587 569 2618 aliarum
590 2595 716 2619 rerum.
760 2586 912 2618 Plinius:
942 2587 989 2619 Et

284 2636 491 2677 'ubicumque
509 2646 574 2667 una
590 2637 729 2668 inventa
741 2646 828 2668 vena
840 2641 906 2676 est,
918 2645 986 2668 non

283 2686 405 2726 procul
421 2686 594 2717 invenitur
609 2687 696 2718 alia:
715 2687 778 2719 hoc
796 2687 932 2729 quidem
950 2691 987 2719 et

282 2735 321 2767 in
336 2735 428 2767 omni
451 2735 524 2767 fere
546 2737 712 2768 materia:
740 2736 830 2768 unde
846 2737 986 2769 metalla

284 2785 404 2818 Groeci
417 2786 578 2819 videntur
599 2786 751 2827 dixisse;
777 2796 854 2819 nam
869 2792 984 2828 μεταλ-

762 233 906 265 No'rAE
938 232 1205 264 VARIORUM
1240 230 1293 263 IN

1048 324 1131 357 λεύω
1144 323 1316 366 signifieat
1330 325 1458 366 indago.
1479 323 1615 358 Domit-

1092 377 1133 407 87
1155 374 1304 416 Synnade
1319 374 1446 416 mesta]
1483 373 1541 408 Ob
1564 377 1752 417 perpetuos

1049 424 1159 467 Atyos
1175 424 1306 457 exsecti
1320 425 1434 457 luctus
1449 429 1486 457 et
1505 423 1652 457 furores.
1695 423 1753 457 Ibi

1050 475 1140 507 enim
1161 474 1377 516 Corybantes
1396 477 1566 517 perpetuo
1585 482 1624 507 so
1637 473 1754 507 vnlne-

1050 524 1175 556 rabant
1190 523 1560 567 exscindebantquead
1573 524 1754 568 saera'Cq·

1050 574 1154 607 beles.
1198 575 1377 608 Describit
1391 583 1434 608 ea
1448 584 1547 608 sacra
1563 574 1686 609 Claud.
1705 575 1752 608 tle

1050 625 1167 667 Rapta
1193 625 1293 658 Pros.
1329 625 1389 658 lib.
1427 635 1454 658 r.
1484 629 1494 644 ‘
1517 624 1750 668 Synnadicnm

1049 674 1213 708 marmor'
1239 675 1438 717 Phrygium.
1480 675 1572 709 Vide
1586 685 1692 718 snpra
1706 676 1751 720 ad

1048 727 1182 759 Tiburt.
1197 726 1352 768 Vopisci,
1372 726 1423 758 (ΖΙ.
1441 726 1585 760 sun-as.
1605 725 1650 759 ad
1668 721 1751 759 ‘nin
1815 765 1818 768 Δ

1051 781 1117 809 tor.
1132 776 1279 816 August.
1294 786 1329 818 p.
1339 778 1415 810 26⁷.
1438 776 1559 809 Barth.
1669 795 1674 800 ·

1090 830 1134 860 92
1159 826 1291 869 nasos]
1331 827 1466 859 Thason
1493 836 1515 859 e
1542 824 1751 868 Cycladibus

1048 877 1166 910 insulis
1190 887 1292 909 unam
1318 876 1415 909 Parii
1440 876 1682 911 incoluerunt:
1705 884 1749 909 ex

1048 937 1115 969 qua
1136 928 1342 960 maculosum
1364 935 1514 959 marmor
1534 925 1750 968 mittebatur,

1049 981 1087 1010 ut
1097 977 1217 1009 scribit
1228 977 1321 1009 Plin-

1090 1030 1131 1060 93
1160 1027 1203 1060 Et
1219 1027 1331 1068 Chios]
1353 1026 1509 1060 Plinius:
1525 1024 1694 1067 Primum,
1709 1030 1749 1059 nt

1047 1077 1208 1114 arbitror,
1237 1077 1463 1110 versicolores
1487 1077 1569 1109 istas
1584 1077 1747 1119 ‘maculas

1047 1127 1207 1159 Chiorum
1216 1126 1412 1169 lapicidinae
1421 1125 1660 1174 ostenderunt,
1668 1132 1747 1159 cnm

1047 1181 1248 1210 extruerent
1260 1187 1387 1210 muros.
1409 1177 1533 1211 Dormit.

1089 1233 1130 1262 95
1156 1230 1262 1261 Grata
1289 1228 1413 1270 probus,
1442 1229 1523 1270 qnod
1551 1231 1650 1270 gnta
1674 1228 1747 1269 fre⁴

1045 1279 1191 1322 queritas]
1219 1279 1324 1311 Forte
1341 1278 1469 1310 rectius
1485 1278 1643 1320 legatum
1666 1279 1748 1320 qnod

1048 1329 1151 1370 Graja
1176 1328 1300 1370 probas,
1322 1329 1401 1369 quod
1427 1327 1531 1368 (ἔτ-ψ
1545 1327 1747 1370 frequentas,

1044 1381 1097 1421 &a
1142 1379 1230 1411 Nam
1252 1378 1296 1410 de
1313 1378 1462 1420 Neapoli
1475 1378 1542 1419 ipsi
1556 1387 1668 1411 sermo
1682 1382 1748 1420 est,

1045 1439 1122 1472 quae
1148 1430 1228 1461 olim
1250 1438 1270 1460 a
1285 1428 1419 1461 Graecis
1433 1427 1601 1460 habitata·
1645 1427 1747 1461 Unde

1044 1480 1054 1497 ‘
1067 1479 1190 1511 Graeca
1204 1478 1302 1511 urbs’
1323 1477 1543 1520 peculiariter
1558 1476 1747 1519 appellata.

1044 1530 1133 1562 Vide
1151 1530 1252 1562 Nost.
1269 1529 1411 1571 Epiced.
1432 1529 1562 1570 Patris,
1577 1528 1637 1562 ubi
1653 1528 1745 1562 Nea·

1043 1581 1149 1623 polim
1163 1581 1360 1623 alloquitur,
1375 1584 1412 1612 et
1423 1581 1535 1613 Tacit.
1544 1579 1670 1612 Annal.
1679 1588 1744 1613 xv.

1044 1632 1088 1663 de
1102 1632 1264 1664 Nerone:
1294 1632 1304 1648 ‘
1319 1631 1398 1663 Non
1422 1635 1537 1663 tamen
1559 1630 1679 1662 Romte
1694 1630 1746 1663 in·

1044 1682 1158 1723 cipere
1174 1690 1293 1714 scenas
1308 1690 1423 1721 ausus,
1439 1679 1632 1722 Neapolim,
1646 1679 1744 1722 quasi

1044 1733 1202 1764 Graecam
1219 1731 1350 1771 urbem,
1362 1729 1517 1772 delegit!
1549 1727 1640 1762 Vide
1655 1738 1744 1772 prae.

1044 1787 1140 1814 terea
1155 1782 1367 1823 Scaligernm
1377 1781 1420 1814 de
1431 1779 1616 1813 Emendat.
1624 1779 1745 1822 Temp-

1045 1831 1178 1864 Gevart.

1084 1885 1127 1914 99
1149 1882 1300 1913 Madidas
1325 1881 1479 1913 Baccheo
1497 1884 1624 1913 nectare
1635 1881 1742 1924 νηκε]

1041 1930 1139 1963 Inter
1164 1935 1293 1962 caetera
1321 1931 1399 1962 vina
1429 1930 1564 1963 veteres
1595 1931 1741 1963 maxime

1041 1982 1230 2024 probarunt
1251 1981 1296 2025 (si
1320 1981 1434 2013 Plinio
1449 1981 1623 2013 credimus
1634 1981 1696 2014 lib.
1715 1990 1741 2014 ι.

1040 2043 1114 2075 cap.
1129 2037 1162 2065 6.
1189 2032 1223 2064 id
1237 2031 1450 2072 adfirmanti)
1470 2031 1684 2069 Surrentina,
1699 2040 1742 2064 eo

1040 2084 1131 2126 quod
1149 2093 1212 2115 nec
1235 2087 1342 2124 caput
1363 2086 1552 2123 tentarent,
1576 2082 1741 2115 stomachi

1039 2140 1075 2166 et
1102 2134 1341 2166 intestinorum
1367 2132 1625 2165 rheumatismos
1649 2133 1741 2165 cohi-

1039 2185 1174 2218 berent.
1219 2185 1382 2217 Ceterum
1414 2183 1577 2216 Tiberius
1609 2183 1739 2224 Caesar,

1039 2235 1158 2267 eodem
1187 2235 1302 2266 Plinio
1325 2234 1480 2274 authore,
1505 2233 1623 2266 dicere
1651 2234 1738 2266 sole-

1039 2285 1098 2317 bat
1113 2295 1121 2317 :
1141 2286 1151 2303 ⁴
1164 2284 1381 2317 consensisse
1395 2283 1548 2316 medicos
1561 2287 1600 2315 ut
1615 2283 1738 2316 nobilia

1039 2338 1149 2367 tatem·
1178 2334 1381 2366 Surrentino
1415 2333 1552 2372 darent,
1586 2333 1738 2375 alioquin

1038 2395 1113 2418 esse
1128 2393 1327 2427 generosum
1344 2382 1501 2415 acetum-¹
1521 2382 1673 2414 Rev-nm.

1081 2438 1142 2467 101
1166 2433 1330 2475 Scapulae]
1351 2433 1393 2465 ln
1411 2431 1532 2474 quibus
1546 2435 1625 2463 sunt
1639 2435 1737 2464 vates

1037 2491 1072 2518 et
1087 2486 1209 2528 Satyri.
1254 2485 1369 2527 Satyri
1385 2483 1533 2517 fabulosi
1551 2487 1628 2516 sunt
1644 2484 1736 2525 apud

1037 2536 1184 2569 Poenas:
1201 2535 1244 2568 ab
1259 2535 1429 2567 historicis
1445 2533 1687 2566 dicuntur-esse
1699 2534 1735 2565 iu

1036 2585 1167 2619 Africae
1195 2586 1338 2617 desertis
1360 2586 1402 2617 ad
1427 2586 1614 2624 orientem;
1637 2583 1735 2616 lasci-

1036 2637 1176 2679 vireque
1203 2636 1346 2668 Atlante
1375 2639 1512 2668 moute:
1542 2630 1734 2682 prutenos

1034 2687 1118 2718 nihil
1147 2686 1313 2718 habentes
1337 2686 1530 2718 humanum.
1575 2684 1733 2716 Macrob.

1036 2747 1056 2769 a
1070 2735 1149 2774 σάθη
1162 2736 1273 2768 dictos
1284 2740 1395 2778 putat,
1405 2736 1428 2767 i.
1442 2745 1473 2768 e.
1485 2734 1620 2767 membro
1634 2734 1733 2772 cirili,

1035 2787 1127 2831 quod
1141 2786 1310 2820 libidinosi
1326 2786 1405 2820 sint.
1427 2785 1550 2820 Dmie.
1625 2785 1628 2788 ’
