1846 3120
273 226 384 269 1516
756 235 798 265 Ρ.
830 234 1022 266 PAPINH
1055 233 1221 265 s'rA'rn

315 331 430 364 ditur:
459 331 507 363 illi
532 329 666 362 tradere
694 328 743 361 ait
764 327 907 360 Achillis
928 336 1090 360 sororem.
1133 327 1234 359 Hanc
1250 327 1388 369 quidem
1407 327 1494 360 vene
1509 326 1718 360 Amazonum

314 393 409 415 more
426 384 555 422 vivere,
570 392 609 414 ac
626 381 715 413 ferre
731 391 846 421 arma3
861 381 922 414 sed
938 381 1020 413 satis
1032 381 1096 412 sibi
1109 390 1182 413 esse
1194 390 1351 413 curarum
1367 390 1430 423 pro
1444 380 1590 413 Achille.
1633 381 1719 414 Eam

315 435 420 476 igitur
434 436 524 467 inter
541 435 614 476 ejus
629 434 715 466 filias
732 434 906 466 secludat:
930 443 993 465 nec
1005 434 1094 465 sinat
1109 443 1185 465 eam
1199 433 1398 469 venari,nec
1414 434 1572 475 palaestra
1581 442 1721 466 exerce·

316 489 346 519 ri
363 500 371 520 :
391 489 563 530 praecipue
573 498 653 520 vero
667 498 686 519 a
698 492 797 530 portu
809 491 939 528 arceat,
948 496 990 518 ne
1003 490 1194 528 raperetur.
1225 486 1433 528 Lycomedes
1447 485 1579 518 Thetidi
1593 487 1720 528 gratias

316 541 388 582 agit
404 541 581 581 maximas,
596 541 687 583 quod
703 541 832 573 electus
846 540 965 581 fuerit,
989 540 1085 581 cujus
1110 539 1190 572 fidei
1206 545 1338 572 tantum
1354 538 1719 580 depositum-*credere-

317 596 384 623 tur.
429 593 484 624 Sic
500 592 651 624 Achilles
667 593 821 624 simulato
844 602 926 624 sexu
944 593 979 624 in
1004 593 1114 624 aulam
1129 592 1330 634 Lycomedis
1351 592 1537 624 inducitur.
1579 591 1721 624 Interea

317 644 448 685 Graeci,
474 645 606 677 accensi
631 645 778 686 querelis
804 645 954 677 Menelai
978 645 1122 677 Helenae
1146 645 1271 686 mariti,
1301 650 1338 677 et
1363 644 1624 686 Agamemnonis
1645 645 1733 686 eJns-

317 696 447 737 fratris,
469 698 504 728 in
524 697 683 729 Aulidem
706 697 847 730 Euboeae
870 702 1006 739 portum
1032 698 1248 738 conveniunt,
1267 698 1449 740 cunctique
1468 698 1638 739 jurantse
1652 706 1721 730 non

316 759 408 781 arma
428 750 611 791 posituros,
625 750 688 781 nisi
703 750 861 781 Menelao
877 749 1090 782 satisfactum
1115 749 1233 783 fuerit.
1276 749 1324 782 At
1339 760 1529 792 quanquam
1550 750 1647 783 multi
1661 750 1720 782 ad-

318 803 386 835 sint
402 803 532 834 strenui
546 802 664 843 duces,
679 803 829 834 Achilles
851 803 1014 844 poscitur.
1056 804 1158 835 Illum
1181 812 1295 835 omnes
1310 803 1484 835 absentem
1498 802 1719 836 desiderant:

318 855 407 887 hunc
427 856 532 887 solum
549 856 696 887 clamant
711 855 864 896 Trojanis
880 860 915 887 et
933 855 1079 887 Hectori
1094 855 1245 888 fatalem.
1288 855 1500 888 Protesilaus
1514 859 1629 888 vatem
1643 854 1720 888 Cal-

317 908 473 940 chantem
489 913 600 950 urget,
613 908 696 949 ipsis
720 908 873 949 detegat,
890 907 946 939 ubi
968 907 1118 940 Achilles
1134 908 1310 940 latitaret:
1333 917 1409 939 nam
1425 917 1540 939 rumor
1554 911 1630 940 crat
1643 917 1720 940 eum

319 960 434 992 necin
450 961 527 992 aula
547 961 644 993 Pelei
668 961 788 1001 patris,
809 970 873 992 nec
896 960 986 1001 apud
1007 961 1186 993 Chironem
1208 971 1292 993 esse.
1335 960 1477 993 Calchas
1491 959 1654 1002 Apolline
1667 969 1720 993 re-

319 1013 434 1054 pletus
460 1013 612 1045 declarat
633 1013 837 1044 Eversorem
854 1012 946 1044 Asiae
967 1017 1061 1045 veste
1076 1013 1231 1046 muliebri
1247 1017 1375 1046 tectum
1392 1013 1482 1055 apud
1495 1012 1722 1055 Lycomedem

318 1065 418 1107 Scyri
444 1075 558 1106 regem
582 1065 758 1097 occultari.
801 1065 943 1106 Ulysses
966 1069 1004 1097 et
1029 1065 1214 1097 Diomedes
1230 1075 1307 1097 eum
1325 1065 1403 1097 hinc
1418 1065 1461 1097 ad
1476 1065 1602 1098 benum
1614 1065 1721 1098 addu-

320 1118 465 1150 cendum
481 1118 682 1159 suscipiunt.
726 1117 876 1149 Achilles
893 1122 1005 1149 autem
1021 1127 1182 1159 amorem,
1196 1127 1295 1159 quem
1311 1118 1384 1150 visa
1405 1117 1589 1150 Deidamia
1600 1117 1722 1149 hause-

321 1174 386 1212 rat,
408 1175 570 1213 quantum
597 1170 723 1212 potuit,
738 1170 946 1202 dissimulat:
973 1170 1032 1202 sed
1057 1180 1159 1202 morae
1180 1170 1373 1212 impatiens,
1386 1170 1470 1202 dum
1483 1170 1612 1203 Bacchi
1625 1169 1723 1211 orgia

319 1223 456 1255 summis
478 1223 664 1255 ululatibus
680 1227 782 1255 noctu
799 1233 842 1255 ex
858 1232 953 1255 more
968 1222 1244 1264 celebrabantur,
1265 1224 1297 1254 vi
1322 1223 1503 1255 Deidamia
1519 1223 1662 1264 potitur,
1685 1226 1724 1254 et

321 1277 452 1308 solatur
467 1275 629 1308 afflictam
645 1285 681 1308 se
697 1276 884 1317 prodendo.
916 1276 1057 1316 Nutrix,
1071 1276 1198 1309 furtivo
1214 1276 1320 1309 amori
1334 1276 1428 1310 socia
1440 1276 1569 1315 addita,
1583 1285 1724 1318 surgen·

321 1334 388 1361 tem
406 1332 538 1360 uterum
554 1329 744 1360 Deidamiae
760 1328 923 1371 occuluit,
937 1328 1046 1361 donec
1063 1329 1208 1371 peperit.

280 1515 670 1574 MAGNAmMUM
692 1531 923 1580 AEaciden,
940 1530 1306 1585 formidatamque
1327 1531 1518 1573 Tonanti

279 1599 550 1652 Progeniem,
572 1603 618 1639 et
637 1599 779 1652 patrio
797 1599 976 1640 vetitam
996 1597 1230 1639 succedere
1251 1597 1383 1648 coelo,

322 1710 421 1751 Diva,
434 1720 508 1742 cane
520 1710 640 1749 sortem
660 1710 834 1751 AEacidem,
857 1712 888 1742 et
906 1709 1037 1741 sobolem
1049 1708 1219 1741 timendam
1238 1708 1324 1751 Joei,
1344 1712 1376 1742 et
1390 1708 1552 1741 inhibitam
1565 1711 1723 1743 succedere

893 1803 1132 1816 MNMO

324 1871 400 1903 Hoc
425 1871 554 1903 Poema
569 1870 604 1902 in
619 1871 769 1913 quinque
783 1870 886 1903 libros
901 1870 1043 1902 divisum
1059 1869 1219 1902 exhibent
1234 1869 1321 1902 Dan.
1337 1869 1420 1902 Put.
1443 1869 1564 1903 Petav.
1579 1866 1721 1902 Venett.

281 1915 376 1946 Rom.
394 1914 623 1955 Lindenbrog.
640 1918 677 1945 et
692 1915 792 1945 Cruc.
807 1923 884 1944 cum
897 1913 962 1945 hoc
978 1912 1210 1952 Argumento:

623 1957 660 1987 In
671 1956 772 1996 primo
790 1956 923 1987 Chirona
938 1955 1017 1996 petit
1034 1955 1139 1987 Thetis
1152 1957 1224 1986 ante
1235 1956 1372 1994 precata.

578 1999 622 2029 At
640 1998 745 2029 Thetis
759 1998 904 2029 AE’monio
917 1996 1082 2038 Lycomedi
1097 1996 1196 2028 tradit
1209 1995 1374 2028 Achillem.

580 2040 705 2071 Tertius
719 2040 870 2071 AEaciden
880 2040 1005 2079 quoerit,
1016 2043 1145 2079 generat
1159 2047 1275 2079 quoque
1287 2037 1458 2079 Pyrrhum.

579 2082 719 2118 Quartus
731 2085 766 2113 at
779 2083 931 2113 occultum
944 2081 1074 2113 Peliden
1085 2082 1187 2121 prodit
1205 2080 1321 2122 Ulyssi.

577 2124 720 2164 Navigat
734 2124 882 2156 AEacides
893 2125 935 2156 ad
947 2124 1052 2155 debita
1066 2124 1223 2163 Pergama
1236 2123 1355 2163 quinto.

282 2164 416 2200 Deinde
432 2166 585 2208 sequitur
601 2167 691 2198 alind
708 2165 967 2207 Argumentum,
981 2166 1057 2198 libri
1074 2166 1174 2206 primi
1189 2166 1321 2197 scilicet
1332 2177 1342 2197 :

624 2209 767 2240 Thensate
780 2209 935 2249 proposito
949 2212 1059 2240 narrat
1076 2209 1183 2239 Thetis
1195 2208 1289 2245 alma,
1303 2204 1446 2248 rapinam

580 2251 768 2292 Tyndaridis
781 2253 943 2291 conquesta
953 2261 964 2282 .-
984 2254 1070 2282 rates
1082 2252 1137 2282 sed
1150 2260 1231 2282 vana
1242 2254 1387 2291 precatur

578 2295 725 2332 Mergere
740 2293 918 2326 Rhoetaeas:
938 2293 1015 2325 alios
1028 2296 1195 2324 commenta
1206 2295 1335 2332 paratus

581 2336 693 2367 Tendit
707 2336 741 2367 in
755 2336 944 2375 AEmoniam,
958 2345 1063 2366 carum
1075 2335 1217 2366 ablatura
1228 2335 1379 2374 magistro

578 2378 730 2409 AEacwen
740 2388 750 2409 .·
776 2377 939 2416 tum-forte
944 2378 1034 2416 seras
1048 2378 1138 2409 letale
1142 2376 1313 2415 fugantem

580 2420 640 2451 Ille
654 2420 736 2451 redit
750 2421 898 2460 loetasque
911 2421 1022 2460 dapum
1034 2422 1102 2461 post
1116 2428 1243 2451 munera
1256 2415 1351 2450 matri

579 2463 654 2494 Fila
669 2472 788 2493 movens
800 2463 883 2493 canit
897 2462 1026 2498 heroa-35
1046 2470 1111 2493 noa:
1120 2463 1245 2501 occupat
1259 2463 1357 2492 artus.

282 2506 292 2523 ‘
310 2505 390 2537 Non
417 2504 477 2536 abs
503 2513 540 2535 re
567 2505 755 2541 dubitetur,
777 2514 906 2536 unusne
932 2504 986 2536 hic
1009 2503 1094 2535 liber
1116 2503 1172 2543 sit,
1194 2511 1236 2534 an
1260 2503 1294 2533 in
1320 2503 1436 2543 plures
1460 2500 1723 2536 distribuendus.

282 2548 394 2579 Unum
411 2547 522 2587 potius
537 2557 611 2578 esse
636 2557 739 2588 quam
762 2547 845 2578 duos
867 2547 945 2578 hinc
969 2551 1142 2578 autumare
1156 2545 1248 2584 licet,
1264 2544 1354 2586 quod
1370 2545 1618 2577 Commentaria
1639 2546 1722 2578 Lac-

282 2588 381 2621 tantii
396 2589 557 2620 continno
572 2588 688 2620 ordine
714 2589 783 2620 sine
805 2590 874 2620 ulla
895 2589 1054 2620 librorum
1072 2587 1290 2619 distinctione
1305 2587 1433 2628 scripta
1455 2592 1566 2619 erant.
1612 2587 1721 2634 Argu-

282 2635 433 2663 mentum
447 2631 616 2672 equidem,
632 2631 692 2662 sed
718 2632 805 2669 leve,
820 2641 884 2663 nec
899 2632 953 2663 cui
979 2631 1060 2662 satis
1084 2629 1307 2662 innitendum.
1351 2630 1443 2670 Ergo
1465 2638 1564 2671 quam
1586 2629 1621 2660 in
1637 2634 1722 2662 vett.

282 2672 384 2704 codd.
407 2673 575 2713 editisque
598 2674 847 2714 exemplaribus
869 2673 994 2713 inveni,
1006 2681 1080 2704 eam
1102 2671 1198 2714 sequi
1220 2670 1413 2711 malui,non
1435 2671 1600 2703 novellam
1623 2671 1722 2704 istam

282 2715 424 2747 duorum
448 2715 608 2747 librorum
634 2715 860 2748 divisionem!
883 2716 1093 2754 Lindenbrog.
1136 2715 1146 2732 ⁸
1161 2713 1373 2755 Argumenta
1394 2713 1472 2745 ideo
1487 2722 1554 2744 non
1577 2715 1724 2745 attendi·

282 2767 367 2799 mus,
383 2757 472 2800 quod
489 2757 667 2790 ridiculam
691 2758 724 2790 in
749 2759 896 2802 quinque
912 2758 1014 2791 libros
1038 2756 1150 2799 operis
1178 2757 1376 2790 divisionem
1398 2760 1593 2798 sequantur,
1609 2765 1671 2789 nec
1687 2757 1723 2789 in
