1858 3112
292 232 406 277 166⁰

293 336 471 379 Δημήτερος
492 335 583 375 ἀκτή.
625 335 719 368 Mela
734 335 794 369 lib.
810 344 851 368 ιι.
868 345 945 378 cap.
956 339 991 370 7.

293 389 423 421 Verum
438 387 465 418 si
481 387 640 428 Carystos
657 386 800 426 undosa,
816 386 896 429 qnid
910 386 990 418 novi

294 438 329 471 in
351 437 464 469 insula
486 436 584 478 cujus
600 435 707 468 solum
729 437 799 467 salo
814 435 991 468 circunda-

294 492 366 520 tum
382 487 394 517 ?
417 496 459 518 an
476 486 520 518 ob
533 495 636 528 aquas
652 487 814 527 calentes,
830 485 990 528 inertas,

294 536 418 577 quibus
434 536 516 568 mire
532 535 720 568 salubribus
734 536 909 568 abundare
925 541 992 569 tes-

294 585 340 617 tis
368 590 424 618 est
451 586 522 619 Jul.
544 586 648 618 Solin.
676 595 753 627 cap.
783 589 836 619 17.
889 586 992 628 Apud

294 635 438 667 eandem
452 636 599 677 lapidem
622 641 752 677 natum,
774 636 834 679 qui
855 636 994 669 texeba-

294 690 363 726 tur,
402 696 446 718 ex
483 696 549 728 quo
579 685 745 727 ὑφάσματι
776 686 995 729 χειρόμακτρα,

293 736 445 768 mantilia
459 735 739 778 conficiebantur,
753 747 829 780 quae
845 738 903 770 ubi
921 747 994 769 sor-

294 785 355 817 des
371 790 626 823 contraxerant,
639 787 672 818 in
683 785 851 819 flammam
861 787 994 828 injecta

294 835 540 875 purgabantur,
554 836 676 867 Strabo
694 836 753 868 lib.
769 844 805 867 x.
822 836 990 877 perbibet.

295 884 396 916 ‘Nec
423 885 539 925 procul
563 885 731 926 Carysto,’
751 885 863 928 inquit
893 886 995 927 idem,

293 934 395 965 ‘sunt
418 933 580 974 Styraet
602 935 834 976 Marmarium,
855 936 912 969 ubi
930 937 994 969 Ca-

294 983 400 1016 ristiae
413 984 577 1016 columnae
592 985 839 1019 excindantur!
852 986 890 1018 τὸ
899 986 993 1018 λατό-

294 1045 364 1074 μων
379 1035 443 1065 τῶν
457 1034 634 1076 Καρυστίων
648 1034 766 1068 κιόνων.
810 1038 916 1069 Mart.
932 1037 994 1070 lib.

295 1092 350 1115 xx.
373 1083 439 1124 Ep.
453 1086 506 1116 87.
526 1085 536 1102 ‘
550 1085 606 1116 De
622 1095 787 1118 marmore
799 1087 890 1118 omni
904 1087 995 1129 quod

296 1134 460 1175 Carystos
476 1135 628 1167 invenit!
654 1137 782 1169 Morell.

312 1201 316 1204 -
338 1186 382 1216 36
405 1185 580 1216 Nomadum
593 1186 696 1217 decisa
709 1185 858 1226 metallis]
874 1186 995 1218 Numi-

297 1233 410 1267 dicum
427 1245 584 1276 marmor,
599 1236 641 1268 de
657 1247 722 1279 quo
737 1237 807 1269 dixi
822 1238 996 1280 Epithala-

297 1285 365 1317 mio
390 1285 518 1319 Stellae.
562 1287 693 1318 Plinius
716 1287 800 1319 libro
817 1297 853 1320 v.
874 1290 996 1329 cap.3.

297 1336 308 1353 ‘
326 1336 482 1368 Numidae
512 1345 593 1368 vero
623 1337 794 1368 Nomades
816 1347 836 1369 a
861 1347 995 1379 permn-

298 1387 412 1419 tandis
435 1387 578 1428 pabulis,
600 1388 747 1429 mapalia
769 1398 843 1429 sua,
865 1390 928 1421 hoc
944 1394 997 1422 est

300 1437 429 1478 domus,
475 1438 637 1479 plaustris
689 1439 996 1472 circumferentes.'

300 1488 449 1520 Consule
480 1488 684 1520 Pausaniam
716 1488 857 1530 Atticis,
883 1489 999 1522 Strab-

297 1537 357 1569 lib.
379 1546 448 1569 ιιι.
471 1538 677 1579 stephanum
702 1542 738 1570 et
762 1539 998 1581 Pomponium.

300 1587 452 1619 Bernart-

313 1654 315 1656 -
341 1639 383 1668 37
406 1636 480 1668 Sola
503 1638 593 1679 cavo]
618 1638 695 1670 Proe
718 1639 853 1671 caeteris
879 1644 914 1672 et
937 1640 999 1672 hoc

299 1686 425 1719 nobile.
461 1686 550 1718 Vide
566 1688 619 1719 Cl.
633 1688 775 1720 Salmas.
798 1689 840 1720 ad
859 1690 999 1730 Capito-

297 1736 356 1768 lin.
372 1736 468 1768 Max.
480 1742 516 1768 et
532 1738 724 1770 Balbinum.
747 1739 902 1772 Hermol.
917 1740 999 1771 Bar-

301 1787 420 1818 barum
450 1787 492 1819 ad
523 1788 614 1820 Plin.
643 1789 700 1822 lib.
739 1798 780 1821 ιι.
815 1800 890 1832 cap.
927 1793 1000 1822 103.

300 1837 464 1869 Beruard.
488 1838 621 1880 Cyllen.
647 1839 688 1871 ad
712 1839 838 1872 Tibull.
861 1841 920 1872 lib.
942 1849 999 1873 ιιι.

300 1887 398 1928 Eleg.
413 1890 446 1920 3.
475 1889 522 1920 Et
538 1889 580 1919 ad
593 1890 840 1922 conciliandum
852 1891 1000 1932 pretium

299 1936 449 1968 fabulam
464 1937 573 1976 addit,
594 1938 684 1969 conf.
705 1939 875 1972 Sirmond.
891 1940 933 1971 ad
949 1940 1000 1971 Si-

301 1987 378 2019 don.
411 1987 562 2029 Epithal.
576 1988 711 2020 Ruritii.
741 1989 787 2020 Et
799 1989 999 2022 Bernartius

301 2037 437 2069 omniuo
467 2037 520 2068 hic
550 2037 618 2078 legi
648 2039 718 2069 vult
748 2037 880 2070 Arnob.
913 2038 1000 2071 Adv.

302 2086 434 2119 Gentes
450 2086 507 2118 lib.
523 2096 559 2118 v.
574 2087 630 2119 ubi
647 2086 719 2119 fuse
729 2088 793 2119 hac
807 2088 850 2119 de
865 2098 915 2121 re.

344 2139 386 2168 40
415 2136 479 2168 Vix
493 2137 577 2168 locus
591 2137 730 2177 Eurotoe,
744 2137 857 2169 viridis
868 2148 938 2170 cum
951 2147 1001 2170 re-

297 2188 376 2228 gula
391 2188 483 2228 longo
497 2188 624 2230 Synnada
636 2189 788 2221 distinctu
801 2190 920 2231 vav-iat]
945 2190 1003 2222 Ita

302 2240 391 2271 bunc
406 2240 516 2271 locum
538 2240 765 2281 distinximus,
788 2251 864 2273 cum
881 2242 914 2273 in
929 2242 1001 2273 vul-

303 2289 393 2331 gatis
404 2291 500 2322 nullo
515 2300 616 2323 sensu
630 2291 825 2332 legeretur:
845 2292 908 2324 Vix
919 2293 1003 2323 locus

304 2343 435 2375 Eurota»
458 2342 568 2383 viruli,
597 2345 651 2383 ὅγε.
695 2343 758 2375 Est
798 2348 911 2375 autem
946 2344 1001 2376 uic

302 2393 441 2435 elegans
461 2393 568 2434 locus,
582 2394 638 2434 qui
658 2393 928 2424 Marmorationis
944 2403 1002 2434 ge·

305 2452 366 2475 nus
393 2453 411 2474 e
433 2442 564 2474 duobus
594 2443 813 2475 marmoribus
835 2443 1001 2484 composi-

305 2496 375 2523 tum
391 2493 483 2524 clare
497 2492 541 2524 ob
558 2493 674 2524 oculos
690 2492 799 2534 pouit.
839 2493 1003 2525 Solebant

305 2543 396 2574 enim
445 2543 604 2574 marmori
647 2542 816 2584 Synudico
852 2549 1001 2576 crustam

306 2593 451 2635 aliquam
474 2592 649 2624 marmoris
673 2592 933 2634 Lacedaemonii,
949 2593 1003 2625 vel

304 2642 399 2684 Tyrii
415 2642 628 2674 interserere.
674 2644 802 2675 Seneca
817 2643 926 2684 Epist.
949 2646 1003 2676 89.

307 2693 469 2733 ‘Pauper
497 2693 562 2724 sibi
600 2693 738 2725 videtur
768 2704 808 2726 ae
837 2693 1005 2735 sordidus,

307 2742 373 2774 nisi
398 2741 548 2783 parietes
573 2743 702 2783 magnis
718 2752 758 2774 ac
775 2743 935 2784 pretiosis
950 2752 1004 2775 or-

306 2791 406 2827 bibus
436 2789 652 2824 refulserint:
677 2791 742 2824 nisi
770 2790 1004 2825 Alexandrina

763 242 902 275 NOTAE
934 228 1195 274 vammum
1231 241 1283 275 m

1040 343 1207 369 marmora
1221 336 1410 370 Numidicis
1429 337 1553 370 crustis
1567 336 1736 372 distincte

1041 385 1134 419 sint.'
1147 387 1238 419 Stat.
1251 387 1409 421 Surrent.
1422 388 1527 420 Pollii
1540 399 1550 421 ε
1563 389 1574 408 ⁶
1583 388 1640 421 lbi
1650 396 1738 429 mate

1041 446 1133 469 more
1157 437 1250 479 picto
1264 438 1418 470 Candida
1433 446 1602 481 purpureo
1617 439 1739 472 distin‘

1043 489 1159 529 guitur
1174 496 1252 519 area
1274 487 1383 529 gyro!
1424 489 1631 530 Hujusmodi
1651 498 1740 522 mar-

1042 537 1240 570 morationis
1278 547 1397 578 genus,
1442 538 1452 556 ‘
1471 538 1739 572 Alexandrinum

1042 587 1148 629 opus'
1171 588 1422 629 appellabatur,
1444 588 1498 620 vel
1521 588 1611 631 quod
1634 587 1741 622 Alex-

1044 638 1185 669 andrino
1202 647 1365 670 marmore
1377 638 1419 670 ad
1437 638 1500 670 hoc
1512 638 1656 675 maxime
1667 643 1744 675 ute·

1043 691 1176 729 rentur,
1192 693 1228 719 ut
1244 695 1290 719 ex
1306 687 1474 729 superiori
1499 688 1640 721 Seneca·
1665 689 1741 722 loco

1044 742 1155 778 patet,
1186 737 1240 769 rel
1262 737 1353 779 quod
1381 738 1416 770 iu
1439 737 1648 771 Alexandria
1672 738 1743 781 pri·

1045 795 1133 818 mum
1171 793 1357 828 repertum.
1402 787 1466 820 AEl.
1497 788 1671 830 Lamprid.
1705 789 1743 821 ln

1045 836 1144 869 Alex.
1181 837 1262 869 Sev.
1306 839 1316 856 ‘
1335 837 1605 870 Alexandrinum
1641 846 1740 880 opus,

1044 889 1218 919 marmoris
1234 888 1276 919 de
1290 887 1423 919 duobus
1434 888 1667 930 marmoribus,
1677 889 1741 922 boc

1045 940 1098 969 est
1127 936 1370 978 porphyretico
1399 941 1436 969 et
1470 935 1744 983 Lacedoemonio,

1044 987 1171 1029 primus
1206 987 1368 1024 instituit,
1403 984 1540 1019 Palatio
1576 992 1744 1033 exornato

1043 1038 1108 1071 hoe
1144 1046 1270 1080 genero
1305 1037 1557 1070 marmorandiss
1610 1038 1743 1071 Genn-

1045 1089 1197 1121 Cruceus
1218 1093 1331 1120 tamen
1354 1093 1477 1121 contra
1492 1088 1679 1130 Epitheton
1696 1089 1745 1121 vi-

1044 1138 1128 1170 ridis
1145 1137 1264 1171 tribuit
1280 1139 1432 1178 Eurotae,
1453 1137 1487 1170 id
1510 1143 1562 1170 est
1583 1139 1745 1171 marmori

1046 1189 1320 1229 Lacedaemonio,
1329 1189 1422 1231 quod
1435 1189 1540 1222 viride
1554 1188 1657 1222 fuisse
1670 1190 1745 1231 plu·

1047 1239 1140 1270 ribus
1156 1239 1280 1270 docere
1297 1239 1428 1271 studet.

1087 1291 1129 1321 41
1154 1289 1228 1321 Non
1254 1288 1364 1320 limina
1384 1287 1522 1330 cessant]
1553 1288 1744 1322 Politianus

1045 1339 1185 1380 legebat
1195 1348 1215 1382 εν
1226 1348 1288 1370 non
1302 1339 1419 1371 lumina
1431 1342 1560 1379 cessant,
1585 1344 1624 1371 ut
1634 1337 1746 1371 Poeta

1047 1388 1155 1429 dicat,
1171 1389 1313 1420 excitari
1339 1389 1454 1420 oculos
1470 1389 1622 1421 colorum
1637 1387 1746 1420 varie·

1047 1438 1185 1470 tatibus.
1221 1438 1395 1470 caeterum
1411 1438 1506 1480 prior
1519 1438 1622 1470 lectio
1639 1437 1747 1480 magis

1047 1490 1129 1522 mihi
1146 1490 1287 1527 arridet,
1304 1499 1405 1532 quam
1420 1492 1457 1522 et
1479 1489 1680 1521 Calderinus
1695 1498 1747 1520 se-

1047 1544 1145 1572 cutus
1180 1544 1246 1580 est,
1280 1544 1316 1571 et
1347 1543 1441 1571 recte
1477 1539 1746 1580 interpretatur:

1047 1591 1180 1622 scilicet
1193 1594 1245 1622 tot
1261 1590 1410 1631 undique
1425 1588 1648 1621 marmoribus
1661 1587 1747 1620 fuis-

1049 1650 1086 1672 se
1113 1644 1313 1671 exornatum
1340 1639 1403 1672 hoc
1427 1639 1596 1676 balneum.
1619 1643 1658 1670 ut
1681 1647 1747 1671 nec

1047 1691 1122 1732 ipsa
1158 1690 1275 1722 limina
1319 1689 1540 1721 marmoribus
1577 1692 1750 1720 vacarent.

1049 1742 1139 1774 Nam
1176 1740 1294 1772 viliora
1328 1748 1494 1771 marmora
1523 1738 1559 1771 in
1594 1738 1747 1770 liminum

1050 1795 1148 1823 erant
1170 1800 1244 1822 usu.
1288 1789 1422 1822 Plinius
1445 1790 1506 1822 lib.
1523 1797 1657 1822 xxxvi.
1671 1798 1748 1831 cap.

1049 1844 1080 1874 6.
1102 1842 1113 1860 ⁴
1129 1840 1350 1873 Numidicum
1374 1848 1519 1871 marmor
1547 1847 1614 1871 non
1637 1838 1671 1870 in
1692 1846 1750 1870 eo-

1049 1891 1172 1923 lumnis
1187 1894 1321 1922 tantum
1333 1889 1512 1930 crustisve,
1518 1889 1578 1921 sed
1589 1889 1624 1920 in
1635 1897 1749 1920 massa

1050 1952 1090 1975 ac
1119 1942 1282 1974 vilissimo
1312 1941 1464 1973 liminum
1488 1940 1575 1972 usu.’
1614 1940 1748 1972 (ἔπινε.

1051 1993 1125 2024 Non
1138 1992 1254 2024 lumina
1269 1990 1404 2031 cessant]
1425 1991 1483 2023 Sic
1498 1990 1629 2022 Colinei
1643 1989 1748 2021 babet

1049 2042 1170 2082 editio,
1194 2050 1301 2083 eaque
1317 2040 1574 2081 interpretanda
1589 2047 1656 2071 uon
1670 2046 1749 2071 ocu—

1050 2093 1101 2124 los
1121 2091 1372 2133 aspicientium,
1397 2090 1459 2122 sed
1483 2088 1662 2127 fenestras,
1677 2088 1752 2130 qui·

1051 2141 1115 2174 bus
1141 2146 1254 2174 tamen
1284 2140 1491 2172 admittitur.
1534 2139 1584 2171 Ut
1608 2139 1682 2170 Cic.
1705 2137 1750 2170 de

1052 2191 1225 2223 Oratore:
1255 2190 1360 2221 ‘Cum
1395 2187 1486 2220 aedes
1509 2187 1687 2227 venderet,
1715 2186 1749 2217 iu

1051 2241 1220 2281 mancipio
1233 2239 1372 2279 lumina,
1386 2238 1437 2270 nti
1451 2242 1545 2270 tuum
1558 2241 1644 2274 erat,
1656 2245 1748 2268 rece·

1052 2292 1125 2334 pit!
1169 2292 1296 2323 Eorum
1319 2289 1488 2330 margines
1512 2288 1661 2328 pretioso
1687 2285 1751 2317 ful·

1052 2341 1198 2383 gidoque
1235 2348 1401 2372 marmore
1430 2337 1613 2370 adornatas
1639 2335 1752 2368 innuit

1053 2392 1230 2433 Papinius.
1266 2390 1311 2421 Et
1330 2389 1404 2420 haec
1435 2387 1564 2429 optime
1587 2396 1663 2418 cum
1679 2387 1751 2433 ’Ca-

1052 2451 1144 2475 meroe
1165 2441 1371 2482 junguntur.
1396 2439 1534 2470 Gronov.
1556 2437 1751 2478 Dianai».

1053 2495 1105 2525 12.

1093 2542 1136 2572 42
1160 2538 1326 2580 Effulgent
1349 2547 1482 2570 canoerae.
1507 2537 1595 2569 vario
1611 2536 1751 2577 fastigia

1052 2589 1151 2630 vitro]
1175 2589 1262 2620 Post
1286 2587 1337 2620 M.
1353 2586 1517 2627 Agrippae
1533 2591 1687 2627 tempora
1702 2585 1751 2617 vi-

1053 2645 1142 2672 trum
1161 2637 1314 2671 Cameris
1337 2636 1491 2668 adbiberi
1512 2639 1661 2676 coeptum
1677 2643 1752 2667 esse
1802 2651 1803 2654 κ

1053 2694 1090 2721 et
1103 2689 1236 2721 Seneca
1251 2691 1286 2718 et
1304 2687 1357 2719 Pl.
1375 2689 1614 2717 sutore-sunt.
1656 2685 1753 2716 Stra·

1054 2740 1098 2772 bo
1110 2739 1169 2771 lib.
1184 2746 1207 2769 x
1215 2746 1265 2769 vx.
1282 2741 1397 2768 narrat
1410 2735 1499 2767 inter
1507 2734 1752 2767 Ptolemaidem

1055 2795 1092 2823 et
1102 2790 1231 2832 Tyrum
1242 2796 1316 2820 esse
1330 2787 1409 2819 litus
1421 2795 1535 2818 arenae
1550 2786 1686 2819 tumulis
1697 2794 1754 2827 ag·-
