1846 3120
285 218 398 261 1550

780 229 819 259 Ρ.
853 228 1041 260 ΡΔΡΙΝΙΙ
1074 229 1236 261 STA'ru

287 321 493 371 Brachia,
513 323 557 361 et
576 320 786 373 impexos
806 325 924 364 certo
943 322 1094 365 domat
1112 323 1263 366 ordine
1281 325 1437 375 crines,

285 388 355 429 Ac
375 400 458 429 sua
478 387 639 428 dilecta
657 386 831 429 cervice
850 388 1033 430 monilia
1052 390 1270 440 transfert,

289 454 348 495 Et
367 455 584 507 picturato
605 454 780 495 cohibet
798 454 982 507 vestigia
1001 455 1165 497 limbo..

287 520 528 569 Incessum,
548 523 799 574 motumque
820 520 970 571 docet,
989 521 1195 575 fandique
1216 522 1443 576 pudorem.

288 584 494 635 Qualiter
521 585 700 627 artificis
721 585 904 629 victurae
926 587 1090 640 pollice
1109 601 1220 630 cerae
1592 635 1601 640 ,.

287 649 535 704 Accipiunt
549 651 729 702 formas,
748 651 999 707 ignemque,
1021 666 1285 708 manumque
1307 659 1561 710 sequuntur,

287 717 413 759 Talis
432 722 525 759 erat
545 718 676 759 Divae
693 721 842 759 natum
862 719 1072 760 mutantis
1090 720 1252 772 imago.

290 784 391 826 Nec
410 786 582 827 luctata
601 785 702 826 diu:
734 785 940 839 superest
957 798 1059 829 nam
1078 787 1290 840 plurimus
1309 788 1376 830 illi

290 851 462 893 Invicta
481 852 640 893 virtute
662 851 811 902 decor,
830 851 1030 905 fallitque
1051 855 1224 893 tuentes

287 916 553 971 Ambiguus‚
575 917 781 972 tenuique
801 919 943 960 latens
963 918 1218 961 discrimine
1239 932 1385 962 sexus.

291 983 554 1035 Procedant,
574 984 818 1038 iterumque
838 988 999 1036 monet,
1019 998 1282 1041 rursumque
1302 986 1457 1041 fatigat

290 1041 463 1092 Blanda
482 1050 667 1092 Thetis:
698 1051 773 1092 Sic
793 1064 897 1105 ergo
914 1051 1089 1104 gradus,
1110 1053 1176 1094 sic
1197 1065 1288 1104 ora,
1306 1065 1566 1108 manusque,

290 1116 426 1167 Nate,
443 1116 572 1167 seres,
593 1117 864 1171 comitesque
883 1117 1027 1159 modis
1046 1118 1274 1160 imitabere
1293 1118 1433 1170 fictis;

1645 1087 1731 1165 346

292 1182 363 1223 Ne
383 1187 428 1224 te
448 1187 699 1238 suspectum
719 1184 843 1225 molli
862 1180 948 1225 non
969 1184 1154 1226 misceat
1175 1186 1291 1227 aulae

283 1326 370 1365 fucit
392 1327 530 1359 robustos
548 1328 696 1358 lacertos.-
717 1330 746 1359 et
761 1327 879 1367 subigit
903 1331 989 1359 certa
1009 1327 1208 1367 dispositione
1230 1329 1378 1361 incomtoe
1397 1329 1511 1369 crines,
1531 1332 1564 1361 et
1581 1324 1732 1368 traiqfert

289 1377 346 1400 sua
360 1370 486 1401 monilia
499 1370 532 1400 in
546 1379 651 1400 curum
664 1369 729 1408 ejas
743 1370 864 1409 collum,
879 1373 911 1401 et
925 1370 1094 1402 circumdat
1108 1371 1172 1410 eius
1190 1373 1283 1411 pedes
1297 1372 1388 1403 limbo
1402 1373 1552 1412 acupicto.
1596 1371 1734 1404 Instruit

290 1410 388 1451 illum,
402 1413 547 1452 quomodo
562 1412 700 1442 incedere
715 1411 833 1450 debeat,
850 1422 886 1442 ac
905 1422 938 1443 se
951 1421 1082 1452 movere,
1095 1416 1126 1444 et
1140 1417 1176 1444 ut
1190 1414 1334 1453 loquatur
1356 1423 1466 1455 pauca.
1514 1413 1559 1445 Ut
1571 1413 1733 1446 duratura

290 1462 368 1484 εει-ω
382 1457 506 1485 sumunt
512 1453 642 1491 'formas
655 1453 710 1484 sub
729 1453 836 1494 pollice
850 1454 995 1495 artificis,
1009 1457 1040 1485 et
1052 1458 1220 1494 sequuntur
1242 1455 1357 1495 ignem,
1378 1459 1410 1487 et
1424 1455 1489 1494 eiua
1501 1452 1641 1495 manum,'
1657 1455 1730 1486 tulis

291 1498 360 1526 erat
373 1496 489 1535 species
499 1496 578 1526 Dece
591 1496 741 1526 mutantis
752 1495 882 1536 filium‚·
902 1505 958 1526 nec
973 1497 1060 1527 valde
1074 1496 1242 1528 laboravit.-
1265 1507 1335 1528 nam
1345 1501 1463 1538 proeter
1475 1497 1622 1528 invictam
1633 1496 1734 1535 sorii-

292 1537 432 1568 tudinem
446 1539 548 1569 inerat
561 1537 610 1568 illi
630 1537 745 1568 eximia
758 1537 878 1576 formu,
892 1537 1058 1578 dubiusque
1071 1542 1100 1569 et
1115 1539 1214 1570 latens
1227 1548 1328 1578 sexus,
1341 1539 1464 1570 obscuro
1477 1538 1666 1575 discrimine.
1680 1539 1733 1570 de-

290 1579 368 1618 cipit
381 1580 574 1619 aspicientes.
622 1579 882 1618 Progrediamur,
896 1583 927 1610 et
941 1580 1054 1611 blanda
1070 1581 1174 1612 Thetis
1187 1590 1295 1611 rursus
1308 1590 1376 1612 eum
1389 1581 1488 1619 docet,
1501 1584 1532 1612 et
1545 1579 1669 1620 fatigat
1683 1581 1732 1610 ηἰ-

291 1622 350 1651 mis
363 1622 536 1659 repetendo-
581 1621 636 1652 Sic
651 1631 724 1660 ergo
737 1621 870 1659 incedes,
884 1621 930 1652 sie
943 1631 1031 1660 geres
1045 1626 1147 1662 caput,
1161 1632 1316 1661 malumve,
1341 1625 1372 1654 et
1395 1622 1568 1654 imitaberis
1579 1624 1678 1653 socias
1690 1622 1733 1652 si-

291 1663 417 1695 mutatis
431 1664 539 1703 modis,
552 1673 591 1695 ne
605 1672 662 1694 rex
676 1667 707 1695 te
719 1666 891 1704 suspectum
905 1673 965 1694 uon
979 1663 1105 1695 inducat
1129 1664 1163 1695 in
1180 1663 1361 1703 foemineom
1382 1666 1498 1705 aulam,
1513 1667 1547 1696 et
1565 1667 1733 1699 commenta

892 1756 1130 1769 eeneoeaeooee

295 1824 468 1856 tentabat:
492 1824 644 1864 comitque
667 1825 815 1855 volentem
840 1823 1010 1864 Injecitque
1037 1825 1135 1856 sinus.
1160 1824 1241 1855 Put.
1267 1824 1344 1855 colla
1364 1821 1620 1855 recessum—828
1647 1823 1733 1855 Exc.

294 1867 399 1906 Burg.
425 1866 568 1906 impexos
588 1868 693 1898 domat
716 1868 819 1901 certe‚·
842 1865 923 1898 Put.
945 1866 1081 1903 impexos
1101 1868 1184 1897 certo
1209 1867 1421 1896 donau—331
1439 1864 1656 1904 laeuumque
1669 1874 1735 1896 mo-

292 1909 422 1948 dumque
438 1909 521 1939 Exc.
539 1909 752 1948 Burg.-332
784 1907 927 1942 Qualiter
941 1907 1059 1948 artifici
1080 1908 1179 1938 codd.
1203 1906 1468 1948 Lindenbrogii;
1492 1905 1625 1947 artificis
1637 1906 1731 1946 junc-

293 1953 385 1989 turoe,
400 1951 454 1981 vel
468 1950 620 1981 υἰησίανα.»
636 1949 721 1980 Exc.
735 1949 947 1988 Burg.-—338
962 1950 1042 1980 Pnt.
1060 1949 1164 1989 Lang.
1179 1953 1214 1979 et
1230 1947 1407 1980 Barthiani
1420 1958 1430 1979 ε
1452 1947 1534 1979 item
1631 1949 1734 1979 inonet

292 1991 464 2032 iterumque
483 1992 629 2031 fatigat;
655 1991 778 2022 Petav.
799 1991 972 2031 iterumque
986 2001 1110 2022 monens
1124 2000 1302 2031 rursumque
1317 1989 1487 2029 fatigatum
1516 1989 1602 2021 Exc.
1625 1989 1734 2030 Burg.

293 2042 472 2074 rursumque
487 2037 589 2066 monet
603 2033 773 2073 iterumque
787 2031 1031 2072 fatigat.——339
1058 2033 1113 2064 Sic
1136 2042 1193 2073 ego
1219 2033 1354 2072 gradum
1368 2031 1475 2063 codex
1500 2032 1541 2064 T.
1556 2031 1600 2064 R.
1624 2037 1661 2063 et
1685 2031 1735 2064 ita

937 2122 1077 2154 NOTAE

295 2193 370 2216 esse
384 2194 467 2217 cura
478 2188 633 2217 matrum,
676 2184 777 2217 Unde
789 2185 987 2217 Terentius:

294 2234 411 2267 ‘Quas
435 2239 560 2266 matres
586 2234 728 2266 student
754 2235 907 2266 demissis
931 2235 991 2267 hu-

294 2283 397 2315 meris
421 2293 508 2323 esse,
536 2284 666 2316 vincto·
678 2293 823 2325 corpore
849 2290 888 2316 ut
914 2295 992 2325 gra-

296 2332 378 2364 ciles
395 2332 508 2366 sient!
552 2334 599 2365 Et
613 2334 718 2372 sonia
732 2335 820 2366 laxat
834 2335 989 2376 Brachia]

295 2382 339 2414 Id
358 2387 424 2422 est,
438 2384 515 2414 laxa
532 2383 628 2420 facit,
649 2388 686 2415 et
707 2384 814 2415 veluti
830 2385 939 2416 soluta
954 2389 990 2416 et

295 2432 433 2472 debilia,
445 2432 557 2474 qualia
574 2433 701 2465 decent
714 2434 873 2474 pueliam.

339 2484 402 2512 328
425 2482 584 2523 Impexos]
615 2483 806 2515 Gronovius
833 2483 915 2525 legit
935 2485 992 2515 im-

296 2530 403 2570 plexos
418 2541 460 2562 ex
478 2532 542 2564 Ms-

340 2582 404 2611 330
425 2580 550 2622 Limbo]
561 2582 698 2614 Limbus
714 2582 821 2615 fascia
836 2587 902 2624 est,
915 2593 992 2625 quae

298 2630 404 2662 ambit
415 2632 668 2663 extremitatem
684 2633 800 2665 vestis.

339 2682 400 2711 331
425 2680 586 2722 Fundique
610 2682 771 2725 pudorem]
804 2683 854 2715 Ut
887 2692 991 2724 parce

298 2729 467 2771 loquatur.

1084 2188 1146 2218 333
1163 2186 1344 2227 Ignemque,
1356 2193 1537 2226 manumque
1544 2185 1728 2226 sequnntur]

1043 2234 1133 2267 Nam
1148 2235 1190 2266 ad
1206 2235 1317 2275 ignem
1333 2244 1418 2276 opus
1432 2235 1496 2267 boc
1511 2239 1706 2266 exercetur.

1084 2288 1149 2317 336
1171 2286 1295 2318 Invicta
1318 2286 1436 2317 uirtute
1457 2283 1562 2324 decor]
1583 2283 1641 2315 Ita
1661 2293 1732 2315 om-

1042 2343 1102 2366 nes
1131 2334 1278 2371 codices.
1336 2333 1529 2367 Gronovius
1553 2333 1733 2365 contendit

1042 2383 1222 2424 legendnm
1246 2383 1357 2424 invita,
1381 2382 1416 2414 id
1441 2386 1508 2423 est,
1527 2382 1735 2424 dedignante

1046 2437 1082 2464 et
1106 2437 1284 2464 avertente
1309 2431 1566 2473 pulchritudinis
1588 2432 1736 2472 laudem,

1046 2487 1084 2514 ut
1097 2482 1139 2514 de
1155 2483 1407 2523 Parthenopaeo
1422 2481 1546 2514 dicitur
1559 2482 1666 2514 Theb.
1679 2491 1731 2514 vr.

1021 2535 1082 2564 ,et
1105 2541 1159 2564 1x.
1212 2531 1366 2572 Fallitque
1399 2535 1521 2564 tuentes
1556 2532 1733 2573 ambigue]

1045 2581 1230 2614 Horatius:
1254 2581 1376 2615 ‘Quod
1400 2581 1428 2613 si
1442 2582 1630 2623 puellarum
1645 2581 1731 2613 inse-

1045 2641 1139 2663 reres
1166 2631 1281 2669 choro,
1309 2631 1400 2663 Mire
1429 2640 1568 2672 sagaces
1594 2630 1732 2669 falleret

1043 2680 1192 2721 hospites
1207 2680 1400 2712 Discrimen
1412 2680 1602 2719 obscurum,
1614 2680 1733 2712 solutis

1045 2729 1213 2772 Crinibus,
1227 2729 1451 2773 ambiguoque
1466 2729 1586 2763 vultu.’
