1846 3120
232 219 343 261 1204

728 226 768 257 P.
804 225 991 256 PAPlNll
1025 225 1188 259 STATn

231 322 489 364 Exhaustus
508 332 707 361 sermone
730 319 872 369 dolor,
885 331 1060 373 noxque
1080 319 1229 361 addita
1249 331 1380 361 ouras

233 390 410 440 Obruit,
427 394 474 430 et
492 387 638 429 facilis
658 387 866 441 lacrymis
886 387 1075 440 irrepere
1096 399 1294 428 somnus.

230 456 295 497 At
314 469 401 497 non
421 454 650 496 Sidoniam
672 454 847 496 diversa
864 454 910 494 in
930 457 1054 508 parte
1071 466 1152 508 per
1170 453 1323 495 urbem

233 522 340 564 Nox
362 522 542 563 eadem:
574 520 700 562 vario
718 520 964 574 producunt
982 520 1129 562 sidera
1147 520 1274 563 ludo

233 590 347 631 Ante
368 589 539 638 domos,
557 588 780 641 intraque:
808 587 1011 642 ipsaeque
1033 588 1090 629 ad
1111 589 1272 630 moenia
1289 591 1484 631 marcent
1597 588 1684 632 22⁰

232 657 476 698 Excubiae:
507 655 679 708 gemina
699 667 789 696 aera
803 659 972 706 sonant,
993 655 1207 709 Idaeaque
1227 659 1361 710 terga,

233 724 291 765 Et
311 723 538 764 moderata
559 735 716 762 sonum
736 721 858 763 vario
878 722 1117 775 spiramine
1136 722 1299 763 buxus.

231 792 356 832 Tunc
378 790 531 831 dulces
552 790 761 843 Superos,
783 789 917 843 atque
937 802 1066 831 omne
1086 802 1143 831 ex
1161 789 1311 831 ordine
1332 790 1556 832 alumnum

233 858 428 907 Numen,
450 857 616 910 ubique
638 857 754 897 sacri
775 861 980 899 resonant
1000 848 1204 906 PaeanesJ
1221 856 1387 910 ubique

233 925 375 974 Serta,
397 928 741 977 coronatumque
762 936 954 965 merum:

983 935 1098 964 nunc
1116 922 1266 964 funera
1283 922 1428 966 rident
1596 923 1691 967 225-

231 1055 329 1096 hmtu,
345 1058 376 1087 et
388 1066 452 1087 nox
465 1054 631 1086 adveniens
644 1054 790 1086 allevavit
803 1054 1024 1093 solicitudine-3,
1035 1058 1067 1087 et
1077 1063 1169 1095 sopor
1179 1055 1293 1096 serpsit
1302 1054 1402 1095 facile
1409 1053 1563 1098 flentibus
1576 1047 1686 1086 mulia.

239 1097 353 1129 Verum
366 1098 398 1129 in
420 1098 482 1129 alia
497 1101 587 1138 parte
601 1106 664 1128 nox
676 1107 738 1128 non
759 1101 806 1128 est
820 1097 933 1129 similis
946 1099 1028 1138 apud
1045 1097 1172 1128 Thebas.
1213 1099 1408 1130 Protendnnt
1422 1101 1542 1130 noctem
1553 1097 1686 1129 diversis

234 1140 501 1179 oblectationibus,
513 1144 585 1171 ante
600 1141 682 1171 oedes
697 1143 727 1171 et
742 1140 851 1177 intr-a,-
872 1140 1006 1180 ipsaeque
1020 1140 1172 1171 stationes
1186 1141 1226 1172 ad
1247 1150 1350 1171 muros
1363 1142 1513 1181 languent
1535 1139 1684 1173 ebrietate

232 1186 288 1213 aut
302 1192 414 1214 somno.
451 1183 662 1213 Instrumenta
674 1192 754 1213 aerea
767 1163 912 1223 duplicia,
926 1186 956 1213 et
971 1182 1058 1214 Idoea
1074 1186 1233 1223 tympana,
1247 1193 1283 1214 ac
1297 1182 1374 1215 tibia
1388 1183 1499 1219 buxea,
1511 1179 1685 1230 temper-im

231 1234 338 1256 sonum
354 1227 475 1256 diverso
482 1224 654 1274 foramine,
675 1228 882 1265 perstrepunt
929 1226 1015 1257 Tunc
1039 1224 1150 1265 ubique
1164 1225 1304 1265 religiosi
1318 1226 1423 1268 hymni
1437 1226 1564 1257 &rudant
1577 1223 1683 1266 propi-

232 1267 278 1298 tia
294 1269 430 1308 numina,
446 1272 477 1300 et
488 1267 566 1299 serie
579 1277 682 1299 omnes
696 1267 781 1299 Deos
790 1268 872 1299 cives
883 1278 967 1309 suos,
983 1267 1092 1308 ubique
1101 1271 1185 1299 serta
1199 1271 1230 1300 et
1243 1271 1422 1300 coronatum
1430 1268 1546 1300 sinum.
1589 1267 1685 1299 Num·

826 1362 1065 1375 ΙΝΜΝΟ

232 1443 353 1470 tenore
368 1438 534 1478 scriptum
550 1437 681 1478 reperio
698 1436 731 1468 in
747 1436 901 1469 omnibns
917 1436 1041 1468 nostris
1057 1436 1162 1469 libris.
1209 1437 1350 1469 Pariter
1364 1437 1467 1470 etiam
1484 1437 1518 1469 in
1544 1437 1682 1479 optimis

230 1487 266 1514 et
282 1481 524 1523 antiquissimis
546 1480 684 1521 Virgilii
699 1478 926 1512 membranis?
948 1479 1066 1511 Barth.
1089 1489 1207 1512 omnem
1225 1490 1266 1512 ex
1287 1481 1398 1512 ordine
1421 1481 1455 1512 in
1481 1480 1683 1523 quibusdum

891 1574 918 1607 N
927 1574 1030 1607 OTAE

275 1654 339 1684 216
363 1651 545 1683 Exhaustus
559 1660 696 1683 sermone
712 1651 814 1692 dolor]
841 1651 929 1683 Nos-

233 1707 287 1735 ter
308 1702 366 1734 lib.
382 1712 417 1734 v.
445 1701 540 1733 ‘Sub
561 1706 662 1732 nocte
692 1701 815 1743 dieque
837 1701 930 1733 Assi-

233 1754 308 1785 duis
335 1762 427 1794 aegre
453 1752 611 1794 lacrymis
625 1752 770 1784 solantia
785 1752 931 1784 miscent

232 1802 434 1845 Colloquia.'

275 1858 340 1887 217
366 1856 409 1886 Et
416 1855 527 1894 facilis
543 1854 687 1896 lacrymis
699 1855 835 1895 irrepere
854 1864 932 1886 som·

231 1905 307 1946 nus]
326 1905 480 1936 Seneca:
512 1905 578 1936 ‘Et
600 1904 692 1936 fessa
706 1903 790 1936 fletu
806 1904 932 1935 lumina

231 1956 406 1998 oppressit
447 1955 572 1997 sopor?
629 1955 858 1988 Quintilianus
896 1955 932 1987 in

231 2006 563 2038 Declarnationibus:
581 2006 590 2024 ‘
600 2005 749 2037 Gravior
760 2010 812 2037 est
824 2005 933 2046 quies,

233 2056 355 2098 quibus
394 2066 437 2088 ex
468 2056 669 2087 lassitudine
697 2055 930 2087 calamitatum

232 2106 352 2137 venit!
408 2106 546 2146 Longus
573 2105 753 2146 Sophista:
788 2105 844 2136 Ἐκ
868 2106 932 2135 τῶν

235 2155 372 2198 δακρύων
386 2156 437 2187 καὶ
445 2157 501 2193 τῆς
508 2154 610 2194 λύπης
621 2155 714 2188 ὕπνος
728 2154 824 2191 βαθὺς
837 2166 931 2196 κατα-

231 2206 395 2245 λαμβάνει.
441 2207 495 2238 Ex
509 2207 655 2248 lacrymis
674 2210 704 2238 et
722 2216 848 2238 moerore
859 2215 930 2247 pro-

223 2257 346 2295 fundus
359 2267 482 2288 somnus
495 2258 591 2289 venit.

233 2324 235 2326 ν
274 2310 337 2338 218
361 2307 525 2338 Sidoniam
538 2307 656 2348 urbem]
669 2307 814 2339 Thebas.

274 2360 336 2388 221
364 2358 498 2389 Gemina
510 2358 590 2398 oera]
615 2359 790 2399 Cymbala.
828 2358 929 2389 Idoea-

232 2417 289 2448 que
312 2408 417 2448 terga]
449 2409 638 2449 Tympana,
669 2418 809 2450 quorum
827 2409 929 2440 etiam

234 2467 313 2488 usus
335 2458 369 2488 in
393 2459 500 2489 sacris
515 2459 686 2500 Cybeles,
678 2471 685 2478 ·
717 2459 807 2491 unde
831 2459 929 2498 Idaea,

233 2508 312 2549 quia
337 2507 410 2538 haec
437 2508 511 2539 Daea
535 2509 680 2540 maxime
701 2509 902 2541 colebatur'
895 2518 928 2539 in

233 2558 397 2599 Phrygia,
413 2558 511 2599 cnjus
528 2569 623 2590 mons
647 2559 723 2591 Ida.
767 2559 832 2590 Vel
847 2559 929 2591 Cre-

232 2608 356 2643 tensia,
372 2608 414 2638 ab
427 2608 490 2639 Ide
507 2609 621 2640 Cretae
637 2614 761 2642 monte.

275 2659 339 2688 222
367 2658 463 2688 Vario
489 2658 670 2698 spiramine]
692 2658 748 2689 Ob
769 2658 862 2690 varia
892 2657 931 2688 li-

233 2707 297 2739 biae
310 2707 484 2738 foramina.
542 2707 724 2750 Virgilius:
754 2707 929 2740 ‘Biforem

234 2757 292 2788 dat
309 2757 392 2788 tibia
408 2757 565 2789 cantum.’

1025 1652 1088 1682 223
1110 1651 1279 1683 Alumnum
1296 1651 1436 1693 Numen]
1460 1648 1631 1685 Bacchum
1646 1655 1684 1684 et

984 1701 1182 1739 Herculem,
1220 1712 1363 1744 quorum
1393 1702 1520 1735 Thebae
1556 1702 1681 1744 patria.

986 1753 1154 1784 Alumnum
1177 1762 1257 1785 vero
1282 1763 1405 1795 numen,
1425 1753 1512 1785 sicut
1537 1751 1683 1785 Horatio

983 1804 994 1822 ⁴
1010 1803 1103 1835 Deus
1119 1803 1296 1844 alumnus,’
1317 1803 1403 1836 Arte
1418 1803 1519 1836 Post.
1541 1808 1577 1835 et
1597 1801 1683 1835 Avi-³

984 1862 1067 1884 enus
1083 1853 1258 1894 Descript.
1271 1853 1396 1885 Orbis:
1419 1854 1429 1871 ‘
1441 1853 1539 1884 Dant
1554 1853 1585 1884 lii
1601 1860 1684 1895 quoa

985 1913 1052 1945 que
1090 1904 1237 1935 maxima
1272 1903 1401 1945 templa
1428 1901 1683 1944 Amphitryoni-¹

984 1955 1072 1990 adae,
1087 1963 1278 1996 numenque
1291 1958 1454 1986 verentur
1469 1950 1661 1984 alumnum?

1025 2007 1088 2036 224
1119 2003 1293 2044 Poeanes]
1306 2003 1432 2045 Hymni
1466 2002 1501 2034 in
1528 2003 1682 2035 Deorum

983 2056 1144 2088 honorem
1161 2055 1352 2097 compositi.

1026 2108 1088 2137 225
1112 2105 1222 2146 Serta]
1244 2105 1333 2138 Vide
1347 2105 1453 2139 Theb.
1470 2107 1580 2138 11.76.
1619 2105 1682 2138 cm

983 2159 1182 2197 mantumque
1197 2155 1331 2197 merum]
1354 2157 1464 2189 Notat
1480 2165 1609 2188 morem
1625 2150 1682 2188 νέ-

986 2210 1107 2246 terum,
1132 2215 1200 2247 quo
1223 2206 1313 2238 soliti
1343 2210 1442 2238 erant
1466 2206 1599 2247 poculis
1624 2213 1683 2239 τοο·

987 2264 1086 2286 ronas
1120 2255 1307 2296 imponere.
1361 2255 1524 2296 Virgilius
1554 2255 1630 2288 AEn.
1654 2264 1681 2288 1.

982 2305 992 2323 ‘
1008 2304 1169 2336 Crateras
1193 2313 1333 2344 magnos
1360 2309 1526 2344 statuunt,
1539 2314 1580 2337 ac
1602 2305 1683 2338 vina

983 2354 1173 2386 coronant!
1215 2355 1260 2386 Et
1272 2354 1404 2386 AEneid.
1421 2363 1478 2387 111.
1499 2356 1510 2372 ⁸
1523 2355 1608 2387 Tum
1623 2365 1685 2397 pa-

983 2410 1036 2437 ter
1053 2405 1219 2436 Anchises
1234 2413 1393 2445 magnum
1408 2409 1543 2437 cratera
1557 2414 1683 2439 corona

983 2455 1124 2487 Induit.¹

983 2511 1019 2538 et
1046 2505 1221 2537 Tibullus:

983 2557 1057 2597 ipse
1089 2555 1202 2587 calix!

1271 2505 1483 2536 ‘Coronatus
1513 2505 1620 2538 stabit
1645 2510 1684 2538 et

1244 2555 1450 2587 plectebant
1480 2559 1614 2596 nutem.
1636 2565 1680 2587 ex

923 2627 926 2630 -
983 2605 1110 2637 hedera
1134 2605 1188 2636 vel
1222 2605 1300 2646 apio
1323 2612 1466 2636 coronas
1490 2605 1531 2636 ad
1554 2604 1682 2645 signifi-

987 2657 1128 2688 candam
1155 2655 1255 2693 lianc,
1279 2664 1355 2696 qnae
1384 2655 1547 2686 conviviis
1570 2655 1682 2687 inesse

985 2706 1101 2747 debet,
1116 2705 1324 2737 hilaritatem
1337 2713 1377 2736 ac
1386 2704 1656 2746 juncunditatem.
1679 2722 1685 2728 v·

1169 2454 1345 2496 Aequam
1376 2464 1503 2486 morem
1529 2456 1705 2496 respexit'

1837 232 1846 243 -,
1811 0 1846 226 ..mem-..4202
