1858 3112
287 235 305 276 l
314 235 398 277 676

285 338 463 371 amoribus
482 337 624 370 Senensi
650 336 719 369 Ms.
744 337 845 381 Rom-r
860 341 897 369 et
919 336 989 369 Ve-

286 392 368 420 neto
378 387 561 420 Codicibus
574 397 583 419 ι
606 390 679 418 tune
688 386 742 418 ille
753 386 866 418 hilaris
878 386 989 418 comis-

285 448 344 479 que
378 437 504 469 videri?
544 440 584 469 nt
619 437 629 454 ‘
646 446 840 478 parvusque
868 437 989 474 videri,

285 487 481 529 sentirique
497 486 638 528 ingens,'
653 487 687 520 in
704 487 854 519 Hercule
868 486 990 519 Vindi-

286 536 346 568 cis.
389 537 568 578 ‘Exiguus
594 536 726 569 videri'
749 537 783 568 in
806 537 914 569 Theb.
937 546 988 569 vi.

287 585 374 618 Eud.
387 586 476 618 libro
498 586 674 619 ‘immanis
699 586 795 619 cerni
818 586 989 619 immanis-

286 645 356 678 que
381 636 493 668 tueri?
536 637 594 670 Ita
622 637 711 669 enim
737 637 920 679 legendum
945 647 988 669 ex

285 686 354 718 Ms.
371 691 408 718 et
428 687 658 719 vetustissima
672 687 836 719 editione.
877 687 989 719 Terri-

285 735 377 776 bilis,
403 736 527 779 inquit,
550 737 623 768 visu
647 737 723 769 aliis
743 736 938 775 videbatur,
951 741 989 769 et

285 795 408 817 revera
422 791 509 818 erat.
554 786 692 828 Vulgo:
716 786 726 804 ‘
743 785 880 819 timeri?
903 786 987 818 Gro-

287 847 361 869 nov.
371 837 406 869 in
421 838 530 870 Diatr.
544 847 575 869 c.
592 840 646 870 16.

328 889 393 918 1⁷2
417 887 551 926 Frigida
565 887 685 925 lambis,
694 887 766 929 Sym]
780 886 906 928 Tangit
917 897 988 919 mo-

287 946 359 968 rem
387 941 554 976 veterum,
570 947 637 979 quo
663 938 763 969 amici
787 938 988 970 morientem

284 987 542 1028 osculabantur,
553 987 650 1029 quasi
662 987 842 1028 excepturi
857 986 990 1028 fugien-

287 1040 358 1069 tem
374 1037 533 1071 animam.
577 1038 653 1070 Cic.
680 1037 715 1069 in
740 1038 842 1084 Ἶρι-ι’.
863 1038 988 1069 ‘Filio-

286 1097 360 1119 rum
376 1096 513 1119 suorum
536 1088 693 1130 spiritum
708 1097 767 1119 ore
779 1087 939 1129 excipere
950 1088 988 1119 li-

285 1138 410 1169 ceret.’
449 1137 573 1178 virgil.
596 1137 731 1170 AEueid.
756 1146 808 1170 iv.
829 1139 840 1156 ‘
857 1139 903 1170 Et
929 1147 989 1170 ex-

286 1190 396 1219 tremo
419 1187 447 1218 si
461 1187 535 1229 quis
550 1196 655 1229 super
670 1187 794 1220 halitus
808 1193 902 1220 errat
917 1187 989 1221 Ore

287 1237 423 1280 legam?
449 1239 600 1271 Graccus.

330 1291 393 1320 176
414 1288 526 1329 Agger
539 1287 687 1329 Milvius]
709 1289 803 1321 Pons
825 1289 988 1330 Milvius3

284 1337 452 1370 describit
463 1338 552 1370 enim
569 1339 679 1370 locum
689 1340 896 1380 sepulturae:
912 1349 989 1372 uam

285 1388 319 1420 in
335 1388 500 1420 Flaminia
518 1392 571 1420 est
593 1388 746 1429 sepultus
770 1389 862 1421 ultra
878 1390 990 1422 Milvi-

286 1447 342 1476 um
376 1442 531 1479 pontem.
575 1438 764 1470 Martialis:
796 1440 805 1456 ‘
818 1439 898 1471 Hoc
926 1439 988 1471 sub

284 1496 454 1519 marmore
483 1487 644 1520 Glaucias
672 1488 833 1520 humatus
857 1488 988 1521 Juncto

285 1538 460 1570 Flaminia».
470 1538 567 1580 jacet
584 1538 793 1579 sepulchro:
815 1539 990 1572 Domitius.

329 1590 392 1620 178
416 1588 575 1620 Gemitum
582 1588 751 1630 sonnoque
761 1598 798 1620 oc
808 1599 879 1621 voce
892 1599 988 1623 mere-

285 1638 354 1679 tur]
379 1638 458 1671 Non
473 1638 562 1671 fallit
589 1638 707 1670 vitium
730 1643 901 1672 attentum
917 1640 987 1672 lec·

285 1693 393 1721 torem
407 1700 416 1722 ε
432 1689 491 1731 qui
505 1688 595 1720 euim
609 1688 724 1730 potuit
736 1696 823 1730 puer
836 1693 988 1723 mortuus

285 1739 449 1781 gemitum
460 1738 579 1780 populi
591 1748 657 1771 non
670 1737 779 1771 forma
791 1740 914 1780 solum,
926 1740 986 1772 sed

285 1793 323 1821 et
348 1797 433 1821 voce
448 1788 594 1822 mereri?
615 1789 988 1831 mortuusneloqueba·

285 1843 343 1872 tur
359 1840 371 1871 ?
415 1840 494 1872 Non
508 1840 630 1881 longos
651 1840 757 1881 logos.
802 1841 988 1874 Subscribo

285 1890 462 1922 Musarum
471 1889 542 1922 filio
551 1889 727 1922 Gulielmo
737 1895 856 1922 nostro
865 1890 987 1922 rescri-

286 1939 394 1980 benti,
405 1941 588 1982 formaque,
599 1950 716 1980 avoque
739 1943 879 1972 meretur
888 1951 902 1978 ‚·
924 1939 988 1973 nec

285 1994 340 2022 est
355 1990 447 2032 quod
463 1989 625 2022 audacem
647 1989 734 2022 hanc
756 1990 989 2031 conjecturam

285 2042 381 2074 dicas
394 2052 403 2074 ι
428 2041 618 2074 authoritas
629 2045 666 2073 et
676 2040 765 2073 ratio
777 2041 820 2073 ab
831 2051 873 2073 ea
884 2046 988 2074 stant.

285 2092 485 2124 Authoritas
501 2091 648 2133 Papinii,
659 2091 716 2134 qui
732 2091 795 2124 hoc
812 2091 932 2125 eodem
945 2093 990 2124 E-

286 2142 423 2185 picedio
437 2154 445 2173 ε
467 2143 478 2161 ‘
493 2142 585 2174 Hinc
598 2142 676 2174 anni
688 2147 819 2174 stantes
830 2143 864 2174 in
875 2143 990 2174 limine

286 2194 483 2235 vitae,Hinc
497 2203 551 2226 me
576 2192 686 2226 forma
711 2193 829 2235 rapit!
843 2224 855 2229 ,
874 2194 993 2235 Ratio,

286 2244 408 2286 priscae
424 2244 607 2285 scripturae
630 2243 769 2285 ductus,
785 2253 864 2286 qna,
877 2244 990 2278 doctis

286 2300 418 2336 notum,
431 2295 471 2327 C.
482 2300 520 2327 et
535 2295 579 2328 Q.
595 2295 721 2335 saepius
742 2299 992 2336 permutantur.

286 2345 372 2380 Quis
384 2345 513 2377 abnuat
535 2345 646 2377 veteri
662 2345 724 2377 hac
739 2345 989 2378 consuetudine

287 2396 466 2437 scriptum,
479 2398 595 2437 quoce?
618 2400 655 2428 et
675 2394 754 2427 hinc
781 2395 906 2427 erroris
928 2394 990 2427 hu-

281 2448 341 2489 jus
357 2448 526 2480 maculam
540 2446 743 2488 irrepsisse?
766 2456 833 2479 uon
854 2451 905 2488 tu,
918 2456 993 2479 eru-

286 2497 358 2529 dite
374 2498 494 2529 lector.
524 2497 678 2529 Bernart-

331 2550 393 2579 181
418 2547 608 2587 Anguilerae
622 2546 750 2588 Lerna]
764 2544 822 2578 Ob
836 2544 990 2587 Hydram

286 2605 408 2629 novem
417 2597 684 2638 capitum‚quam
693 2595 735 2627 ad
746 2596 889 2628 Lernam
901 2595 991 2628 Her·

287 2648 382 2681 cules
395 2647 536 2679 occidit.
558 2647 650 2679 Vide
664 2647 839 2689 Hyginum
850 2657 926 2689 cap.
936 2650 991 2680 80.

287 2697 489 2740 Apollodor.
513 2697 574 2729 lib.
591 2706 633 2729 ιι.
654 2701 691 2729 et
707 2698 751 2729 al.
793 2698 851 2729 De
880 2707 992 2739 angue

287 2748 347 2780 illo
378 2749 487 2780 altero
518 2746 718 2779 Archemori
745 2756 804 2779 seu
830 2746 992 2789 Opheltis

290 2797 516 2833 interfectore
532 2797 657 2840 Papiu-
669 2797 778 2834 Theb.
792 2806 828 2831 v.
845 2807 991 2833 commo·-

751 241 894 275 NOTAE
926 240 1191 273 VAmonM
1226 242 1279 273 IN

1039 334 1149 368 duma
1162 335 1262 368 nobis
1272 338 1463 368 enarratas.
1484 334 1685 368 Banu-m*
1710 345 1725 350 ’·

1082 388 1146 419 189
1170 387 1332 420 Gaudenti
1353 386 1462 428 virga]
1484 385 1737 421 Nau-:ueren-

1039 436 1108 468 rius
1124 435 1251 470 dicitur
1272 437 1397 470 habere
1420 436 1562 478 virgam,
1578 435 1736 478 quonia·-

1039 486 1200 519 orationis
1219 487 1317 519 Deus
1343 491 1380 520 et
1396 487 1550 519 Deorum
1564 486 1737 530 interpres

1039 540 1104 569 est.
1157 537 1352 570 Caducenm
1382 541 1495 570 autem
1519 536 1738 586 hebetando

1039 593 1234 628 serpentum
1251 588 1412 627 obsitum,
1427 591 1466 619 ut
1480 585 1649 620 describit
1661 587 1739 620 Mt·

1038 638 1175 669 crobius
1199 637 1340 679 virgam.
1383 637 1509 679 Virgil.
1533 636 1643 669 ‘Tum
1667 636 1739 670 vir-

1039 697 1116 728 gam
1139 688 1256 730 c'apit:
1292 689 1356 721 hac
1379 688 1513 720 animas·
1532 686 1592 720 ille
1615 691 1741 721 evocat

1037 747 1119 769 orco
1146 738 1348 771 Pallentes!
1388 738 1520 770 Plinius
1536 743 1644 771 xxix.
1666 737 1739 770 Na-

1038 788 1158 820 turalis
1188 788 1367 821 Historiae.
1410 788 1481 824 Hic
1503 792 1618 821 tamen
1645 795 1738 821 evur-

1037 837 1158 879 plexus
1179 838 1340 879 anguium
1365 842 1403 870 et
1417 836 1635 870 efferatum
1657 844 1740 870 eon-

1037 889 1157 921 cordia
1192 899 1267 922 esse
1302 889 1450 931 videtur,
1471 898 1578 933 quar-e
1606 888 1738 923 extero

1038 943 1160 981 gentes
1174 938 1387 972 caduceum
1375 949 1409 972 m
1425 940 1518 981 pacis
1530 937 1740 982 argumentis

1037 989 1241 1021 circundata
1255 988 1366 1031 effigie
1390 989 1552 1052 anguium
1570 987 1740 1025 fecerunt.

1038 1038 1213 1071 Domitius.

1081 1092 1143 1121 191
1167 1088 1308 1130 Blaesus]
1330 1089 1424 1121 Puer
1438 1088 1506 1122 fuit
1519 1098 1621 1132 quem
1636 1089 1738 1123 unice

1038 1138 1160 1171 dilexit
1182 1140 1328 1172 Meliorz
1353 1140 1427 1182 ejus
1449 1140 1575 1173 mortui
1591 1144 1740 1173 statum

1038 1189 1128 1220 domi
1144 1189 1316 1230 servabat,
1326 1193 1362 1221 et
1376 1198 1442 1231 quo
1452 1189 1559 1230 magis
1575 1189 1665 1222 illius
1679 1189 1740 1222 de-

1037 1239 1199 1272 siderium
1226 1239 1363 1280 leniret,
1376 1239 1553 1272 Glauciam
1578 1238 1739 1272 libortum

1039 1293 1235 1331 acceperat.
1250 1289 1310 1322 Ait
1319 1289 1437 1331 itaque
1447 1289 1623 1331 Papinius,
1633 1284 1740 1324 Ghu'k

1039 1341 1233 1382 ciam,cum
1260 1341 1304 1373 ad
1332 1340 1468 1373 Inferos
1490 1339 1740 1382 descendisset,

1038 1392 1216 1434 agnovisse
1232 1393 1387 1425 umbram
1410 1391 1528 1432 Blaesi,
1542 1392 1641 1434 cujus
1656 1393 1740 1425 ima-

1038 1443 1151 1483 ginem
1179 1442 1315 1475 viderat
1340 1452 1433 1484 saepe
1457 1442 1571 1475 ornari
1594 1442 1697 1475 sertis
1718 1451 1739 1475 a

1038 1492 1195 1525 Meliore.
1238 1492 1352 1533 Hujus
1388 1492 1494 1525 Blaesi
1521 1492 1676 1525 meminit
1701 1496 1740 1525 et

1038 1543 1191 1575 Martial.
1212 1542 1388 1575 Domitius.

1081 1595 1144 1626 192
1165 1593 1260 1626 Serta
1295 1591 1461 1634 ligantem]
1494 1592 1652 1625 Statuam
1679 1596 1742 1624 aut

1036 1641 1184 1684 effigiem
1199 1648 1430 1675 coronantem.
1476 1643 1585 1676 Recte
1600 1642 1644 1674 de
1658 1641 1739 1684 cog·

1036 1698 1119 1725 nato
1134 1693 1246 1735 aliquo
1258 1692 1377 1725 Atedii
1390 1692 1573 1735 intelligas.
1603 1692 1650 1724 Et
1661 1691 1740 1733 fuit,

1037 1748 1134 1785 puto,
1155 1743 1199 1775 de
1210 1742 1340 1775 familia
1357 1742 1473 1777 ‘Junii
1489 1741 1616 1783 Blaesi}
1638 1750 1741 1784 quem

1037 1802 1258 1835 magnopere,
1295 1792 1489 1825 Vitellianis
1529 1791 1739 1834 temporibus

1037 1852 1205 1884 eversum,
1215 1842 1335 1876 laudat
1342 1843 1447 1878 Corn.
1454 1842 1613 1875 Tacitus.
1622 1842 1740 1875 Bor-eh.

1081 1895 1143 1925 197
1159 1892 1303 1925 Summos
1312 1891 1460 1933 anam]
1474 1892 1607 1929 Movet,
1618 1890 1740 1934 inquit,

1037 1942 1193 1975 laciniam
1215 1941 1346 1981 Blaesi3
1377 1941 1469 1984 quod
1497 1950 1577 1973 cum
1604 1941 1739 1974 Blaesus

1037 2002 1106 2025 non
1131 2001 1224 2034 aegre
1246 1991 1367 2032 ferret,
1380 1996 1417 2024 et
1431 1991 1526 2023 illum
1541 1995 1658 2024 nmen
1671 1999 1741 2024 non

1038 2047 1256 2085 agnosceret,
1276 2051 1364 2084 puer
1384 2041 1546 2075 audacius
1561 2043 1658 2085 sequi
1671 2051 1741 2078 οω-

1038 2096 1102 2136 pit.
1126 2093 1301 2126 Domitiae
1419 2103 1423 2106 ·

1081 2146 1145 2176 203
1170 2143 1251 2179 Quoe
1273 2151 1402 2175 munera
1423 2141 1528 2174 muts
1541 2141 1658 2184 Εἱῃιίέ,
1677 2145 1742 2176 de·-

1039 2194 1116 2226 riles
1129 2191 1324 2233 ramam-d
1345 2192 1423 2224 Hoc
1447 2195 1511 2230 est,
1526 2190 1619 2234 qnod
1640 2191 1741 2225 Liba»

1040 2245 1116 2277 nius
1143 2244 1177 2275 in
1200 2242 1362 2275 Encomio
1390 2242 1557 2282 Justitiae,
1577 2241 1743 2284 nondum,

1039 2294 1130 2338 quod
1145 2293 1264 2335 sciam,
1278 2292 1386 2332 edito,
1403 2292 1532 2334 justum
1546 2291 1590 2324 ad
1605 2290 1742 2324 Inferos

1040 2343 1237 2386 profectum
1265 2342 1314 2374 ait
1346 2341 1471 2381 Κήπουε
1493 2339 1548 2374 καὶ
1581 2339 1657 2380 ἄνθη
1689 2341 1742 2374 καὶ

1040 2394 1133 2436 αὔραις
1146 2393 1363 2435 ὀνειροπολεῖν.
1407 2390 1529 2424 Hortus
1541 2394 1574 2426 et
1588 2391 1691 2433 florea
1711 2395 1743 2424 et

1040 2454 1134 2477 auras
1157 2443 1244 2485 quati
1265 2444 1300 2475 in
1313 2441 1430 2475 somni·
1454 2442 1573 2476 uidere.
1615 2441 1742 2475 Addit·
1787 2441 1790 2445 ’

1040 2503 1108 2536 qne
1144 2491 1247 2533 μόνοις
1267 2493 1335 2525 τοῖς
1355 2490 1481 2526 δικαίοις
1505 2490 1590 2524 καλὰ
1613 2490 1670 2532 μὲν
1699 2491 1743 2525 ’νδ

1040 2545 1132 2586 τῇδε,
1146 2542 1267 2575 καλλίω
1278 2541 1313 2574 δὲ
1323 2541 1367 2575 τὰ
1382 2541 1439 2574 ὑπὸ
1451 2542 1523 2582 γῆν.
1553 2541 1742 2581 ,301ὼᾶυῆ-

1041 2594 1096 2626 tia
1109 2593 1281 2625 cultoribus
1292 2592 1446 2634 μνααῖαι-α
1459 2592 1584 2634 quidem
1596 2601 1662 2624 enee
1673 2601 1744 2633 qua

1040 2645 1091 2677 hie
1101 2647 1287 2676 occurrunt.-
1306 2643 1508 2685 preclarior«
1520 2651 1595 2675 vero
1608 2652 1678 2684 qua
1689 2641 1741 2675 ia-

1031 2696 1092 2735 sra
1102 2699 1231 2727 terram.
1253 2694 1391 2726 Mon-eil.

1083 2748 1147 2778 21⁰
1174 2745 1298 2777 Obeunt
1325 2745 1487 2785 noctesque
1508 2742 1646 2785 diesque,
1669 2740 1743 2784 ξε.)

1042 2794 1221 2828 Catullus
1213 2816 1221 2825 .
1243 2794 1254 2816 ⁴
1269 2792 1365 2828 soles
1389 2791 1546 2826 occidere
1571 2795 1609 2825 et
1629 2791 1742 2826 redire
