1846 3120
300 226 415 271 1506
784 236 828 267 P.
862 234 1055 267 mrum
1089 235 1258 268 s'rswu

303 330 513 375 Miscuit:
544 333 590 374 at
608 329 756 372 lacera
774 342 831 372 ne
850 329 959 385 quid
977 329 1032 372 de
1053 334 1195 385 strage
1215 330 1427 374 nefandus

301 398 520 448 Perderet‚
539 396 711 450 eligitur
730 408 876 439 saevos
897 400 1057 451 potura
1074 409 1255 439 cruores

303 464 439 506 Terra
458 461 598 504 rudis:
620 463 802 517 Jamque
822 463 1010 505 alternas
1030 463 1076 505 in
1093 463 1253 518 praelia
1272 468 1424 517 gentes
1665 465 1753 511 '720

305 529 549 572 Dissimilis
570 529 760 572 Bellona
778 530 892 573 ciet:
921 543 1013 572 non
1034 531 1204 573 clamor
1220 531 1456 586 utrimque,

305 596 414 638 Non
433 596 654 650 utrimque
676 597 817 639 tubae:
847 600 934 639 stat
953 596 1112 640 debilis
1133 598 1274 641 altera
1292 599 1451 653 pubes,

305 662 577 705 Summissos
597 675 722 705 enses
741 664 1049 718 nequicquam,
1070 668 1330 719 amentaque
1349 665 1520 708 dextris

306 729 434 771 Laxa
453 732 631 771 tenens:
662 729 821 772 cedunt
841 731 1011 781 tellure,
1031 731 1251 785 armisque
1270 732 1464 775 reductis

307 795 545 838 Ostentant
565 799 732 838 veteres
752 797 988 839 etiamnum
1007 798 1054 839 in
1072 798 1280 852 sanguine
1298 798 1470 855 plagas.
1667 799 1754 842 '725
1822 811 1832 818 ³

301 862 336 905 J
340 875 409 904 am
430 875 508 904 nec
528 862 757 917 Cecropiis
776 863 894 907 idem
911 865 1172 909 ductoribus
1192 865 1332 916 ardor,
1497 908 1500 911 .

308 928 704 984 Languescuntque
718 931 868 981 minae,
887 935 932 973 et
947 931 1087 973 virtus
1106 944 1261 975 secura
1278 931 1454 975 residitt

306 994 555 1037 Ventorum
573 995 690 1039 velut
708 996 776 1038 ira
794 997 950 1048 minor,
969 997 1057 1040 nisi
1077 998 1205 1053 sylva
1221 998 1415 1041 furentes

307 1061 512 1116 Impedit,
531 1061 761 1117 insanique
782 1067 931 1105 tacent
948 1064 1045 1106 sine
1066 1065 1207 1107 littore
1225 1065 1405 1108 fluctus.

302 1180 441 1213 pugnam
455 1180 548 1211 super
559 1171 628 1212 ipsa
642 1181 769 1212 corpora
786 1176 1025 1214 prostratorum.
1067 1176 1146 1213 Aut,
1170 1185 1210 1208 ne
1230 1176 1306 1217 quid
1327 1176 1419 1208 dirus
1431 1176 1588 1209 amitteret
1600 1177 1639 1209 de
1652 1176 1754 1209 lacera

305 1216 424 1254 strage,
439 1213 570 1253 eligitur
582 1222 663 1245 nova
674 1217 772 1252 terra,
795 1225 862 1257 «μω
876 1216 992 1249 biberet
1002 1219 1156 1250 crudelem
1164 1219 1358 1258 sanguinem
1403 1219 1450 1251 Et
1466 1219 1536 1259 jam
1558 1219 1667 1260 dispar
1677 1219 1754 1251 Beb-

307 1256 377 1286 lona
399 1255 518 1287 excitat
540 1258 684 1295 utrosque
702 1259 830 1298 populos
852 1258 885 1289 in
909 1262 1076 1291 certamen.
1120 1261 1195 1292 Non
1218 1260 1333 1293 clamor
1355 1262 1511 1302 utrimque
1532 1261 1672 1301 auditur,
1692 1270 1755 1294 m

307 1298 463 1338 utrimque
477 1297 570 1330 tuboe.
613 1298 669 1329 Ex
682 1307 744 1330 una
755 1303 847 1340 parte
859 1303 925 1332 stat
939 1301 1074 1333 invalida
1080 1301 1244 1343 Juventus,
1257 1303 1414 1335 incassum
1428 1307 1534 1336 teum
1548 1303 1688 1336 manibus
1700 1304 1753 1335 de-

300 1339 403 1379 jectos
421 1340 544 1379 gladios
557 1344 588 1372 et
604 1344 728 1372 amenta
749 1343 860 1374 soluta.
904 1343 1115 1376 Retroeedunt
1131 1345 1164 1376 in
1178 1355 1283 1386 campo
1297 1349 1329 1378 et
1341 1346 1439 1378 armis
1451 1345 1587 1378 reductio
1599 1347 1756 1379 meeum

303 1382 415 1423 priora
427 1382 555 1413 vulnera
568 1383 668 1414 adhuc
681 1387 820 1416 eruenta.
850 1385 926 1416 Jam
940 1395 994 1417 nec
1007 1386 1090 1417 idem
1103 1388 1198 1418 ardor
1211 1388 1340 1419 ducibus
1353 1387 1607 1428 Atheniensibus,
1617 1390 1648 1420 et
1661 1388 1755 1419 minoe

308 1423 487 1463 hebescunt,
509 1428 541 1456 et
564 1425 677 1464 virtus,
697 1426 748 1456 cui
761 1435 822 1457 non
839 1427 1010 1467 resistitur,
1031 1429 1215 1468 languescit,
1262 1430 1307 1461 Ut
1331 1430 1379 1463 vis
1399 1434 1558 1464 ventorum
1576 1433 1624 1461 est
1641 1429 1755 1468 mim,

307 1474 375 1497 cum
389 1475 513 1498 nemora
526 1476 588 1498 mm
601 1468 751 1499 resistunt
766 1477 870 1501 eorum
875 1469 998 1510 furori,
1012 1473 1045 1502 et
1058 1471 1190 1511 agitate
1200 1471 1290 1503 uvido:
1301 1475 1406 1505 tacent
1415 1472 1482 1505 sine
1495 1471 1614 1504 littoris
1627 1470 1759 1513 oldectu.

308 1605 373 1635 718
395 1607 405 1623 ¹
421 1604 609 1645 Perperam
625 1603 808 1636 ediderunt
821 1604 1036 1644 Bernartius,
1053 1605 1337 1649 Lindenbrogius,
1352 1606 1472 1648 Aldus,
1487 1605 1756 1650 Argentoraten-

309 1655 378 1684 ses,
403 1649 440 1677 et
464 1645 733 1686 Lugdunenses:
757 1649 813 1678 aut
836 1647 964 1684 lacera,·
985 1648 1041 1679 cui
1063 1649 1248 1682 assentitur
1274 1651 1364 1682 solus
1391 1650 1539 1691 optimus
1564 1658 1607 1681 ex
1632 1649 1758 1682 nostris

310 1687 421 1719 codd-³
434 1688 551 1720 Barth.
593 1688 650 1720 Ita
674 1688 802 1721 habent
826 1689 917 1721 Dan.
943 1689 1025 1721 Put.
1049 1690 1174 1725 Petav.
1198 1693 1307 1734 Lang.
1329 1693 1431 1725 Laur-
1455 1691 1585 1724 Buslid.
1606 1691 1758 1733 Lipsiau.

310 1730 421 1762 Colin.
436 1730 544 1763 Basil.
559 1730 788 1772 Lindenbrog.
803 1731 906 1764 eruc.
924 1735 961 1763 et
974 1732 1103 1774 Delph.
1118 1743 1156 1765 ae
1168 1734 1270 1767 lacera
1285 1734 1447 1767 exhibent
1460 1734 1600 1766 Behott.
1614 1736 1645 1766 1.
1666 1735 1699 1766 2.
1721 1736 1758 1766 at

309 1773 412 1804 lacera
427 1772 505 1804 edd.
519 1777 773 1806 τροπή-’120
795 1774 891 1806 Unus
905 1773 1031 1806 Behot.
1043 1775 1077 1807 in
1089 1777 1201 1816 proelia
1213 1780 1341 1814 mentes,
1356 1781 1393 1809 et
1418 1777 1575 1819 superius
1590 1775 1757 1817 seriptum

306 1817 535 1854 gentem-725
559 1815 685 1847 Behot.
698 1819 731 1848 2.
748 1816 885 1857 pulvere,
902 1815 1084 1849 obliterata
1098 1818 1250 1851 dictione
1262 1820 1424 1859 sanguine,
1439 1828 1516 1860 quae
1532 1818 1675 1859 primum
1697 1826 1760 1850 ex·-v

309 1857 441 1898 scripta
450 1856 565 1889 fuerat
580 1868 588 1888 :
613 1857 734 1890 eodem
748 1859 835 1900 stylo
851 1858 1080 1892 omnim—'12⁷
1102 1860 1212 1902 Lang.
1227 1862 1328 1894 Laur.
1344 1861 1474 1893 Buslid.
1496 1860 1649 1901 Lipsian.
1662 1859 1757 1892 Dan.

312 1899 396 1930 Put.
419 1899 540 1931 Petav.
565 1900 707 1931 Behott.
732 1903 761 1933 1.
786 1903 818 1932 2.
841 1899 946 1932 Aldd.
968 1901 1079 1934 Coliu.
1102 1902 1232 1944 Gryph.
1256 1904 1361 1935 Basil.
1387 1903 1502 1935 Plant.
1525 1901 1756 1943 Lindenbrog.

312 1941 413 1972 Cruc.
442 1941 582 1973 Gevart.
604 1942 763 1974 Grasser.
786 1946 823 1973 et
837 1941 981 1974 Amstel.
1001 1953 1111 1976 secura
1131 1945 1247 1977 resedit
1256 1956 1270 1983 ;
1291 1945 1442 1978 Gronov.
1461 1945 1581 1976 Barth.
1595 1944 1703 1977 Veen.
1721 1948 1759 1975 et

312 1982 436 2025 Delph·
448 1992 558 2016 secura
571 1984 695 2017 residit.
739 1984 857 2017 Codex
879 1984 1015 2017 Daumii
1038 1986 1143 2019 habet
1158 1987 1262 2020 etiam
1282 1987 1516 2020 remilia—⁷29
1536 1987 1550 2006 ί
1563 1985 1607 2018 In
1621 1985 1758 2028 optimis

961 2081 1107 2114 NOTAE

354 2144 418 2174 718
439 2141 486 2175 At
500 2143 602 2175 lacera
622 2153 661 2175 ne
674 2143 747 2185 quid
767 2144 806 2176 de
826 2146 932 2184 strage
955 2153 1009 2176 ne-
1062 2143 1174 2177 officio
1189 2155 1255 2178 non
1268 2145 1526 2177 fraudarentur:
1560 2143 1604 2176 ad
1619 2153 1661 2176 ea
1673 2143 1759 2177 nihil

303 2192 423 2230 fundus
439 2192 603 2232 Perderet,
617 2192 762 2233 eligitur]
791 2193 878 2225 Haec
893 2193 1010 2225 delen·
1061 2194 1279 2236 respondisse
1293 2195 1488 2226 Creontem.

313 2241 358 2273 da
372 2251 447 2273 esse
468 2241 552 2274 dicit
566 2242 738 2284 Guyetus,
753 2246 789 2275 et
796 2242 1008 2284 jungendum
1040 2246 1044 2251 '
1102 2246 1168 2276 724
1189 2243 1355 2285 Armi-sque
1368 2241 1519 2283 reductis]
1531 2242 1756 2275 Inhumanum

313 2290 351 2323 τὸ
366 2291 490 2323 miscuit
516 2301 593 2324 cum
608 2293 653 2332 τῷ
666 2293 806 2332 eligitur.
1062 2293 1199 2335 rejectis
1213 2294 1355 2335 clypeis.

307 2383 309 2385 ‚
356 2344 420 2373 720
436 2341 555 2384 Rudis]
570 2342 613 2374 In
628 2352 695 2384 qua
708 2352 775 2375 non
790 2346 924 2383 gestum
937 2341 1009 2374 bel-
1104 2346 1171 2376 726
1195 2342 1366 2384 Cecropiis]
1388 2340 1669 2374 Atheniensibus.

314 2392 395 2424 lum.
1102 2395 1166 2425 ’127
1197 2392 1477 2432 Ιιαηςιιεσσιιπιᾳαε
1499 2390 1607 2432 mim]
1640 2389 1758 2423 Resis-

356 2444 420 2474 721
436 2441 629 2483 Dissimilis]
640 2442 719 2474 Non
734 2441 823 2473 enim
839 2450 901 2483 par
911 2441 1009 2473 utris·
1063 2441 1173 2474 tentia
1187 2442 1275 2473 enim
1287 2440 1408 2473 fortius
1423 2440 1564 2472 animat.

315 2500 382 2532 que
398 2491 441 2523 ad
463 2492 590 2524 bellum
611 2491 780 2532 alacritas,
801 2495 840 2523 ut
863 2495 900 2523 et
924 2490 1010 2527 dicit
1104 2494 1169 2524 ⁷28
1195 2492 1364 2524 Ventorum
1382 2491 1465 2524 velut
1482 2490 1536 2522 ira
1556 2491 1671 2531 minor,
1684 2490 1756 2532 ξω]

315 2543 407 2576 infra
421 2544 544 2575 Poe'ta.
1060 2542 1215 2575 Imitatio
1230 2542 1360 2574 Lucani
1375 2541 1436 2574 lib.
1445 2549 1503 2574 m.
1546 2542 1556 2559 ‘
1566 2541 1700 2575 ventu·
1716 2545 1756 2572 ut

357 2596 422 2625 ⁷22
444 2594 520 2625 Nem
534 2592 629 2634 tubae]
660 2592 800 2625 Animos
822 2592 1010 2625 accendere
1060 2592 1192 2624 amittit
1206 2591 1306 2629 vires,
1320 2591 1386 2624 nisi
1408 2591 1530 2624 robore
1554 2589 1667 2623 densae
1682 2589 1754 2622 Oc-

316 2644 440 2676 solitae.
467 2643 595 2675 Scribit
607 2644 688 2675 Euri
694 2643 801 2684 pides,
813 2648 892 2675 ante
903 2642 1010 2675 aciem
1063 2646 1203 2674 currant
1217 2642 1333 2682 sylvae,
1343 2640 1454 2683 spatio
1468 2638 1613 2672 diffusus
1622 2637 1742 2672 inani!

317 2694 481 2726 Theseum
510 2702 572 2734 per
599 2702 793 2734 praeconem
830 2697 1011 2734 utrumque
1102 2694 1167 2724 729
1189 2691 1266 2726 Sine
1280 2691 1400 2733 littore]
1431 2690 1512 2723 Sine
1535 2688 1674 2731 objeetu
1698 2688 1756 2721 lit-

316 2742 506 2775 exercitum
531 2742 714 2782 monuisse,
743 2741 832 2774 aliud
860 2751 897 2774 se
925 2741 1009 2773 nihil
1060 2742 1157 2775 toris.
1481 2761 1484 2764 ·

316 2802 482 2835 quaerere,
504 2792 569 2825 nisi
597 2796 635 2825 ut
660 2792 827 2825 cadavera
854 2795 1011 2825 extremo
