1858 3112
255 219 369 264 1684

723 227 864 261 NOTAE
899 228 1165 260 VARIORUM
1198 228 1252 260 nt

255 323 520 360 arcacouclusas
533 321 728 356 intenebris
739 321 958 356 delitescere.
1006 322 1072 355 sibi
1109 321 1308 363 praedixisse
1339 322 1486 354 mortem
1518 323 1637 363 cantu,
1670 323 1712 361 u.

255 374 313 413 Sic
330 374 536 407 Claudianus
552 374 726 414 Panegyr.
750 373 895 405 Probini
922 377 958 405 et

258 426 414 468 Olybrii:
426 426 509 458 ‘Hic
519 434 584 460 non
595 424 732 458 divitias
743 423 959 466 nigrantibus

256 476 390 510 abdidit
403 476 521 515 antris,
532 475 607 508 Nec
620 475 771 507 tenebris
783 474 959 509 damnavit

256 536 352 569 opes,
365 527 425 560 sed
441 527 570 568 largior
585 526 706 563 imbre,
720 527 890 558 Sueverat
911 525 961 556 in-

257 587 416 613 numeras
445 578 615 610 hominum
638 578 750 610 ditare
777 574 961 615 catervas!

258 629 371 662 Quem
387 628 551 669 Papinius
567 632 605 660 et
619 627 826 660 Claudianus
843 625 961 657 multis

255 678 411 710 versibus
437 677 646 718 describunt,
673 687 749 709 eum
768 677 910 708 Plautus
926 676 959 711 in

257 728 379 768 Persa,
402 738 468 761 uuo
502 728 618 769 verbo,
660 728 669 745 ‘
683 728 960 768 argentiextene-

258 778 457 811 bronidem’
486 778 587 817 dixit,
612 777 646 809 id
675 782 730 809 est
755 777 813 819 qui
841 786 962 816 argen-

258 834 331 862 tum
347 829 602 869 extenebraret‚
625 834 661 860 et
685 829 719 860 in
748 829 858 860 lucem
882 838 960 869 pro·-

257 879 415 912 duceret.
463 881 550 912 Haec
565 880 654 912 enim
672 889 756 912 vera
772 879 878 911 lectio
895 883 962 917 est,

257 934 295 963 et
309 929 475 964 falluntur
491 930 552 964 viri
579 931 672 963 docti
701 930 760 972 qui
786 930 796 948 ‘
810 931 961 972 argenti·

257 980 541 1014 exterebronides
555 980 564 993 '
585 985 786 1022 supponunt
809 981 852 1013 ab
875 982 884 999 ‘
901 989 960 1012 ex-

257 1030 490 1063 terebrando.'
535 1031 624 1067 Nam
646 1036 683 1066 et
705 1031 811 1063 verbo
844 1035 962 1063 ‘exte-

255 1081 421 1114 nebrare'
442 1082 552 1114 Varro
566 1082 684 1122 utitur,
699 1082 779 1113 dum
796 1083 857 1121 nit,
873 1083 882 1099 ‘
896 1081 961 1115 At-

255 1141 322 1173 que
359 1141 476 1164 omnes
514 1132 600 1164 adeo
639 1132 808 1173 perquirit
853 1137 960 1173 atque

255 1182 463 1214 extenebrat
477 1182 596 1214 artes!
617 1182 674 1214 Sic
687 1181 877 1222 Devonius,
889 1183 960 1213 Da-

255 1233 341 1265 retis
357 1233 502 1274 Phrygii
519 1233 690 1274 interpres
703 1233 745 1265 de
763 1233 862 1264 Bello
877 1233 960 1264 Tro-

248 1283 332 1324 jano
349 1284 404 1315 lib.
422 1293 446 1315 1.
460 1283 503 1315 de
530 1286 540 1301 ⁶
554 1282 682 1315 Fama!
716 1283 850 1316 Gevart.

299 1336 340 1365 73
377 1334 491 1366 Iliacos
516 1344 638 1375 aequure
672 1332 774 1373 senes]
812 1333 960 1374 Compar

254 1384 427 1416 sententia
440 1384 564 1415 Soterii
580 1383 725 1415 Gallici:
749 1385 757 1400 ‘
770 1384 820 1415 Tu
836 1383 960 1415 Troica

256 1433 381 1474 dignus
390 1434 506 1465 secula
516 1432 536 1464 :’
545 1434 728 1467 Tithonum
739 1437 774 1465 et
786 1433 959 1465 Priamum

253 1483 431 1525 intelligit.
467 1483 604 1517 Tithoni
627 1482 745 1515 fabula
770 1483 959 1515 notissima.

256 1534 312 1566 De
324 1534 462 1566 Priamo
476 1533 646 1565 Martialis
664 1533 706 1564 ad
719 1533 958 1565 Posthumum:

255 1588 265 1602 ·
279 1584 360 1618 Jam
390 1593 465 1617 cras
490 1583 583 1615 istud
615 1583 720 1620 habet
750 1583 877 1620 Priami
906 1584 959 1616 vel

253 1633 412 1666 Nestoris
427 1633 556 1669 annos.'
579 1634 731 1668 Bernart.

296 1687 339 1715 76
361 1683 425 1715 Sub
450 1683 543 1723 teste]
569 1683 659 1721 Nam
677 1684 803 1715 Melior
819 1683 959 1726 singulis

254 1733 352 1769 annis
367 1733 564 1766 celebrabat
578 1733 770 1765 convivium
794 1733 825 1770 in
843 1743 960 1765 monu-

254 1787 406 1819 mentum
425 1783 527 1814 Blaesi
555 1783 653 1823 pueri
677 1783 730 1815 sui
753 1784 894 1821 niortui,
917 1784 960 1816 de

254 1842 322 1874 quo
353 1833 460 1865 Mart.
482 1833 492 1850 ‘
506 1833 607 1866 Quod
639 1832 746 1869 donas
777 1833 862 1865 facis
886 1835 959 1875 ipse

253 1883 487 1918 Blaesianum!
533 1884 610 1917 Quo
639 1884 714 1915 loco
745 1885 843 1925 plura
874 1885 961 1917 dixi-

254 1942 341 1964 mus.
368 1932 441 1964 Hoc
457 1932 604 1973 rogavit,
618 1937 656 1963 ut
669 1933 777 1964 vivas.
805 1934 926 1966 Domit-

282 1984 404 2017 CARM.
412 1991 463 2015 lv.
475 1986 495 2015 2
506 1983 665 2015 Humana?
673 1984 859 2025 solet-⁸515]
870 1984 961 2016 Psit-

255 2039 368 2065 tacum
381 2034 531 2065 vocalem
543 2043 618 2064 esse
629 2042 745 2069 omnes
755 2034 879 2074 sciunt,
892 2044 961 2067 mo-

254 2084 333 2118 dum
356 2083 581 2116 institutionis
607 2093 674 2114 non
697 2093 814 2116 omnes
837 2085 960 2116 credo:

253 2134 361 2169 tradit
378 2135 472 2169 illum
495 2138 531 2165 et
548 2134 648 2174 plura
665 2133 707 2169 ad
722 2134 809 2165 hanc
826 2143 897 2166 rem
914 2135 962 2167 A-

255 2184 388 2225 puleius
416 2183 631 2219 Floridorum
657 2183 717 2214 lib.
735 2192 776 2215 11.
807 2183 960 2222 Bernart.

297 2237 317 2267 7
334 2234 509 2275 Meditata]
523 2234 610 2266 Quae
623 2232 805 2264 didiceras.
832 2233 963 2270 Fabula

253 2283 540 2322 Phaethontia‚id
549 2283 775 2323 est‚Cycnns:
789 2292 867 2314 nam
876 2283 962 2324 Cyc-

252 2344 328 2374 nus,
339 2334 458 2369 audito
470 2333 612 2367 interitu
622 2333 858 2373 Phaethontis,
867 2333 960 2366 dolo-

254 2394 290 2416 re
307 2385 342 2421 iu
355 2394 455 2418 avem
472 2384 523 2416 sui
539 2383 680 2417 nominis
697 2392 881 2421 conversus
897 2388 960 2416 est.

253 2435 388 2476 Cycnus
424 2439 538 2471 autem
577 2437 760 2474 antequam
796 2433 961 2473 moriatur

254 2485 491 2519 suavissimum
515 2491 654 2522 cantum
686 2485 845 2521 emittere
875 2484 959 2517 dici-

253 2540 319 2568 tur.
366 2537 416 2567 Ea
432 2536 474 2569 de
491 2545 595 2571 causa
609 2535 743 2567 dicatus
759 2538 813 2566 est
827 2534 959 2567 Phoebo

255 2586 332 2620 Deo
345 2586 507 2626 vaticinii,
522 2591 559 2618 ut
573 2586 694 2618 scribit
709 2586 841 2618 Cicero.
865 2586 959 2619 Mar-

193 2658 195 2660 ·
252 2636 364 2668 tiaiis:
403 2637 557 2668 ‘Dulcia
594 2635 734 2668 ‹lefecta
764 2636 959 2668 modulatur

255 2687 409 2719 carmina
425 2687 553 2727 lingua,
568 2687 735 2718 Cantator
752 2686 889 2726 Cycnus
905 2685 959 2718 fu-

234 2738 344 2774 -neris
369 2737 444 2778 ipse
469 2737 545 2769 sui!
592 2737 721 2768 Plinius
744 2737 807 2768 boc
825 2735 958 2774 fabulo-

253 2797 325 2820 sum
353 2791 466 2829 putat.
511 2787 676 2828 Papinius
703 2787 751 2819 ait
774 2786 956 2828 psittacum

1009 372 1115 414 Cycni
1133 372 1254 404 solent.
1277 371 1402 404 Domit.

1051 427 1072 456 9
1094 424 1320 465 Phaethontia]
1352 423 1534 456 Phaethon
1559 421 1713 466 trisylla-

1009 474 1089 509 bum
1101 478 1164 507 est.
1209 475 1317 512 Varro
1329 484 1391 516 per
1405 483 1612 515 syuaeresem
1629 482 1710 515 pro-

1010 526 1112 561 tulit:
1134 528 1144 544 ⁶
1158 526 1241 562 Tun·
1259 529 1295 557 te
1316 524 1479 567 flagranti
1501 525 1628 566 dejecit
1643 524 1711 563 fuls

1009 576 1100 608 mine
1128 575 1318 608 Phaethon-³
1354 577 1427 616 Sol,
1450 580 1489 613 ut
1513 575 1712 614 Euanthius

1009 626 1141 667 scribit,
1170 631 1206 659 et
1231 626 1464 668 Pherecydes,
1486 634 1565 658 cum
1591 624 1713 662 Rhode

1011 677 1124 718 puella
1150 675 1221 708 filia
1253 675 1358 723 Asopi
1388 675 1588 716 concubuit,
1616 674 1710 715 unde

1010 727 1162 768 suscepit
1178 726 1277 767 filios,
1291 726 1557 768 Phaethontem,
1567 726 1714 768 Etiam,

1011 778 1237 818 Lampetiam,
1259 783 1294 809 et
1310 777 1551 814 Phaethusam.
1592 776 1714 816 Nostri

1011 828 1112 859 aliter
1126 827 1352 869 scripserunt.
1375 827 1476 865 Idem,
1504 826 1713 870 Phiitmtt'a]

1012 877 1150 918 Cygnus
1162 877 1367 910 phaetontis
1386 882 1528 918 amator,
1541 881 1620 920 post
1632 877 1712 920 ejas

1011 928 1155 970 obitum,
1171 929 1305 964 diutino
1332 928 1418 962 fletu
1447 929 1484 961 in
1508 929 1597 965 hanc
1612 938 1711 968 avum

1011 982 1162 1012 mutatus
1183 978 1337 1020 fingitur,
1355 988 1506 1021 cygnum
1537 987 1619 1017 vero
1645 978 1712 1019 sub

1011 1034 1152 1064 mortem
1194 1029 1392 1065 suavissime
1430 1039 1554 1064 canere
1581 1029 1713 1069 multos

1009 1080 1205 1121 tradidisse,
1214 1081 1334 1116 tritum
1346 1084 1409 1115 est.
1426 1080 1581 1116 Rerum-t.

1053 1133 1095 1162 14
1119 1132 1164 1162 Et
1177 1132 1312 1171 querulae
1321 1130 1394 1170 jam
1405 1131 1627 1172 spontesoms]
1651 1130 1711 1165 In·

1010 1181 1147 1222 geniose
1164 1181 1357 1216 Politianus
1373 1181 1462 1217 huuc
1474 1182 1589 1221 locum
1603 1181 1713 1218 iuter-

1011 1235 1169 1271 pretatus
1209 1235 1288 1263 est:
1334 1235 1344 1250 ⁴
1361 1230 1546 1272 Gaetula-,⁹
1587 1230 1715 1272 inquit,

1010 1282 1100 1322 ‘jam
1117 1286 1242 1323 sponte
1259 1281 1348 1317 fores
1366 1283 1536 1323 videntur,
1554 1283 1712 1324 quominm

1011 1332 1147 1372 quidem
1173 1333 1324 1374 querulae
1353 1337 1456 1364 autea
1479 1341 1626 1374 quoque,
1651 1330 1714 1368 sed

1011 1391 1077 1413 non
1108 1387 1242 1423 sponte,
1281 1383 1361 1424 quie
1397 1382 1575 1417 brutorum
1612 1391 1713 1418 voces,

1010 1432 1114 1464 etiam
1142 1433 1318 1467 interdum
1340 1431 1490 1474 quernlae
1529 1430 1717 1468 dicuntur-²¹

1011 1482 1068 1519 Ita
1083 1483 1093 1501 ‘
1107 1486 1247 1523 questus
1263 1481 1398 1522 avium,'
1410 1481 1500 1516 dixit
1513 1490 1564 1514 tv.
1578 1481 1711 1523 Sylva,

1010 1532 1052 1564 ad
1062 1532 1179 1564 Sever.
1193 1533 1203 1550 ‘
1217 1533 1315 1564 Nunc
1324 1533 1500 1567 volucrum
1511 1531 1591 1564 novi
1602 1531 1714 1569 Ques-

1011 1587 1078 1623 tus,
1107 1583 1394 1625 inexpertumque
1425 1591 1578 1622 carmen,
1611 1582 1713 1618 Quod

1010 1633 1118 1667 tacita
1143 1637 1295 1668 statuere
1324 1632 1469 1669 bruma?
1511 1632 1573 1669 Ait
1595 1632 1714 1675 itaque

1010 1682 1123 1718 Poe'ta
1139 1693 1277 1720 caveam
1292 1683 1439 1720 Psittaoi
1458 1682 1534 1724 jann
1548 1683 1714 1724 conqueri

1010 1733 1101 1774 quod
1139 1733 1295 1769 desolata
1329 1733 1388 1770 sit.
1440 1732 1573 1769 Eodem
1611 1731 1714 1769 modo

1010 1782 1121 1814 Theb.
1135 1791 1170 1815 v.
1195 1783 1313 1819 nidum
1335 1783 1420 1824 avis,
1446 1791 1548 1825 quem
1569 1791 1714 1824 serpens

1012 1837 1186 1873 rapuerat,
1207 1834 1404 1875 ‘querulam
1415 1831 1569 1871 domurn'
1592 1837 1714 1870 voefltg

1011 1882 1021 1899 ‘
1035 1882 1102 1914 Illa
1115 1883 1217 1922 redit,
1231 1884 1450 1925 querulaeque
1463 1882 1580 1921 domus
1590 1882 1715 1919 mirnta

1010 1932 1184 1974 quietem!
1213 1933 1346 1970 Gemrt.

1057 1986 1095 2014 17
1118 1983 1196 2016 Ales
1225 1983 1407 2024 Phoebeius]
1445 1983 1598 2022 Corvum
1634 1992 1714 2021 uam

1013 2032 1098 2064 mira
1113 2039 1166 2064 est
1183 2033 1340 2070 docilitas
1363 2042 1557 2074 corvorum,
1570 2037 1609 2070 ut
1632 2034 1715 2068 εει-ἰν

1014 2082 1064 2114 bit
1087 2083 1178 2115 Plin.
1205 2084 1448 2125 historiamque
1474 2082 1582 2122 refert
1598 2083 1645 2122 de
1672 2092 1714 2115 eo

1013 2142 1114 2165 corvo
1144 2134 1201 2175 qui
1217 2144 1260 2166 ex
1277 2134 1359 2165 nido
1375 2143 1480 2174 supr-a
1505 2132 1614 2170 aedern
1634 2133 1715 2170 Cas,

1013 2183 1099 2219 toris
1124 2184 1166 2215 ad
1197 2183 1306 2215 formu
1335 2184 1367 2215 in
1396 2183 1582 2225 proximam
1611 2183 1716 2220 sutri.

1012 2242 1089 2265 nam
1114 2234 1286 2270 evolabat.
1334 2233 1411 2266 Illic
1436 2232 1584 2271 sermoni
1600 2242 1713 2265 assue-

1012 2282 1126 2316 factus
1152 2285 1306 2322 omnibus
1329 2284 1504 2316 matutinis
1529 2282 1714 2324 Tiberium,

1013 2332 1267 2374 Germanicum,
1296 2329 1462 2373 Drusum,
1481 2334 1635 2371 Caesares
1654 2342 1712 2366 no-

1012 2383 1165 2418 minatim
1204 2384 1399 2422 salutabam
1435 2392 1513 2414 mox
1549 2383 1713 2423 populum

1012 2433 1206 2470 Romanum
1232 2437 1486 2471 transeuntem3
1515 2441 1535 2464 a
1565 2432 1712 2474 quodam

1012 2484 1237 2517 interfectus:
1261 2484 1320 2526 qui
1346 2483 1456 2525 plebis
1481 2482 1713 2524 indignatione

1011 2543 1031 2565 a
1055 2535 1130 2566 vico
1157 2534 1215 2569 illo
1241 2535 1404 2580 expulsus
1425 2539 1461 2566 et
1486 2533 1713 2575 interemptus

1010 2589 1075 2616 est.
1119 2585 1240 2617 Elatus
1263 2582 1406 2621 duorum
1432 2584 1625 2624 AEthiopum
1649 2583 1712 2614 bu-

1009 2635 1128 2675 meris,
1156 2635 1378 2676 praecedente
1405 2634 1559 2674 tibicine,
1582 2633 1712 2674 sparsis

1010 2685 1156 2725 coronis,
1176 2685 1210 2715 in
1234 2685 1290 2716 via
1314 2684 1431 2726 Appia
1455 2683 1498 2715 ad
1524 2682 1711 2717 secundum

1009 2735 1156 2777 lapidem
1173 2735 1330 2766 humatus
1345 2739 1412 2766 est.
1435 2733 1606 2766 Domitia-r.

1053 2787 1094 2817 19
1118 2785 1273 2826 Sturnos]
1298 2785 1343 2816 Et
1367 2785 1420 2816 hic
1442 2784 1532 2815 inter
1552 2793 1631 2815 aves
1656 2792 1713 2815 vo-
