1884 3120
262 271 376 314 1740

239 386 246 389 “
263 386 308 410 ex
325 375 445 418 poetis
472 376 618 407 Cruceus.
661 375 803 417 Dextro]
826 376 868 408 Id
895 380 962 417 est,

262 428 415 461 favente.
458 427 547 460 Vide
563 427 632 460 Ad.
649 428 800 461 Turnebi
818 428 963 463 Advers-

262 478 323 511 lib.
340 486 449 510 xx1x.
463 488 541 520 cap.
558 481 612 510 35.

307 530 348 559 51
372 528 506 559 Dederit
517 528 573 560 sub
589 528 665 570 imo]
679 529 819 562 Scribe:
834 530 890 562 sub
906 540 965 562 uno

270 577 383 610 Vivere
404 579 490 610 coelo.
513 578 602 620 quod
621 584 657 611 et
678 580 756 615 olim
774 580 816 612 P.
833 580 965 614 Scrive-

263 628 317 660 rio
334 627 526 661 videbatur.
559 629 665 670 Vagis
682 634 717 661 et
731 639 846 663 errare
860 631 965 663 suetis

264 677 399 719 populis
429 677 505 710 haec
534 678 591 710 lex
621 689 747 711 amara.
802 680 877 713 Liv.
908 681 965 714 lib.

261 735 435 763 ,xxxvun
454 729 464 746 ⁴
479 728 630 761 Manlius
643 730 796 762 evocatis
812 740 853 768 eo
869 740 967 771 regu-

263 779 307 810 lis
337 778 516 811 Gallorum
546 779 651 820 leges,
686 780 808 822 quibus
846 790 966 822 pacem

263 838 342 861 cum
355 829 509 861 Eumene
524 835 715 871 servarent,
726 830 827 872 dixit,
839 831 968 864 denun-

265 878 448 920 tiavitque,
468 883 506 910 ut
521 889 648 912 morem
665 881 808 921 vagandi
823 890 900 914 cum
915 891 966 914 ar-

264 929 328 962 mis
343 929 482 963 finirent
494 939 721 974 agrorumque
745 942 881 966 suorum
897 938 967 966 ter-

265 979 365 1012 minis
382 989 419 1012 se
436 981 676 1013 continerent!
698 981 838 1015 Gronov.

308 1032 351 1062 54
391 1030 508 1062 Mundi
543 1030 680 1072 senium]
722 1031 842 1064 Inunit
875 1032 966 1065 hunc

264 1080 455 1114 Maximum
479 1081 648 1113 Chronica
665 1082 854 1123 scripsisse.
895 1083 967 1116 Per

261 1132 383 1166 senium
398 1131 489 1164 enim
509 1132 617 1164 mundi
639 1131 780 1164 historia
794 1133 968 1174 universa,

264 1191 363 1214 omne
379 1190 489 1214 aevum
505 1182 713 1224 explicatur,
735 1182 815 1215 stilo
829 1193 872 1215 ex
889 1184 966 1216 bre-

262 1235 372 1267 vitate
386 1234 590 1266 Sallustiana
603 1238 640 1267 et
653 1234 812 1267 ubertate
823 1235 967 1268 Liviana

265 1285 390 1318 mixto.

280 1367 284 1370 ,
304 1339 348 1368 55
376 1334 499 1368 Timavi
526 1334 632 1367 reddis
656 1334 829 1376 alumnum]
851 1334 896 1368 T.
913 1335 967 1368 Li-

264 1385 355 1417 vium
379 1385 597 1419 Patavinum.
639 1385 799 1418 Timavus
826 1384 903 1418 fons
930 1390 968 1419 et

264 1434 386 1472 fluvius
417 1436 452 1468 in
478 1435 581 1469 Istria
603 1436 695 1469 inter
716 1434 910 1478 Aquileiam
930 1441 968 1469 et

262 1486 475 1528 Tergistum.
535 1486 672 1520 Servius
702 1486 736 1518 in
765 1486 838 1519 haec
868 1487 967 1528 Virg.

265 1537 342 1569 AEn.
371 1547 397 1570 1.
436 1541 446 1556 ¹
472 1538 616 1569 Fontem
646 1545 808 1578 superare
835 1536 967 1573 Timavi

262 1587 365 1620 Unde
382 1596 444 1628 per
459 1596 519 1620 ora
533 1585 681 1627 novem,'
696 1588 762 1619 &c.
808 1586 968 1623 Claudia-

263 1646 338 1678 uus,
352 1636 386 1668 in
405 1645 454 1669 vi.
469 1636 605 1668 Consul.
617 1636 783 1668 Honorii:
805 1637 816 1655 ‘
833 1635 967 1668 tardus-

263 1697 329 1730 que
343 1691 459 1719 meatu
469 1686 630 1727 Mincius,
641 1686 744 1728 inque
754 1695 875 1718 novem
889 1695 968 1718 con-

263 1746 406 1779 surgens
424 1747 484 1769 ora
496 1736 681 1769 Timavus:
722 1736 849 1768 Strabo
863 1737 966 1779 Poly-

263 1787 319 1820 bio
342 1787 412 1819 fert
435 1792 630 1829 acceptum,
654 1786 745 1829 quod
767 1786 904 1819 Servius
923 1797 966 1820 ex

263 1837 418 1870 Varrone
435 1836 562 1870 refert:
581 1837 592 1854 ‘
607 1837 697 1869 hunc
714 1836 853 1870 fluvium
866 1838 968 1870 Mare

262 1887 307 1920 ab
323 1887 445 1920 incolis
460 1886 658 1924 nominari?
682 1887 750 1919 imo
776 1886 908 1921 fontem
931 1892 968 1920 et

262 1942 406 1973 matrem
422 1938 525 1970 maris
550 1938 665 1970 vocari
689 1937 824 1971 dixerat
845 1938 967 1980 Polyb.

260 1988 335 2022 τοὺς
347 1987 529 2030 ἐπιχωρίους
538 1987 644 2028 πηγὴν
659 1988 710 2020 καὶ
723 1987 842 2030 μητέρα
850 1988 965 2022 θαλάτ-

263 2050 324 2078 της
336 2037 500 2080 ὀνομάζειν
511 2038 568 2071 τὸν
581 2037 688 2071 τόπον.
713 2040 840 2072 Morell.

307 2091 432 2125 CARM.
445 2099 526 2124 vm.
543 2093 555 2122 l
572 2089 864 2131 Pandefores‚&o.]
876 2089 968 2123 Acu-

262 2152 341 2176 men
358 2141 547 2182 Buleugeri
562 2141 606 2174 de
616 2141 707 2183 Imp.
720 2141 820 2174 Rom.
835 2141 896 2174 lib.
907 2151 967 2174 ιιι.

263 2203 295 2226 e.
304 2193 349 2225 de
362 2197 441 2224 nato
451 2191 673 2233 Imperatoris
688 2191 769 2228 filio,
779 2191 839 2223 hos
848 2201 966 2225 versus

264 2243 415 2277 citantis.
437 2243 506 2275 Sed
522 2248 557 2275 et
573 2242 733 2278 Persium
749 2241 873 2274 ibidem
891 2242 967 2283 pari

259 2295 394 2338 jndicio
407 2294 523 2327 laudat
531 2294 657 2334 Satyra
665 2303 699 2326 v.
707 2293 764 2326 ubi
773 2303 814 2325 ne
825 2294 967 2325 verbum

263 2345 402 2388 quidem
419 2346 453 2377 iu
468 2345 555 2376 hanc
571 2344 778 2376 sententiam
795 2343 965 2385 reperies:

264 2396 332 2429 imo
348 2405 458 2438 neque
474 2395 508 2427 in
529 2395 602 2427 Sat.
625 2393 775 2435 ejusdem
802 2393 965 2425 secunda.

265 2446 356 2478 Nam
377 2446 424 2478 ibi
449 2444 493 2476 de
518 2444 728 2490 privatorum
749 2444 856 2476 natali
881 2444 966 2476 Per-

265 2497 346 2537 sius,
362 2501 400 2528 ut
416 2496 470 2528 hic
489 2495 619 2528 Statius
635 2495 798 2537 loquitur.
821 2495 967 2527 Cruceus.

265 2547 387 2580 Sabaeis
411 2545 556 2587 nubibus]
579 2546 810 2585 Μετωνυμικῶς,
837 2545 966 2577 thureis

265 2597 464 2638 vaporibus.
520 2597 585 2628 Est
610 2596 700 2628 enim
728 2594 832 2636 νέφος,
859 2595 967 2636 nubes,

265 2647 403 2689 species
421 2646 645 2687 ἀναθυμιάσεως
664 2647 790 2688 νοτερᾶς
803 2645 853 2678 καὶ
868 2645 969 2685 ἆτμῶ-

263 2701 346 2739 δους,
373 2698 580 2730 exhalationis
610 2698 745 2729 humidae
771 2700 802 2729 et
827 2697 968 2736 egelida»,

264 2758 367 2792 quam
383 2746 555 2780 effluentis
580 2747 716 2789 vaporis
731 2751 854 2779 natura
870 2746 912 2778 ad
931 2756 968 2781 se

264 2799 382 2839 trahit,
412 2802 451 2830 ut
480 2795 626 2828 Aristot.
651 2796 967 2838 Tlieophrastumve

265 2849 434 2893 Apuleius
452 2847 613 2892 explicat.
637 2846 765 2883 Mareu.

726 282 869 313 NOTAE
904 281 1170 314 vAluoRUM
1203 284 1256 314 IN

1056 380 1077 408 5
1104 378 1146 409 Et
1171 378 1276 410 insani
1300 380 1421 411 solatur
1444 380 1557 413 domm
1586 379 1713 422 Vama

1014 427 1143 460 Vesevi
1173 429 1296 461 montis
1322 430 1519 470 Campaniae
1544 430 1716 473 prodigio-

1017 488 1089 510 sum
1103 478 1295 511 incendium
1311 480 1375 511 sub
1385 480 1464 512 ‘rito
1478 481 1629 522 respicit.
1639 480 1716 514 Pli-

1014 529 1091 561 nius
1113 528 1235 563 Jnnioi·
1249 530 1359 571 Epist.
1376 530 1418 563 ad
1441 531 1597 564 Tacitum
1617 540 1715 568 sccu-

1017 584 1093 610 rate
1115 579 1178 612 hoc
1202 580 1378 615 describit.
1421 580 1490 613 Adi
1512 585 1549 614 et
1570 581 1715 615 Dionem

1018 629 1053 662 iu
1068 629 1164 671 Tito,
1179 631 1274 662 Suet.
1288 620 1366 672 ca'p.
1378 634 1409 663 8.
1424 636 1460 664 et
1475 631 1630 664 Tacitum
1645 631 1716 664 An-

1017 680 1086 712 nal.
1101 689 1151 713 ιν.
1173 679 1315 721 Allusit‚
1329 681 1381 713 uti
1401 682 1501 722 solet,
1517 681 1621 716 docte
1635 682 1718 715 Ter·

1018 730 1181 763 tullianus
1196 732 1239 763 de
1257 732 1478 773 poenitentia:
1493 733 1505 751 ‘
1518 731 1611 767 Quid
1621 732 1716 766 mum

1020 779 1214 812 thesaurum
1245 781 1333 823 ignis
1361 781 1483 814 aeterni
1511 781 1717 822 oestimamus

1019 840 1094 863 cum
1125 830 1303 864 fumariola
1330 831 1487 874 quaedam
1515 831 1591 873 ejus
1628 831 1718 864 tales

1016 878 1227 913 flammarum
1243 881 1331 914 ictus
1347 882 1528 922 suscitent,
1548 885 1588 915 ut
1601 875 1718 924 proxi‘-

1017 939 1082 962 mae
1098 931 1200 964 urbes
1214 936 1274 964 aut
1292 932 1366 973 jam
1381 932 1484 965 uullae
1502 936 1637 972 extent,
1657 935 1719 965 ant

1018 980 1109 1014 idem
1136 982 1200 1015 sibi
1226 982 1269 1014 de
1294 982 1351 1015 die
1375 986 1566 1024 sperantes.
1606 981 1719 1022 Diui,-

1017 1030 1104 1063 liunt
1129 1032 1362 1074 superbissimi
1384 1036 1530 1073 montes,
1555 1032 1643 1075 ignis
1665 1032 1718 1066 in-

1019 1081 1188 1114 trinsecus
1203 1081 1299 1115 foeta.
1344 1083 1430 1117 Quis
1450 1083 1526 1116 haee
1549 1082 1720 1126 supplicia

1018 1132 1183 1165 montium
1204 1141 1268 1164 non
1288 1132 1415 1174 judicii
1431 1133 1592 1170 minantis
1604 1142 1718 1166 exem-

1019 1180 1129 1221 plaria
1143 1181 1345 1223 deputabit?
1361 1183 1434 1224 quis
1449 1183 1616 1216 scintillas
1631 1183 1719 1217 tales

1018 1239 1086 1262 non
1107 1232 1221 1273 magni
1244 1232 1387 1274 alicujus
1411 1238 1448 1266 et
1474 1233 1719 1266 inestimabilis

1017 1279 1086 1312 foci
1114 1281 1250 1314 missilia
1273 1282 1429 1324 quaedam
1451 1287 1489 1316 et
1511 1284 1721 1317 exercitoria

1012 1330 1131 1372 jacula
1145 1332 1362 1367 consentiet.'
1382 1333 1536 1367 Bernart-

1062 1383 1083 1413 8
1106 1382 1254 1414 Mademi
1266 1382 1353 1424 Deo]
1376 1383 1553 1425 Neptuno.
1585 1379 1720 1417 Surren-

1019 1431 1105 1463 tinas
1124 1442 1193 1465 oms
1217 1437 1254 1466 et
1276 1433 1367 1466 villos
1391 1434 1549 1467 deductis
1575 1435 1718 1478 aliisque

1019 1482 1113 1523 aquis
1139 1482 1284 1524 irriguas
1310 1488 1346 1516 et
1371 1483 1500 1516 nobiles
1523 1494 1628 1527 supra
1648 1493 1717 1518 nou

1020 1533 1124 1564 semel
1140 1536 1286 1566 testatus
1305 1538 1368 1567 est.
1390 1534 1509 1567 Barth.

1061 1584 1103 1614 21
1131 1583 1322 1622 Tergemina·
1340 1584 1456 1627 prolis]
1472 1585 1584 1627 Julius
1599 1585 1720 1619 Mene-

1019 1637 1132 1665 crates
1147 1643 1166 1666 a
1181 1634 1377 1668 Domitiano
1397 1635 1645 1678 impetraverat
1659 1637 1720 1680 jus

1019 1683 1121 1715 trium
1141 1684 1339 1726 liberorum,
1361 1695 1439 1718 cum
1462 1686 1592 1719 nullum
1607 1686 1718 1720 adhuc

1018 1732 1174 1770 haberet.
1217 1734 1258 1766 Id
1275 1738 1388 1768 autem
1405 1735 1598 1769 institutum
1616 1741 1670 1769 est
1683 1736 1719 1769 in

1017 1783 1181 1817 honorem
1192 1783 1428 1828 Horatiorum,
1443 1791 1483 1819 ut
1497 1787 1619 1820 scribit
1632 1787 1720 1821 Dio-

1018 1834 1149 1875 nysius.
1170 1835 1292 1867 Domit-
1350 1836 1416 1870 Jus
1443 1836 1509 1870 hoc
1535 1837 1718 1873 admodum

1019 1884 1160 1917 celebre
1176 1883 1254 1926 fuit,
1269 1889 1305 1917 et
1321 1886 1455 1919 nonnisi
1470 1896 1573 1929 parce
1585 1897 1628 1921 -ac
1639 1897 1718 1921 cnm

1018 1934 1157 1968 delectu
1173 1946 1193 1968 a
1208 1936 1420 1978 principibus
1435 1937 1566 1980 datum,
1590 1942 1631 1972 ut
1649 1943 1720 1972 tea-

1017 1989 1110 2016 tatur
1125 1985 1218 2019 Plin.
1235 1986 1294 2018 lib.
1309 1995 1346 2019 Χ.
1362 1987 1510 2029 Epistol.
1525 1988 1569 2021 ad
1578 1989 1719 2031 Trajan.

1017 2034 1064 2067 Et
1078 2034 1228 2067 dabatur
1251 2035 1307 2077 iis,
1324 2035 1384 2078 qui
1406 2047 1525 2079 parum
1545 2037 1718 2072 felicesin

1018 2085 1114 2126 prole
1129 2083 1285 2119 fuissent.
1329 2087 1420 2120 Vide
1433 2088 1579 2130 Dionys.
1595 2089 1631 2122 in
1648 2090 1718 2123 suis

1016 2133 1190 2177 Antiquit.
1205 2134 1356 2178 Appian.
1368 2137 1460 2170 Bell.
1474 2138 1575 2172 eivil.
1598 2139 1658 2173 lib.
1674 2149 1716 2173 ιι.

1017 2185 1237 2217 Vertranium
1260 2186 1454 2222 Commeat.
1480 2187 1524 2221 de
1549 2188 1614 2222 hoc
1635 2189 1717 2231 jure

1016 2245 1050 2277 p.
1068 2239 1120 2271 12.
1143 2240 1179 2268 et
1199 2239 1276 2269 ³41.
1299 2237 1431 2270 Raderi
1458 2237 1649 2273 Comment.
1673 2239 1717 2272 ad

1017 2286 1125 2319 Mart.
1141 2291 1178 2318 et
1194 2287 1291 2319 alios.
1648 2315 1653 2320 .

1060 2339 1103 2370 26
1126 2336 1267 2370 Robore.-
1281 2338 1337 2369 sed
1350 2337 1456 2371 inveni
1469 2337 1590 2380 heom]
1610 2339 1718 2374 Unius

1016 2387 1165 2421 literulae
1202 2391 1240 2418 et
1274 2387 1574 2429 interpunctionis
1597 2389 1717 2423 vitium

1018 2438 1158 2470 densam
1184 2438 1367 2470 seutentiae
1388 2437 1474 2472 facit
1494 2443 1651 2473 noctem:
1679 2441 1720 2474 il-

1018 2489 1140 2528 lustro,
1156 2487 1290 2530 Robore,
1301 2498 1335 2521 se
1340 2488 1453 2528 ,iuveni
1467 2490 1572 2522 hetam
1583 2492 1640 2523 dat
1654 2492 1719 2524 vir·

1014 2549 1057 2579 go
1076 2538 1213 2580 parenti.
1256 2538 1396 2579 Sensus,
1410 2540 1597 2581 ,gratiorem
1612 2540 1718 2576 fuisse

1017 2588 1098 2621 filiae
1114 2588 1332 2622 nativitatem
1353 2594 1432 2631 post
1450 2589 1535 2625 duas
1551 2591 1718 2626 masculas

1018 2641 1144 2683 proles.
1165 2641 1319 2672 Bernart.

1062 2694 1104 2723 28
1126 2690 1238 2730 Digna
1257 2686 1441 2732 pntaestrisJ'
1453 2691 1622 2731 Mater-nis,
1638 2693 1719 2735 qnia

1018 2741 1152 2783 legibus
1176 2741 1355 2783 Spartanis
1379 2742 1481 2775 etiam
1501 2742 1718 2780 nudabantur

1019 2792 1052 2824 iu
1069 2791 1238 2833 palaestris
1253 2791 1411 2833 virgines,
1424 2796 1461 2824 et
1473 2792 1571 2827 nudis
1580 2793 1719 2836 juveni.

1019 2843 1082 2879 bus
1098 2842 1386 2877 colluctabantur.
1430 2842 1520 2887 Vide
1536 2844 1639 2887 Crag.
1654 2844 1714 2881 lib.
