1858 3112
441 294 485 324 P.
520 290 716 325 rammi
747 283 1096 322 ἐτΑτῐῑεΥιΝ.
1130 287 1226 321 ma.
1249 288 1316 322 ιν.
1346 277 1389 320 3.

181 382 460 430 Strymo-aplius
491 382 537 420 ab
563 386 653 429 Imp.
674 378 894 429 Vespasiano

180 436 343 472 laudatus
371 437 489 470 dixit:
536 437 551 456 ‘
569 437 670 470 Lucri
704 437 813 469 bonus
841 440 894 469 est

181 489 268 523 odor
281 497 327 522 ex
339 498 379 522 re
392 488 582 525 Qualibet!
593 481 720 521 Mor-etl.

194 556 198 558 ἡ
220 538 475 583 evemplo-’1201
490 539 653 582 hybicus.
688 538 820 581 Cinyps
832 547 891 570 au-

182 596 255 624 teur
277 585 407 624 fluvius·
429 599 475 623 ex
497 594 614 623 monte
634 589 838 626 'Chai-itone,
853 592 892 621 ut

180 641 385 675 Herodotus
405 639 541 683 scribit,
557 636 650 673 inter
665 640 748 673 duas
769 639 892 682 Syrtes

180 688 322 726 inbitur.
344 691 470 726 Donet.

222 745 266 775 §1
290 741 463 784 Bagrada]
484 742 626 774 Flavius
646 741 762 784 Lybiae
787 742 892 784 juxta

180 793 342 827 vum:
368 792 523 836 proxima
537 795 617 825 sunt
631 796 750 825 castra
763 792 892 825 Corne-

180 842 239 877 li‘a.
281 844 352 877 Hie
369 843 513 877 inundat
525 843 701 886 proximas
717 843 889 886 regiones,

179 894 337 938 facitque
351 894 529 928 aestuaria.
557 893 656 927 Idm.

222 943 483 987 U'Prmm]
513 943 555 978 Iu
585 948 764 978 certamen
794 953 892 986 aquoe

182 996 395 1039 conspicue.
423 993 554 1038 Lyvim]
578 992 678 1039 Lyris
697 996 891 1028 Minturnas

181 1044 453 1091 praterlabitnr.
497 1047 555 1079 Ad
579 1054 658 1080 enm
690 1046 784 1079 Latii
810 1046 892 1078 olim

182 1098 272 1132 fines
281 1102 396 1132 erant.
435 1098 551 1132 Antea
566 1098 700 1131 Clanim
713 1097 893 1132 dixerunt.

183 1149 331 1182 Labitur
343 1149 390 1182 de
413 1147 606 1192 Apenninis
626 1147 774 1180 collibus
795 1151 831 1180 et
857 1157 893 1180 a·

182 1208 250 1242 gro·
260 1199 408 1232 Vestino
423 1204 553 1242 praete'r
565 1198 678 1231 vicum
693 1198 870 1240 Fregellas
882 1207 892 1237 ;

182 1250 339 1283 excurrit
374 1249 409 1282 in
445 1250 560 1282 lucum
599 1256 753 1282 sacrum:
789 1258 893 1291 quem

183 1291 446 1333 Minturnenses
457 1299 683 1332 celebrabant
696 1298 894 1331 honoribus.

185 1349 356 1384 Fibrenus
367 1350 404 1382 in
419 1358 498 1382 enm
509 1349 674 1391 erumpit.
718 1349 818 1392 Lyris
833 1358 893 1381 au-

183 1406 256 1434 tern
270 1400 382 1444 equis,
401 1401 429 1433 si
445 1400 603 1434 Ciceroni
618 1400 804 1442 credimus,
819 1401 894 1433 nul-

183 1452 228 1485 1ο
243 1456 324 1485 sunt
337 1450 546 1493 frigidiores.
565 1450 668 1484 Idem.

226 1505 275 1536 ⁹8
304 1502 428 1544 Arm]
463 1502 555 1536 Nam
583 1502 628 1534 ad
657 1501 793 1534 initium
828 1501 893 1535 viae

186 1557 307 1586 strato
318 1560 340 1585 a
354 1552 561 1585 Domitiano
573 1561 619 1584 ex
634 1550 751 1594 Appia
765 1551 801 1584 in
817 1561 894 1584 eam

183 1600 408 1647 ingredienti,
419 1603 566 1646 primurn
578 1602 784 1635 occurrebat
793 1610 894 1635 arcus

184 1654 414 1698 triumphalis,
424 1663 493 1697 quo
501 1655 631 1687 honore
639 1653 697 1686 ille
708 1652 894 1696 plurimum

184 1707 378 1740 delectatus
403 1710 470 1747 est,
505 1705 704 1748 nimiosque
744 1705 779 1737 in
809 1705 895 1738 urbe

183 1757 251 1792 sibi
266 1757 393 1790 erexit.
416 1756 515 1789 Idm

229 1814 293 1845 10⁰
321 1812 470 1849 Quam
497 1809 616 1848 nubila,
645 1808 715 1852 afta]
751 1809 896 1851 Tantus,

185 1863 316 1908 inquit,
349 1866 404 1895 est
445 1871 545 1895 arcus
581 1861 640 1893 ille
676 1860 894 1902 triumphalis

186 1918 336 1958 quantus
350 1913 439 1946 Iris.
474 1912 511 1945 Is
524 1917 630 1945 noctu
643 1920 710 1944 non
725 1917 894 1954 apparet:

185 1963 339 2009 quamvis
355 1963 563 1996 Aristoteles
577 1961 724 1994 affirmet
741 1961 894 2004 aliqnan-

186 2017 235 2050 do
246 2018 357 2050 visum
371 2025 470 2050 esse:
493 2015 578 2048 nihil
595 2020 711 2048 sutem
727 2015 819 2047 aliud
840 2019 895 2048 cst

186 2078 290 2111 quam
306 2067 422 2101 radius
436 2067 517 2100 solis
530 2066 699 2099 immissus
715 2075 811 2098 cavae
834 2074 895 2098 nu·-

185 2119 244 2152 bi:
267 2118 489 2160 colorumque
517 2116 578 2148 illa
606 2115 756 2147 varietas
781 2114 823 2148 fit
852 2124 896 2147 ex

185 2170 337 2203 mixtura
347 2168 449 2211 ignis,
463 2167 672 2210 nubiumque
688 2166 788 2201 acris.
803 2166 894 2200 Plin.

185 2224 320 2254 auctor.
342 2219 443 2252 Idem.

230 2272 296 2303 1oe
334 2270 448 2302 Prima
468 2268 616 2311 carbasa]
651 2268 708 2302 Ab
736 2269 896 2302 Domitio

188 2325 255 2363 est,
273 2321 334 2364 qni
360 2324 513 2353 veterem
539 2320 659 2362 ponit:
689 2320 813 2352 Pn'moe
826 2329 896 2351 car-

186 2374 265 2406 bm
301 2370 488 2406 ventilatis
528 2380 628 2403 aum.
685 2370 764 2403 Nec
795 2371 898 2402 aliter

188 2423 302 2458 Rhod.
330 2421 518 2456 Redundat
547 2428 616 2453 una
646 2420 773 2453 litera:
807 2420 896 2452 dixit

187 2473 279 2507 enim
309 2482 374 2515 per
401 2471 657 2515 apostrophem
683 2471 804 2503 Pn'moe
829 2481 898 2503 car-

188 2525 264 2557 busa
276 2523 441 2556 ventitat&
453 2532 554 2555 αυτ-ω.
593 2523 643 2554 Ut
658 2521 761 2563 plane
772 2521 899 2554 Salisb.

188 2579 228 2608 et
243 2579 410 2616 excerpta
427 2572 681 2614 Lindenbrogii.
723 2572 781 2604 Sic
793 2572 829 2604 in
839 2573 899 2604 Sa-

188 2628 279 2658 turn.
322 2624 462 2663 ‘Hunc‚
485 2632 633 2663 annona,
656 2621 749 2655 diem
778 2631 899 2664 super-

189 2676 236 2709 ba
248 2673 386 2708 nescis?
430 2674 476 2706 Et
491 2683 571 2706 mox
593 2673 706 2706 Rhod.
722 2678 759 2705 et
773 2673 900 2705 Salisb.

189 2726 322 2767 largio,
340 2725 446 2765 India,
457 2724 589 2757 nubibus
601 2726 752 2757 moderes.
797 2724 899 2758 Quod

192 2784 261 2809 non
277 2774 403 2808 refuto.
417 2775 527 2807 Theb.
542 2784 596 2808 ix.
616 2776 759 2813 ‘cultus,
770 2776 899 2808 Triviae

192 2826 390 2870 pendebitis
405 2827 475 2859 alto
489 2825 646 2859 Limine!
672 2827 814 2859 Gronov.

235 2878 301 2909 110
324 2875 402 2907 Εοω
426 2877 547 2918 laurus]
582 2877 759 2920 Triumphi
787 2877 899 2910 orien—

276 2928 393 2972 Daph.
405 2932 436 2963 el
450 2929 529 2963 Var.
545 2931 631 2963 Clas.

878 2930 961 2963 Stat.

1534 277 1650 321 1729

945 380 1055 426 tales3
1076 393 1156 417 nam
1180 376 1480 426 septentrionales
1513 382 1546 416 ei
1575 383 1650 418 dati

942 440 1038 473 sunt.
1049 439 1087 468 et
1102 444 1147 468 ex
1162 433 1374 468 Occidente.
1418 434 1535 466 Paulo
1549 438 1650 467 ante:

942 487 953 505 ‘
969 486 1120 519 noudum
1151 485 1282 528 gremio
1305 484 1405 518 Jovis
1431 484 1554 520 Indica
1579 484 1652 518 lau-

942 536 1024 569 rus!
1038 537 1164 570 Domit.

985 590 1050 620 122
1076 588 1203 630 Replet]
1220 586 1322 620 Viam
1336 591 1485 630 occupat
1501 587 1582 621 dnm
1598 587 1652 621 fu-v

942 647 1022 672 rens
1038 639 1164 682 agitur.
1187 639 1288 671 Ideni.

957 707 967 719 ι
985 693 1048 722 138
1072 690 1174 722 Lucos
1187 688 1326 730 Averni]
1358 687 1406 721 Hi
1424 694 1525 722 erant
1539 689 1582 722 sd
1603 689 1652 723 A-

941 750 1098 782 vernum,
1109 739 1169 773 ubi
1177 750 1243 772 nec
1253 740 1459 772 romantiam
1470 740 1594 782 Ulyxis
1609 741 1654 774 ab

941 792 1098 824 Homero
1109 791 1319 833 descriptam
1332 795 1500 833 putarunt
1510 792 1654 835 antiqui.

941 843 995 875 Ea
1014 843 1110 884 regio
1138 846 1216 875 erat
1230 841 1374 874 Plutoni
1391 841 1523 883 dicata,
1538 852 1654 876 sacer-

941 894 1109 937 dotesque
1133 894 1216 932 iliic,
1232 894 1378 936 placatis
1398 893 1478 926 Diis
1497 894 1653 928 manibus

942 955 1006 988 per
1033 954 1146 988 sacra,
1177 949 1341 988 responsa
1378 944 1520 987 dabant,
1547 951 1653 989 atque

941 996 1022 1029 inde
1048 995 1298 1039 comparabant
1328 996 1470 1028 victum.
1518 996 1653 1029 ibidem

942 1045 1048 1079 fnisse
1061 1047 1203 1079 AEneam
1227 1046 1315 1080 duce
1329 1047 1475 1089 Sibylla,
1489 1047 1654 1090 Virgilius

942 1096 1063 1130 horum
1078 1098 1234 1130 imitator
1247 1097 1387 1130 cecinit.
1410 1098 1512 1130 Idem.

988 1150 1051 1180 13⁷
1074 1146 1187 1190 India]
1211 1148 1275 1182 Cui
1298 1151 1421 1182 natura
1437 1148 1537 1181 dedit
1552 1149 1654 1182 sicci·

945 1202 1066 1232 tatem.
1112 1199 1215 1240 Nam,
1231 1202 1269 1231 ut
1284 1198 1503 1231 Aristobolus
1518 1198 1654 1237 scribit,

944 1244 1008 1282 soli
1023 1254 1158 1283 montes
1179 1250 1250 1283 illic
1265 1250 1386 1283 etima
1407 1250 1574 1283 montium
1592 1250 1654 1284 im·

943 1299 1064 1333 bribus
1076 1300 1278 1342 irrigantur,
1295 1301 1407 1343 campi
1423 1306 1534 1334 arent.
1579 1301 1654 1335 He-

943 1350 1069 1383 archus
1084 1360 1168 1383 vero
1182 1350 1216 1382 in
1233 1361 1373 1394 campos
1388 1352 1508 1394 pluere
1532 1357 1656 1387 oestate

945 1400 1106 1443 affirmat,
1118 1402 1239 1444 hyeme
1254 1407 1371 1444 negat.
1417 1403 1486 1435 Sed
1502 1405 1654 1447 omnino,

944 1453 1057 1496 inquit
1080 1454 1259 1496 Papinius,
1285 1454 1442 1487 maderet
1474 1455 1589 1496 ludia,
1625 1456 1655 1488 si

945 1503 1020 1535 eaeli
1050 1503 1231 1546 imperium
1257 1508 1394 1537 teneret
1424 1504 1655 1539 Domitianus.

987 1607 1052 1637 142
1088 1605 1185 1638 Prece
1212 1605 1388 1647 quindecim
1411 1605 1566 1647 virorum]
1606 1607 1655 1639 Hi

943 1656 1047 1699 enim,
1062 1656 1228 1698 inspectis
1253 1657 1430 1699 Sibyllinis
1460 1657 1656 1699 praedictio-

943 1707 1057 1750 nibus,
1076 1708 1201 1751 quibus
1222 1708 1334 1741 modis
1351 1708 1512 1749 placandi
1529 1708 1587 1741 Dii
1605 1718 1658 1741 es·

943 1763 1033 1800 sent,
1046 1758 1334 1800 pronunciabant.
1355 1758 1445 1791 Vide
1457 1769 1534 1801 quae
1552 1768 1655 1800 pecu-

943 1808 1020 1840 liari
1040 1809 1085 1840 de
1107 1809 1160 1841 bis
1175 1808 1264 1841 libro
1287 1808 1430 1851 scripsit
1454 1809 1657 1852 Ounpbrius

943 1860 1145 1901 Panfiuins,
1155 1860 1178 1893 J
1182 1861 1236 1893 oh.
1251 1860 1422 1902 Obsopoei
1435 1870 1541 1902 opera
1552 1861 1656 1893 Post·

943 1911 1043 1943 huma
1052 1911 1207 1954 Parisiis,
1216 1918 1293 1944 cum
1303 1910 1422 1953 figuris
1433 1910 1539 1943 aeneis
1551 1912 1655 1953 longe

944 1962 1210 2004 elegantissimis
1221 1967 1258 1995 et
1268 1966 1341 1995 toto
1353 1962 1525 2004 chorageo
1536 1962 1651 2004 Sibyl-

945 2022 1063 2045 narum
1079 2013 1359 2046 observationum
1375 2013 1482 2045 edito.
1507 2013 1626 2045 Barth.

989 2067 1052 2096 152
1077 2065 1211 2106 Poposci
1239 2064 1387 2106 Delium]
1410 2065 1557 2106 Sumpto
1582 2064 1656 2105 pnl-

946 2122 1028 2146 vere
1042 2114 1234 2147 Puteolano
1243 2114 1408 2155 manibus,
1418 2114 1505 2157 petii
1521 2125 1542 2147 a
1554 2115 1657 2146 Phoe-

946 2165 1002 2206 bo,
1016 2170 1055 2197 ut
1070 2166 1217 2198 totidem
1233 2174 1339 2198 annos
1354 2165 1438 2199 mihi
1453 2163 1564 2199 daret.
1587 2167 1656 2198 Do-

945 2216 1017 2248 mit.

990 2268 1053 2299 153
1081 2267 1211 2299 duravit
1247 2266 1321 2309 tibi]
1356 2266 1399 2299 In
1429 2271 1490 2299 tua
1514 2266 1656 2300 soedera.

945 2317 1077 2359 Arctos]
1100 2318 1204 2358 Daci,
1220 2318 1402 2356 Sarmatae,
1417 2319 1496 2351 Cati
1512 2319 1555 2351 ad
1570 2318 1658 2352 Arc-

948 2373 1007 2400 ton
1024 2369 1230 2401 habitantes.
1252 2370 1353 2401 Idem.

993 2422 1054 2452 165
1094 2420 1166 2456 Qua
1194 2430 1293 2461 vagus
1318 2420 1488 2462 Hercules]
1520 2420 1657 2453 Hercu-

949 2471 1016 2503 lem
1040 2471 1075 2503 in
1105 2471 1206 2504 India
1228 2471 1334 2504 fuisse
1363 2472 1485 2504 scribit
1510 2471 1657 2513 Plinius,

949 2531 1026 2554 cum
1043 2521 1085 2553 de
1101 2521 1311 2554 Macedonia
1334 2522 1381 2553 ita
1397 2522 1446 2554 ait
1463 2532 1470 2552 :
1498 2521 1586 2554 Haec
1602 2526 1658 2554 est

948 2572 1058 2605 Indiae
1075 2572 1204 2605 victrix
1227 2582 1290 2614 per
1304 2572 1449 2614 vestigia
1467 2572 1582 2604 Liberi
1598 2582 1657 2614 pa-

951 2623 1011 2655 tris
1038 2628 1144 2665 atque
1172 2623 1333 2655 Herculis
1363 2628 1534 2664 evagatae.
1581 2624 1658 2656 Nisi

949 2675 1045 2707 malis
1062 2676 1238 2708 columnas
1263 2676 1424 2708 Herculis
1441 2676 1632 2718 intelligere
1648 2687 1656 2706 :

950 2727 1040 2770 qnod
1054 2737 1121 2760 non
1138 2728 1265 2768 placet.
1289 2728 1389 2761 Idem.

993 2780 1056 2809 157
1082 2778 1154 2809 Nili
1168 2777 1276 2818 caput]
1298 2775 1528 2809 Occidentem
1557 2774 1657 2806 intel-

949 2827 1042 2869 ligit:
1067 2837 1145 2860 nam
1164 2828 1261 2859 Nilus
1287 2827 1321 2859 in
1337 2827 1502 2860 extremis
1527 2825 1657 2856 Mauri-

952 2878 1053 2911 taniae
1084 2878 1241 2921 partibus
1264 2880 1384 2919 oritur,
1415 2882 1451 2909 ut
1475 2877 1568 2910 Juha
1595 2885 1656 2907 rex

1495 2932 1514 2960 5
1541 2929 1569 2960 R
