1846 3120
280 240 394 284 1632

283 345 428 378 Caesaris
454 353 555 387 equo,
577 344 651 378 liaec
668 344 865 386 subjungit:
892 349 900 364 ‘
914 345 981 377 cus

275 397 333 437 jits
349 396 452 428 etiam
470 395 576 426 instar
588 404 652 436 pro
663 394 738 426 aede
748 395 893 426 Veneris
910 395 980 427 Ge-

281 447 413 479 nitricis
446 451 567 488 postea
595 442 789 479 dedicavit?
830 446 866 478 Si
893 446 980 478 illius

282 499 402 538 instar,
424 497 489 530 hoc
512 501 566 530 est
590 495 732 539 effigies,
753 495 905 529 nonfuit
930 496 981 528 in—

283 553 356 579 star
384 546 584 589 Bucephali.
627 546 728 589 Saepe
753 557 836 589 ergo
865 547 981 579 existi-

282 597 372 629 mavi
401 597 547 630 Statium
573 607 641 630 non
657 597 752 640 vloqui
768 596 811 630 de
826 606 893 629 uno
909 601 983 628 tau-

282 653 357 681 tum
379 657 479 690 equo,
509 647 570 680 sed
597 648 643 680 de
665 647 817 688 duobus;
840 652 876 679 et
905 656 981 679 cum

284 698 354 731 ait:
368 698 378 717 ‘
392 698 503 731 Quem
522 698 659 731 tradere
675 707 711 731 es
728 707 828 730 ausus
852 697 983 729 Pellaeo

283 749 438 791 Lysippe
453 748 531 780 duci
544 749 572 780 :'
595 748 677 781 illud
691 747 815 790 (quem)
827 757 896 779 non
908 756 983 779 esse

284 798 504 832 referendum
520 799 562 831 ad
576 799 669 831 illum
684 798 830 831 Caesaris
845 806 983 839 equum,

286 850 329 883 de
361 860 427 892 quo
450 849 663 891 praecedenti
689 858 790 881 versu
816 847 984 884 meminit.

285 899 346 932 sed
362 900 405 931 de
421 898 619 940 Bucephalo
629 897 816 931 Alexandri
830 907 917 939 equo
933 897 984 928 in-

286 948 522 991 telligendum,
544 954 648 990 atque
667 946 755 981 adeo
781 948 984 990 particulam

284 1003 316 1032 et
327 998 608 1039 subaudiendam,
620 1002 680 1030 aut
690 997 791 1030 etiam
803 997 927 1029 leviter
937 997 986 1029 in-

285 1042 532 1088 terserendam,
546 1049 612 1081 hoc
627 1047 726 1080 modo
743 1059 752 1080 :
779 1048 878 1080 Cedat
890 1057 986 1090 equus

285 1099 391 1131 Latiae
415 1100 468 1141 qui
483 1102 590 1130 contra
610 1098 723 1139 templa
745 1098 865 1130 Diones
880 1099 987 1130 Coesa-

286 1149 335 1181 rei
360 1152 425 1188 stat
448 1150 519 1180 sede
531 1148 614 1189 fori.
642 1151 673 1180 et
702 1157 791 1189 quem
813 1149 937 1180 tradere
956 1157 989 1179 es

286 1210 380 1232 ausus
406 1200 524 1231 Pelloeo
551 1199 690 1241 Lysippo
723 1199 806 1231 duci.
849 1198 918 1238 Sic,
949 1202 988 1231 ut

288 1250 431 1282 duorum
447 1259 609 1292 equorum
635 1250 690 1281 liic
713 1249 921 1281 mentionem
938 1248 988 1281 fa-

288 1301 359 1340 ciat
372 1300 502 1333 Poeta:
522 1300 646 1340 Cedat,
660 1299 781 1342 inquit,
795 1307 901 1341 equus
913 1300 988 1332 Cae-

287 1350 385 1391 saris,
412 1350 471 1392 qui
495 1353 577 1382 ante
598 1349 704 1382 aedem
721 1350 868 1381 Veneris
884 1349 990 1382 Geni-

291 1399 398 1432 tricis.
444 1399 490 1431 Et
505 1399 606 1431 cedat
631 1399 733 1432 etiam
756 1409 861 1441 equus
884 1399 990 1432 Alex-

291 1449 401 1488 andri,
426 1459 527 1492 quem
549 1449 722 1491 Lysippus
751 1450 800 1481 illi
827 1449 923 1490 fecit,
953 1453 990 1482 et

289 1500 348 1542 qui
374 1504 454 1541 post
479 1498 670 1531 Alexandri
693 1499 822 1531 obitum
846 1499 989 1532 Romam

290 1549 438 1590 delatus,
462 1552 496 1580 et
519 1549 707 1588 inauratus,
730 1549 877 1586 Neronis
899 1550 989 1591 Imp.

291 1598 438 1640 effigiem
470 1599 563 1631 tulit.
606 1600 663 1631 Ita
696 1600 785 1631 enirn
821 1600 990 1642 iuterpre-

290 1651 406 1687 tanda‚
422 1659 498 1692 quae
521 1655 712 1691 sequuntur
729 1661 739 1682 ι
765 1661 838 1682 mox
855 1651 992 1682 Coesaris

290 1711 347 1735 ora
361 1701 483 1734 Aurata
498 1701 617 1733 cervice
628 1701 712 1733 tulit.
759 1701 868 1742 Hujus
883 1702 990 1733 inter-

289 1751 494 1792 pretationis
523 1751 603 1782 mihi
626 1755 745 1783 auctor
767 1755 821 1783 est
848 1751 992 1791 Plinius,

292 1800 352 1832 lib.
369 1809 500 1842 xxxxv.
515 1809 591 1842 cap.
608 1803 641 1831 8.
657 1800 700 1832 de
717 1800 879 1842 Lysippo.
923 1800 990 1832 Sed

291 1860 335 1882 ne
350 1850 425 1882 haec
447 1850 686 1891 interpretatio
704 1855 818 1882 nostra
833 1850 914 1882 milii
930 1860 991 1891 per

292 1900 406 1939 omnia
421 1899 618 1937 satisfaciat,
642 1901 786 1933 suadent
810 1901 992 1943 sequentia

290 1950 393 1984 Statii
410 1950 512 1982 verba
528 1962 536 1982 :
559 1951 617 1982 vix
638 1951 752 1983 lumine
769 1950 857 1990 sesso
874 1952 991 1993 Explo-

291 2009 353 2036 res,
375 2010 468 2041 quam
495 2000 605 2041 longus
624 2001 659 2033 in
680 2002 759 2034 hunc
780 2003 939 2043 despectus
953 2002 992 2034 ab

292 2050 357 2084 ino.
403 2050 504 2084 Quod
527 2052 555 2082 si
579 2050 664 2083 duos
689 2052 765 2083 illos
787 2061 893 2094 equos
918 2052 992 2084 Cae·

293 2100 378 2131 saris
403 2103 440 2131 et
466 2099 655 2132 Alexandri
677 2110 754 2133 curn
781 2101 846 2133 hoc
871 2102 992 2134 Domi-

294 2149 377 2191 tiani
408 2150 611 2182 contulisset
638 2149 781 2191 Statius,
810 2150 992 2183 dicendum

293 2199 417 2232 fuisset
432 2200 634 2242 pluraliter:
657 2211 748 2243 quam
768 2203 879 2243 longus
889 2201 925 2237 in
937 2203 993 2234 hos

293 2251 456 2292 despectus
475 2251 514 2281 ab
537 2251 602 2283 illo.
646 2252 785 2285 Deinde
800 2252 904 2284 ambos
920 2256 991 2284 tau-

294 2306 367 2332 tum
393 2305 550 2339 numerat
575 2302 730 2344 sequenti
756 2312 878 2336 versu:
911 2303 993 2339 Quis

293 2351 384 2384 rudis
409 2361 503 2392 usque
525 2353 612 2392 adeo,
638 2353 692 2393 qui
719 2363 793 2394 non,
821 2356 856 2385 ut
876 2352 993 2385 viderit

294 2402 428 2447 ambos„
445 2403 577 2434 Tantum
604 2403 816 2445 dicat-equos,
845 2406 993 2445 quantum

294 2454 414 2485 distare
429 2455 596 2493 regentes?
627 2453 715 2485 Haeo
729 2454 842 2487 omnia
854 2464 907 2486 me
924 2464 994 2499 mo-

294 2507 389 2543 vent,
405 2507 443 2534 ut
457 2512 523 2535 non
536 2503 715 2547 displiceat
729 2504 808 2536 milii
821 2505 992 2537 sententia

296 2555 436 2586 Clariss.
459 2555 592 2587 Heinsii
616 2555 734 2597 nostri,
753 2562 789 2588 et
805 2558 846 2590 P.
860 2558 993 2590 Scrive-

296 2604 351 2641 rii,
366 2606 424 2646 qui
436 2608 511 2640 >tres
526 2605 601 2637 illos
617 2615 753 2638 versus:
770 2617 858 2648 quem
870 2609 994 2639 tradere

297 2664 329 2686 es
343 2664 437 2686 ausus
454 2655 568 2687 Pelcaeo
585 2656 723 2697 Lysippe
737 2657 822 2697 duci,
835 2662 908 2690 m'ox
924 2658 993 2689 Coe-

295 2706 377 2738 saris
398 2715 452 2736 ora
467 2705 588 2737 Aurata
602 2706 719 2739 cervice
731 2708 816 2747 tulit,
832 2707 993 2740 insititios

297 2759 431 2795 putant,
451 2759 486 2787 et
503 2757 647 2797 margini
664 2757 707 2789 ab
723 2757 863 2791 indocto
880 2758 994 2800 aliquo

295 2804 434 2837 librario
456 2805 636 2848 appositis,
657 2806 783 2840 deinde
806 2808 839 2840 iu
864 2812 995 2841 textum

743 250 885 282 NOTAE
915 249 1183 282 VAmoRuM
1218 249 1270 281 n(

1030 345 1218 387 irrepsisse,
1251 349 1288 378 et
1323 345 1500 388 scripsisse
1534 343 1686 378 statius
1710 354 1725 378 ε

1033 396 1136 428 Cedat
1162 406 1268 437 equus,
1290 396 1393 429 Latiar
1417 397 1470 438 qui
1490 399 1598 428 contra
1613 393 1731 439 impii

1032 446 1155 485 Diones
1171 446 1308 478 Goesm'es‘
1332 449 1398 478 stat
1418 447 1487 478 sede
1505 445 1594 484 sori:
1608 445 1665 478 aia·
1677 446 1729 478 h-

1030 495 1112 527 mine
1130 495 1217 534 fesso
1245 495 1410 536 Eat-plores,
1438 505 1530 537 quam
1560 495 1728 536 lonensi!

1031 545 1111 578 hanc
1124 547 1283 586 despectus
1295 545 1334 577 ab
1345 546 1412 583 illo·
1436 545 1583 578 Gevaru
1646 570 1648 572 -
1692 552 1695 555 ’

1074 598 1114 627 85
1141 594 1241 631 Quem
1267 596 1390 627 tradere
1413 604 1446 626 es
1469 593 1579 636 ausu]
1601 595 1674 637 Mn
1692 594 1728 627 iu

1032 644 1197 677 Biblioth.
1235 645 1349 677 Ducis'
1371 644 1544 677 He‘truriae
1571 649 1607 676 et
1625 644 1735 677 *Roma

1032 694 1147 729 codex.
1157 695 1528 737 Venetusque'veteres
1543 694 1705 727 exhibent
1717 702 1729 726 ε

1032 751 1135 785 quem·
1157 745 1290 777 traderis
1315 754 1408 777 aum
1440 745 1570 777 Pella-w·
1594 744 1733 788 Lysippe'

1033 795 1132 828 Daci.
1177 795 1277 829 Quod
1293 795 1391 828 Statii
1407 804 1474 828 non
1489 803 1565 827 esse
1578 795 1635 826 vix
1650 798 1730 836 per-

1019 845 1190 878 suadeor.
1234 845 1374 878 Phrasis
1389 846 1480 879 illius
1496 845 1562 878 oevi
1578 845 1730 888 propria,

1034 897 1129 928 velut
1157 902 1192 929 et
1223 896 1389 939 frequens
1409 897 1555 929 Tse-11⁶„
1582 894 1642 928 Ita
1660 895 1732 929 eie-

1034 948 1231 988 gautissime
1260 947 1404 989 dictum,
1435 947 1527 990 quod
1548 941 1732 990 ‘laysippu's

1034 997 1271 1039 Bucephalum
1301 998 1350 1030 in'
1373 998 1517 1040 gratiam
1544 997 1618 1030 vel
1619 996 1737 1039 'jussu'

1035 1046 1156 1080 Pellaei
1185 1047 1293 1081 Ducis
1319 1057 1412 1081 uum
1431 1048 1494 1088 sit,
1507 1046 1566 1080 -id
1579 1051 1644 1088 est,
1661 1055 1738 1080 nou·

1035 1097 1188 1130 timuerit
1209 1097 1353 1140 fingere.
1397 1097 1549 1131 smmis
1565 1097 1626 1130 'est
1639 1095 1734 1139 dice-

1035 1147 1095 1188 ris,
1109 1157 1209 1190 quem
1225 1147 1316 1185 fama
1329 1148 1410 1181 fert
1419 1152 1455 1181 te
1467 1155 1591 1181 ausum
1602 1136 1732 1181 Pelliee

1036 1199 1140 1231 Duci.
1163 1199 1304 1232 Gronov.
1318 1200 1352 1231 in
1361 1199 1476 1231 Diatr.
1522 1219 1528 1227 -
1568 1223 1580 1236 .,

1044 1270 1046 1273 >
1078 1250 1122 1280 86
1144 1247 1292 1290 Lysippe]
1324 1247 1496 1291 Lysippus
1531 1247 1734 1280 nobilitatur

1037 1298 1182 1331 tibicina
1207 1299 1395 1331 temulenta
1421 1307 1535 1341 quam
1533 1298 1730 1340 expressit.
1736 1315 1739 1318 ·

1036 1349 1092 1381 hic
1106 1348 1191 1382 fecit
1205 1354 1369 1382 sexcenta
1382 1353 1419 1382 et
1434 1357 1470 1382 x.
1484 1357 1590 1392 opera
1603 1353 1739 1382 statum·

1038 1398 1102 1430 ria.
1147 1397 1380 1431 Alexandrum
1418 1399 1583 1440 Magnum
1617 1398 1736 1431 multis

1038 1448 1201 1490 operibus
1216 1447 1361 1490 effinxit,
1377 1457 1397 1481 a
1419 1449 1568 1491 pueritia
1577 1448 1657 1490 ejus
1678 1458 1732 1480 or-

1038 1503 1106 1538 sus,
1123 1501 1307 1544 quadrigas
1325 1501 1409 1533 item
1429 1499 1616 1532 ‘multorum
1632 1506 1737 1542 genea

1039 1561 1125 1584 rum.
1169 1551 1254 1583 Vult
1281 1550 1388 1592 igitur
1422 1547 1589 1591 Papinius
1611 1548 1736 1582 «videri

1039 1603 1227 1644 Lysippum
1264 1600 1580 1643 praestantissimum
1604 1602 1736 1633 statua-

1040 1653 1140 1692 rium,
1149 1662 1170 1684 a
1186 1661 1252 1694 quo
1265 1652 1336 1683 solo
1349 1650 1546 1683 Alexander
1557 1648 1661 1693 opera
1675 1660 1736 1683 sua

1039 1702 1149 1758 sculpi
1177 1702 1298 1742 voluit,
1323 1706 1362 1733 ut
1384 1701 1434 1733 ait
1463 1700 1607 1742 Plinius,
1633 1701 1734 1743 huJus
1764 1736 1766 1738 v

1040 1751 1116 1794 equi
1133 1752 1281 1784 Caesarei
1300 1750 1404 1783 fuisse
1421 1749 1588 1792 opificem.
1626 1750 1737 1783 Domi-

1039 1803 1116 1834 tius.

1082 1857 1124 1886 94
1147 1855 1233 1887 Dum
1266 1855 1402 1887 Romana
1428 1854 1512 1896 dies]
1531 1853 1587 1886 Ad
1606 1855 1738 1898 opinio·

1040 1913 1117 1936 nem
1133 1909 1301 1945 veterum,
1320 1906 1376 1947 qui
1401 1914 1467 1937 non
1487 1904 1666 1947 imperium
1682 1914 1736 1937 so-

1039 1954 1109 1985 lum
1126 1955 1326 1995 Romanum,
1351 1954 1412 1986 sed
1435 1958 1471 1986 et
1493 1954 1609 1986 urbem
1628 1953 1735 1995 ipsam

1041 2002 1210 2046 nunquam
1225 2004 1438 2037 interituram
1461 1999 1662 2045 credebant,
1675 2013 1736 2036 un-

1041 2055 1091 2086 de-
1114 2059 1150 2086 et
1170 2054 1358 2096 epithetum
1394 2053 1576 2087 ‘aeternas'
1609 2050 1736 2095 passim

1040 2104 1116 2136 urbi
1131 2104 1258 2136 datum.
1272 2104 1340 2136 vid.
1354 2104 1566 2139 Ammianum
1577 2104 1739 2137 Marcelh

1040 2154 1099 2186 lib.
1126 2163 1203 2187 xvi.
1236 2154 1387 2187 Bernart.
1431 2154 1496 2187 Sub
1520 2157 1610 2187 nocte
1633 2154 1739 2186 silenti

1044 2205 1124 2237 Cam
1157 2205 1276 2246 superis
1313 2209 1435 2237 terrena
1467 2204 1606 2247 placens]
1638 2205 1738 2237 Tem-

1042 2264 1104 2296 pus
1120 2261 1320 2287 nocturuum
1337 2255 1542 2288 credebatur
1557 2259 1736 2297 acceptum

1042 2305 1129 2346 Diis,
1142 2309 1180 2337 ut
1195 2306 1282 2338 coelo
1295 2306 1557 2347 descenderent,
1569 2310 1607 2337 et
1623 2305 1657 2337 iu
1670 2309 1739 2337 ter-

1042 2355 1088 2387 ris
1102 2355 1505 2396 velutexspatiarentur.
1549 2354 1639 2387 Vide
1665 2354 1737 2386 Ad·

1042 2406 1265 2439 versariorum
1287 2406 1345 2439 lib.
1361 2414 1521 2438 cxxviii.
1539 2410 1615 2446 cap.
1633 2407 1685 2438 15.
1701 2409 1739 2436 et

1041 2457 1076 2490 in
1105 2457 1292 2489 Recensito
1321 2456 1510 2489 Claudiano
1536 2455 1578 2488 ad
1603 2455 1737 2488 Bellum

1042 2507 1272 2540 Gildoaicum.
1322 2506 1412 2539 Item
1443 2507 1478 2539 in
1503 2506 1650 2539 Advers.
1676 2505 1737 2537 lib.

1043 2567 1102 2591 ¹1¹.
1117 2567 1191 2599 cap.
1208 2561 1241 2589 3.
1254 2556 1314 2589 lib.
1329 2565 1399 2589 tvi.
1414 2566 1490 2598 cap.
1505 2560 1537 2589 7.
1579 2556 1739 2598 Itemque

1043 2608 1136 2640 aiibi.
1166 2608 1266 2641 -Quae
1291 2608 1358 2640 huc
1376 2612 1535 2648 repetere
1548 2616 1615 2639 nou
1626 2611 1738 2639 vacat.

1043 2658 1132 2690 Item
1162 2657 1204 2689 ad
1232 2656 1442 2689 Thebaidem
1465 2656 1597 2698 Nostri,
1617 2656 1677 2689 lib.
1702 2663 1738 2689 v&

1044 2716 1092 2738 vs.
1108 2705 1159 2739 64.
1183 2708 1299 2739 Barth.
1469 2747 1471 2749 Ι

1086 2759 1150 2797 100
1171 2757 1306 2799 Apellea
1318 2758 1412 2800 ceroe]
1431 2756 1582 2799 Cuperet
1595 2756 1740 2801 (inquii)

1046 2806 1184 2849 Apelles
1198 2806 1353 2841 habuisse
1370 2812 1440 2841 tam
1455 2805 1638 2850 gloriosum
1653 2807 1740 2841 artis
