1858 3112
242 264 354 310 1'738

239 371 424 403 ‘Faustum
445 370 554 412 Synae·
578 367 708 402 felicis*
723 370 772 403 fit.
796 381 840 403 ex
862 372 939 404 Me‘-

241 422 336 461 tella,
362 422 372 438 ⁴
390 420 632 452 nobilissimum
662 421 913 454 adolescentem
932 422 941 436 ¹

240 471 401 507 nominat,
418 476 454 502 et
472 471 482 490 ‘
498 472 682 503 Dominum
705 473 796 513 epuli
814 474 940 514 magni-

239 519 450 552 ficentissimi
463 519 471 532 ’
493 519 589 552 facit.
613 521 665 551 De
682 521 824 552 mollitie
840 528 874 553 et
889 532 941 554 so-

239 570 358 602 cordia
374 570 413 602 L.
430 570 532 612 syllae
547 571 582 601 in
597 571 762 603 conviviis
789 577 939 613 tempes-

240 620 333 659 rivis,
364 619 453 651 idem
485 617 707 660 Plutarchus,
736 620 801 652 Οὐκ
829 621 867 659 ἦν
894 624 939 662 τῷ

238 669 346 713 Σύλλᾳ
358 670 428 712 περὶ
446 672 567 703 δεῖπνον
577 670 642 704 ὄντι
654 671 829 714 χρήσασθαι
843 684 938 706 σπου-

236 723 323 754 δαῖον
332 720 428 754 οὐδέν.
451 722 581 753 Morou.

281 774 324 804 90
362 772 435 803 Non
458 772 530 803 aula
568 771 702 812 quidem,
726 773 796 814 ξω]
835 772 937 815 Apud

235 823 416 855 Vindicem
436 823 620 855 Dominum
641 825 735 866 Signi
760 825 828 857 tui:
857 826 886 857 is
903 828 938 858 e'-

235 874 304 906 nim
327 884 393 906 nou
414 884 457 906 ex
487 875 527 906 iis
555 879 620 915 est,
642 876 698 917 qui
719 877 729 894 ‘
746 878 938 910 Penetrant

238 924 333 957 aulas
374 929 410 956 et
440 925 555 957 limina
591 926 747 966 Regum.’
787 928 797 945 ‘
813 929 937 970 Regius

235 974 362 1007 honos'
389 975 430 1006 ab
445 974 638 1016 Ariplirone
662 976 837 1018 Sicyonio,
859 979 937 1010 Pae-

235 1034 300 1056 ane
329 1025 363 1056 in
385 1025 586 1066 Sanitatem,
613 1027 779 1067 praeclare
807 1038 936 1061 nuncu-

235 1079 340 1116 patur
368 1073 463 1116 Χάρις
480 1074 539 1108 τὰς
564 1076 735 1116 εὔδαιμονος
755 1077 937 1120 Ἀνθρῶποις

233 1124 414 1163 βασιληΐδος
434 1125 544 1167 ἀρχάς.
567 1126 615 1158 D.
642 1128 826 1169 Gregorius
850 1130 936 1161 The-

233 1175 278 1206 ol.
306 1176 469 1217 allegoria
493 1178 730 1210 venustissima
752 1179 874 1221 θρόνους
898 1193 936 1221 τε

234 1224 367 1266 κ”ἆρχὰς
391 1231 490 1259 vocat
514 1229 619 1270 καιροῦ
641 1227 786 1270 φρύαγμα
809 1229 934 1264 πίπτον.

233 1275 365 1307 Fusium
378 1278 440 1308 cito
452 1279 622 1310 cadentem.
644 1279 755 1311 Idem.

275 1328 318 1357 94
338 1326 498 1368 Vestinus]
515 1328 579 1360 Cui
594 1329 724 1361 amicus
741 1329 806 1363 fuit
819 1336 933 1363 extre-

232 1385 288 1407 ma
303 1376 408 1407 etiam
424 1376 583 1409 fortuna:
613 1384 647 1410 et
664 1389 753 1412 nunc
768 1381 860 1413 illius
871 1376 933 1414 no-

230 1426 448 1458 men'mo-rtui
470 1428 603 1462 recolit.
647 1429 810 1462 Vestinus
827 1432 933 1463 iuter-

229 1474 342 1508 fectus
358 1477 516 1518 estjussu
533 1478 681 1511 Neronis
694 1480 727 1511 in
741 1483 930 1515 consulatu.

230 1526 357 1559 Odium
381 1528 416 1559 in
437 1537 512 1559 eum
538 1536 743 1571 conceperat
769 1531 931 1574 princeps

227 1577 274 1609 ob
296 1578 430 1610 nimiam
456 1579 698 1613 sodalitatem:
723 1591 799 1614 nam
816 1584 930 1616 Vesti-

230 1637 293 1659 nus
309 1628 381 1669 ejus
404 1628 576 1669 ignaviam
604 1630 849 1664 devinciebat:
872 1634 930 1666 ille

227 1679 405 1711 metuebat
420 1680 518 1712 amici
535 1679 711 1714 ferociam.
756 1684 853 1716 Misit
868 1685 930 1726 igi-

229 1733 284 1760 tur
297 1728 510 1762 Generatum
528 1731 700 1763 tribunum
722 1742 797 1765 cum
814 1735 931 1766 cohor-

226 1782 262 1810 te
285 1783 323 1810 ut
346 1789 422 1811 eum
438 1786 578 1813 necaret
588 1776 602 1813 ἐ
627 1791 703 1814 nam
715 1787 798 1815 tunc
812 1786 930 1825 epula-

226 1828 331 1861 batur
346 1839 422 1862 cum
444 1831 628 1872 juventute
644 1832 779 1865 delecta
795 1835 868 1875 pari
884 1845 928 1866 ae-

224 1883 313 1911 tate.
357 1880 474 1912 Primo
491 1882 639 1914 adventu
669 1884 794 1915 tribuni
808 1885 929 1917 'statim

225 1939 321 1962 veuae
347 1931 508 1964 abscissae
536 1939 613 1964 sunt
632 1934 763 1966 medico
793 1935 927 1968 accito:

224 1980 342 2012 vivens
368 1981 478 2013 adbuc
493 1982 612 2014 balneo
632 1989 812 2024 mer-satus,
837 1986 930 2016 nulla

224 2030 320 2063 edita
338 2041 420 2063 voce
445 2042 512 2073 qua
528 2043 565 2064 se
581 2033 814 2067 miseraretur.
863 2037 929 2068 Par

222 2081 349 2121 magnis
375 2082 480 2124 aquis]
517 2083 556 2115 Id
583 2089 650 2124 est,
680 2087 738 2127 qui
774 2088 927 2127 quamvis

223 2139 450 2174 mergeretur,
463 2129 724 2167 moriturus‘non
737 2137 852 2178 cessit,
861 2146 926 2170 uec

221 2182 334 2214 victus
361 2187 428 2224 est,
452 2188 491 2215 ut
514 2184 616 2215 ullam
641 2195 757 2217 vocem
775 2187 927 2220 emiserit

222 2234 397 2275 indignam
425 2234 509 2266 viro.
567 2235 717 2272 Vindex.
748 2241 785 2269 ut
814 2238 926 2269 innuit

223 2284 402 2324 Papinius,
418 2285 508 2316 inter
522 2294 581 2316 eos
598 2285 745 2326 juvenes
769 2291 853 2328 erat,
868 2288 925 2329 qui

223 2338 305 2366 tunc
328 2344 403 2366 cum
433 2334 575 2366 Vestino
595 2336 833 2376 epulabantur.
858 2338 924 2369 Do-

222 2384 294 2416 mit.

265 2436 327 2464 100
351 2434 467 2465 Iliacas
491 2433 678 2476 Geticasque
706 2437 826 2478 domos]
850 2438 924 2470 Cae-

220 2484 297 2515 dem
328 2485 567 2516 Laomedontis
578 2486 704 2526 Trojae,
720 2491 756 2518 et
783 2487 924 2519 Diome-

222 2534 274 2566 dis
290 2534 446 2565 Tliraciae
470 2535 558 2575 regis
575 2535 750 2576 iutelligit.
773 2536 923 2571 Bernart.

266 2586 324 2615 101
352 2584 566 2624 Quantumque
577 2584 670 2624 jugis
701 2584 924 2628 Erimanthon]

223 2633 309 2665 Cum
325 2642 444 2672 aprum
456 2634 596 2665 occidit.
621 2635 720 2667 Idem.

263 2686 325 2715 102
349 2683 479 2713 Pecoris
486 2693 640 2723 possessor
651 2685 752 2727 Iberi]
766 2686 922 2729 Respicit

216 2733 370 2765 'fabulam
388 2733 556 2765 Gerionis.
574 2735 674 2768 Idem.
910 2741 913 2743 ’

263 2786 325 2815 105
348 2783 458 2824 Libyoe
479 2782 655 2824 Scythioeve
676 2786 805 2828 puellas]
839 2788 922 2821 Dio·

219 2835 321 2867 dotus
337 2833 515 2867 contendit
530 2832 721 2869 Amazonas
736 2847 804 2871 uon
814 2839 921 2873 solum

703 277 846 310 NorAE
880 265 1146 312 §unionum
1179 278 1249 313 m·

989 371 1091 405 fuisse
1103 373 1137 405 in
1149 374 1288 415 Scythia
1303 374 1345 406 ad
1357 369 1689 411 Thermodoontem:

990 423 1050 454 sed
1074 424 1179 456 multo
1202 430 1282 457 aute
1303 425 1405 457 etiam
1426 426 1459 458 in
1478 427 1607 469 Libya:
1629 437 1689 460 eas

990 469 1104 506 autem
1117 475 1201 507 vicit
1217 475 1396 508 Hercules.
1419 477 1606 509 Notissima
1623 478 1689 510 liis-

988 524 1086 555 toria.
1134 525 1203 557 Per
1225 526 1342 567 puellas
1351 526 1461 569 Libye
1475 527 1688 570 Hesperidas

989 573 1163 615 intelligit.
1189 576 1309 609 Domit.

1033 627 1093 655 107
1117 625 1203 657 Soeos‘
1228 636 1289 657 vox
1313 627 1446 659 horrida*
1461 627 1572 670 Sulla]
1594 630 1688 664 Quid

988 673 1158 707 horridius
1182 677 1487 718 proscriptionibus
1502 680 1662 713 >Sullanis
1676 681 1690 714 ?

989 725 1058 757 Hic
1074 725 1116 756 de
1128 726 1261 758 saevitie
1276 727 1572 762 intolerantissime
1588 730 1689 771 glori-

989 779 1065 806 atus
1093 780 1157 817 est,
1187 777 1292 809 etiam
1319 779 1544 821 inscriptione
1573 780 1686 822 sepui-

988 826 1073 866 chri,
1087 827 1121 858 in
1137 837 1259 869 eampo
1274 829 1415 871 Martio,
1431 830 1633 874 quamipse,
1647 836 1687 864 ut

986 874 1076 908 fama
1093 882 1181 917 erat,
1198 877 1406 910 delineatam
1423 879 1573 921 reliquit,
1588 881 1686 922 eujus

988 934 1117 958 summa
1140 926 1219 967 fuit,
1241 931 1369 960 autore·
1387 929 1595 962 Plutarcho:
1631 930 1688 963 ‘ns

985 975 1058 1008 οὔτε
1071 979 1135 1008 τῶν
1149 976 1248 1018 φίλων
1263 989 1310 1010 τις
1324 977 1419 1010 αὐτὸν
1432 977 1468 1010 εὖ
1490 981 1602 1017 rosini»,
1613 980 1686 1013 ott-rs

983 1027 1047 1057 τῶν
1059 1026 1175 1069 ἐχθρῶν
1188 1030 1288 1060 κακῶς
1303 1027 1521 1070 ὑπερεβάλετο.
1536 1031 1677 1064 ΔΜὀῐ·εόί.’

1030 1079 1090 1108 107
1121 1078 1273 1120 Lysippe]
1302 1078 1403 1112 Quod
1429 1079 1599 1122 Lysippus
1613 1080 1684 1114 ‘lieo

985 1126 1116 1168 signum
1129 1127 1263 1168 feeerit,
1278 1133 1427 1160 testatur
1441 1122 1544 1161 etiam
1560 1129 1684 1162 Marti*—

984 1176 1058 1208 alis.
1089 1177 1222 1209 Plinius
1236 1187 1318 1209 saue
1330 1178 1438 1211 tradit
1446 1179 1587 1221 Lysippi
1602 1187 1685 1221 ope-

984 1236 1022 1258 ra
1049 1225 1153 1259 fuisse
1183 1233 1344 1260 sexcenta
1370 1233 1407 1260 et
1432 1229 1574 1262 decem:
1604 1236 1682 1272 qun

982 1276 1117 1317 singula
1132 1277 1203 1319 ejus
1215 1283 1324 1310 artem
1338 1278 1524 1311 nobilitare‘
1536 1279 1685 1321 possent.

983 1327 1106 1359 Domit.

1025 1378 1147 1411 cmm.
1178 1385 1245 1413 vir.
1276 1383 1303 1411 1¹
1324 1381 1455 1418 Jamdiu„
1477 1382 1551 1413 lato-
1565 1381 1685 1414 satiata

981 1430 1101 1470 campo]
1114 1429 1212 1462 Unde
1222 1430 1309 1462 istud
1325 1436 1391 1465 tam
1400 1431 1520 1473 ἄκυρον,
1532 1432 1600 1464 imo
1612 1437 1682 1465 tam

981 1479 1155 1512 inficetum
1167 1485 1204 1513 et
1219 1481 1438 1522 putidnm‚·in
1453 1487 1522 1514 tam
1536 1487 1632 1515 terso
1644 1488 1682 1516 et

981 1531 1090 1571 polito
1101 1531 1267 1572 scriptore
1282 1532 1294 1563 ἓ
1311 1532 1387 1572 Cui,
1401 1541 1467 1564 non
1483 1532 1601 1575 fungo,
1612 1533 1683 1575 pla-

980 1584 1059 1611 ceat
1075 1580 1140 1611 iste
1155 1589 1272 1612 naevus
1295 1581 1328 1613 in
1345 1585 1414 1613 tam
1437 1580 1683 1615 formoso-eor·

980 1631 1086 1671 pore?
1108 1630 1208 1662 Unde
1218 1631 1359 1663 Eratoiu
1369 1633 1472 1663 istum
1484 1632 1684 1671 iocurmjmu-

978 1681 1033 1712 diu
1042 1680 1162 1712 satiata
1170 1681 1260 1713 venit
1270 1682 1282 1712 ?
1294 1682 1379 1715 Quae
1389 1691 1501 1724 aures,
1510 1692 1577 1715 non
1585 1682 1684 1724 ’ἄρου-

978 1741 1039 1771 σοι,
1051 1731 1115 1763 hoc
1125 1731 1328 1764 admittant?
1338 1737 1377 1764 ut
1387 1733 1488 1764 Musa
1499 1743 1517 1764 a
1524 1733 1680 1774 jucundo

977 1786 1014 1813 et
1031 1780 1193 1813 mellifluo
1209 1787 1313 1814 cantu
1329 1792 1452 1814 nomen
1467 1789 1571 1815 nacta
1585 1783 1680 1817 diea-

977 1835 1036 1862 tur
1048 1832 1168 1863 satiata
1187 1842 1312 1873 campox
1338 1834 1434 1875 quasi
1454 1843 1622 1867 nauseans
1643 1835 1680 1868 iu

975 1891 1106 1913 amoeno
1118 1887 1153 1914 et
1169 1892 1297 1915 canoro
1314 1883 1552 1916 Camoenarum
1569 1885 1681 1918 horto·

976 1930 1144 1972 Apagesis
1169 1931 1375 1972 ineptias.et
1401 1932 1542 1965 offucias
1558 1934 1678 1966 verbo·

976 1989 1072 2013 rum.>
1106 1981 1175 2013 Hic
1206 1982 1340 2014 sublato
1371 1983 1503 2015 anxilio*
1522 1983 1679 2016 codicum

975 2031 1166 2072 meliorum,
1180 2032 1303 2072 Erato,
1314 2032 1349 2063 ni
1367 2031 1483 2072 fallor,
1496 2033 1571 2075 ipsa
1584 2034 1679 2076 mihi,

976 2076 1030 2113 rel
1054 2082 1065 2099 ⁴
1081 2081 1247 2122 Cynthius
1276 2091 1394 2116 aurem
1415 2083 1539 2115 Vulsit-
1560 2089 1597 2115 et
1619 2085 1682 2117 ad·

975 2131 1127 2163 monuit'
1169 2131 1315 2163 Statium
1353 2133 1524 2165 alumnum
1566 2143 1676 2175 sunm,

976 2191 1043 2213 nou
1081 2182 1241 2221 satiatam,
1276 2181 1337 2214 sed
1377 2184 1556 2224 spatiatum-
1588 2186 1679 2217 ceci-

975 2233 1087 2264 nisse:
1107 2237 1146 2264 ut
1165 2232 1395 2265 cunctandum
1418 2243 1486 2265 non
1507 2235 1553 2266 sit
1574 2235 1677 2276 profi&

976 2283 1039 2314 teri
1056 2293 1249 2324 germanam
1268 2284 1480 2325 Lectionem,
1497 2290 1533 2317 et
1545 2284 1677 2325 γνήσιον

975 2343 1108 2365 versum
1125 2343 1212 2373 esse,
1221 2334 1353 2365 Jamaiu
1365 2335 1430 2365 lato
1440 2335 1580 2376 spatiata
1593 2345 1676 2368 com-

970 2395 1023 2427 po.
1067 2385 1248 2418 Quomodo
1274 2385 1417 2416 Flaccus
1439 2385 1527 2418 dixit
1544 2397 1558 2418 :·
1575 2382 1675 2420 “'Lae-

974 2441 1030 2467 tus
1053 2440 1092 2467 ut
1118 2436 1151 2466 in
1175 2435 1266 2466 circo
1283 2435 1458 2476 spatiere.'
1501 2436 1563 2469 Ita·
1578 2437 1675 2470 Pm-

973 2487 1107 2519 toriaua
1126 2490 1255 2517 tessera
1275 2484 1356 2527 (P.)
1382 2485 1566 2519 interdicta
1592 2487 1675 2519 ‘un-

974 2536 1053 2568 devi
1067 2535 1076 2550 ’
1103 2535 1137 2567 in
1159 2545 1264 2567 snum
1283 2534 1489 2567 domicilium
1514 2537 1675 2569 restituta

973 2587 1139 2619 Statianae
1154 2586 1264 2617 Musae
1279 2585 1443 2626 spatianti
1458 2585 1569 2618 facem
1587 2596 1674 2628 prae-

972 2635 1071 2668 feret.
1116 2635 1226 2666 Porro
1257 2635 1428 2675 ‘Campus
1455 2636 1564 2667 latus’
1589 2638 1675 2669 dici·

972 2693 1042 2727 tur,
1069 2691 1106 2718 ut
1132 2696 1151 2717 a
1182 2685 1331 2716 Pindaro
1361 2684 1510 2726 ἐξαίρει-ος
1537 2686 1673 2728 χαρίτων

971 2738 1079 2770 κᾶπος.
1124 2736 1240 2776 Campo
1262 2736 1324 2766 lato
1345 2740 1381 2766 et
1400 2736 1501 2767 Circo
1517 2746 1594 2768 mox
1610 2748 1671 2779 op-

971 2790 1145 2830 ponuntur
1176 2785 1311 2817 minores
1328 2786 1417 2826 gyri.
1463 2786 1538 2818 Nec
1571 2797 1671 2820 sensu

972 2835 1125 2871 dissimili
1141 2834 1284 2869 Ciceroz
1307 2834 1490 2869 ‘Homines
1516 2835 1670 2871 effrazna·
