1846 3120
291 217 404 259 1340
787 227 827 257 Ρ.
862 226 1051 258 mmm
1084 227 1246 259 sm‘rn

293 322 409 363 Ecce
431 321 550 363 dies:
583 324 685 362 tunc
705 333 828 363 arma
846 322 1010 375 palam,
1031 325 1137 364 tunc
1157 323 1321 365 ibimus
1340 336 1506 366 omnes.

293 389 382 429 His
402 388 577 430 tandem
596 388 746 429 virtus
749 387 964 441 juvenum
983 389 1169 431 fraenata
1189 390 1370 444 quievit.
1651 390 1742 433 245

293 454 339 496 N
342 467 399 495 on
421 455 547 495 aliter
565 458 688 495 moto
711 467 844 508 quam
866 455 907 496 si
926 460 1054 508 pater
1065 456 1230 498 AEolus
1250 461 1376 498 antro
1684 472 1688 475 ·

291 520 471 561 Portam
491 520 648 561 iterum
669 533 782 562 saxo
803 522 974 574 premat
993 522 1269 575 imperiosus,
1293 524 1338 566 et
1356 536 1482 566 omne

292 586 484 628 Claudat
502 587 599 637 iter,
614 588 710 641 Jam
724 588 820 642 jam
841 590 1121 642 sperantibus
1143 603 1321 644 aequora
1339 592 1496 633 ventiS.

292 652 478 706 Insuper
498 653 762 696 Herculeum
784 656 871 696 sibi
884 655 1032 709 jungit
1050 655 1238 710 Agyllea
1257 662 1380 699 vates

285 717 570 773 Actoraque:
600 721 671 762 hic
690 726 819 776 aptus
839 723 1037 773 suadere,
1057 724 1128 765 hic
1148 725 1304 766 robora
1316 725 1463 779 jactat
1654 726 1741 774 250

289 786 395 828 Non
415 786 601 829 cessisse
616 789 757 841 patri:
789 789 973 830 comites
993 790 1132 831 tribus
1152 791 1303 832 ordine
1324 792 1460 843 deni.
1694 788 1700 793 ’

290 852 573 895 Horrendum
595 853 770 905 Aoniis,
792 860 834 897 et
854 859 1008 897 contra
1026 857 1260 907 stantibuS‚
1275 871 1445 911 agmen.

290 921 415 975 Ipse,
437 921 540 962 novi
560 922 759 974 gradiens
773 923 887 964 furta
907 923 964 965 ad
988 924 1212 966 Mavortia
1232 925 1354 974 belli,

290 986 426 1029 Ponit
445 987 654 1030 adoratas
671 989 875 1030 Phoebea
889 990 1075 1043 insignia
1092 990 1284 1041 frondes,

290 1054 589 1109 Longaevique
610 1056 736 1097 ducis
758 1057 924 1109 gremio
945 1057 1224 1099 commendat
1243 1057 1456 1101 honorem
1571 1093 1573 1095 .
1653 1059 1739 1103 255

291 1121 483 1171 Frontis,
500 1125 545 1163 et
565 1122 760 1164 oblatam
782 1124 1011 1177 Polynicis
1031 1137 1204 1166 munere
1224 1131 1347 1178 grato

285 1189 505 1241 Loricam?
518 1189 777 1244 galeamque
796 1192 939 1232 subit:
969 1192 1089 1233 ferus
1108 1191 1276 1234 Actora
1294 1206 1451 1247 magno

289 1256 406 1297 Ense
426 1262 580 1309 gravat
600 1256 847 1310 Capaneus,
863 1259 959 1312 ipse
978 1258 1093 1300 haud
1114 1259 1319 1312 dignatus
1339 1260 1384 1301 in
1404 1259 1577 1302 hostem

289 1323 360 1364 Ire
377 1322 498 1374 dolo,
519 1323 805 1378 Superosque
827 1325 978 1378 sequi:
1009 1330 1235 1379 permutat.
1254 1325 1467 1380 Agylleus

287 1456 343 1488 bus
357 1457 549 1491 vindicabit.-
571 1463 644 1491 tunc
661 1462 764 1501 palam
775 1470 927 1493 sumemus
944 1470 1032 1493 arma
1039 1471 1052 1499 ‚·
1075 1465 1149 1493 tunc
1163 1462 1267 1493 cuncti
1280 1462 1433 1493 variemus.
1477 1460 1736 1500 Ardor-Juvenum

287 1499 336 1531 his
349 1509 506 1541 repressus
520 1503 643 1534 tandem
654 1507 797 1544 pacatur.
846 1504 890 1535 Ut
905 1513 974 1539 cum
986 1507 1076 1544 pater
1090 1505 1213 1544 AEvIus,
1228 1513 1361 1536 caverna
1371 1505 1507 1543 agitata,
1521 1504 1622 1544 &ntiae
1635 1504 1735 1536 adbuc

285 1543 406 1574 muniat
412 1543 515 1584 fores,
534 1544 727 1585 imperiosus,
748 1549 778 1577 et
789 1546 924 1586 obsepiat
935 1555 1052 1577 omnem
1069 1547 1169 1578 ventis
1180 1547 1310 1587 exitum,
1322 1546 1455 1585 jamiam
1469 1555 1594 1589 ‹equor-a
1609 1546 1736 1578 miscere

285 1586 493 1624 sperantibus.
538 1589 650 1626 Augur
669 1591 821 1629 praeterea
839 1588 969 1620 assumit
991 1589 1117 1620 comites
1129 1589 1296 1630 Agylleum
1310 1589 1462 1621 Herculis
1474 1588 1584 1630 filium
1595 1591 1628 1620 et
1641 1589 1736 1638 Actor

229 1636 238 1644 ·
284 1636 369 1658 rem.-
392 1628 442 1659 hic
454 1628 566 1660 habilis
579 1631 620 1661 ad
637 1632 892 1670 persuadendum,
911 1631 962 1662 hic
973 1630 1129 1671 gloriatur
1143 1631 1224 1663 vires
1238 1631 1348 1663 habere
1358 1640 1421 1663 non
1435 1630 1598 1670 {Mer-iores
1609 1633 1735 1671 patruo.

289 1669 397 1701 Trium
411 1671 571 1712 unicuique
585 1673 687 1703 decem
701 1683 742 1704 ex
756 1673 851 1704 sociis
865 1672 977 1704 tributi
986 1683 997 1704 .·
1011 1672 1215 1711 somnidandu
1235 1672 1328 1706 turba
1346 1672 1501 1717 Thebanis
1519 1675 1629 1708 contra
1641 1675 1735 1709 *sten-

285 1711 379 1744 tibus.
423 1713 496 1753 Ipse
518 1724 621 1753 augur
640 1714 790 1753 gradiens
803 1716 843 1746 nd
857 1715 1081 1747 clandestinam
1094 1715 1214 1746 insoliti
1233 1715 1305 1748 belli
1318 1714 1554 1756 expeditionem,
1579 1713 1669 1749 exuit
1683 1724 1734 1751 ue,-

283 1754 435 1786 nerabiles
447 1766 561 1795 ramos,
578 1756 685 1788 Phoebi
699 1757 849 1796 insignia,
871 1760 903 1788 et
916 1757 1041 1798 deponit
1056 1757 1271 1795 decussrontis
1285 1757 1316 1788 in
1326 1758 1481 1796 gremium
1493 1757 1578 1790 seni·
1592 1757 1736 1796 Adrasti,

286 1799 317 1827 et
332 1797 435 1829 induit
449 1798 596 1830 cassidem
610 1803 641 1830 et
657 1799 793 1838 loricam,
806 1809 880 1840 quas
895 1799 1059 1840 Polynices
1066 1803 1162 1838 grato
1176 1801 1253 1834 dono
1266 1799 1316 1831 iui
1329 1800 1427 1836 dedit.
1472 1799 1561 1832 Trux
1574 1799 1737 1845 Capaneus

283 1843 390 1876 onerat
405 1839 552 1873 Actor-em
566 1841 689 1881 ingenti
699 1842 818 1883 gladio,
841 1851 906 1873 rem
920 1851 953 1873 se
966 1842 1128 1882 indignam
1134 1841 1282 1880 judicans
1297 1842 1414 1880 fraude
1428 1841 1462 1874 in
1481 1842 1582 1875 hostes
1595 1842 1732 1880 tendere,

892 1947 1130 1960 0006000000‘0

285 2016 415 2048 nartius
438 2018 587 2050 correxit
610 2028 652 2049 ex
673 2018 881 2051 eodm—247
906 2020 916 2038 ‘
937 2019 1049 2051 Valde
1070 2020 1259 2060 vulgariter
1279 2019 1341 2050 hoc
1356 2017 1504 2060 (Portam
1524 2016 1652 2059 iterum)
1667 2018 1732 2050 tin·

284 2060 353 2097 nit;
377 2069 441 2091 nec
468 2065 601 2092 mutant
628 2065 742 2092 tamen
768 2062 946 2104 quicquam
973 2062 1073 2094 libri!
1099 2063 1320 2094 Barth-251
1350 2063 1360 2079 ‘
1377 2061 1565 2093 Tentabam
1591 2061 1730 2101 leger-ez

283 2102 383 2135 tribus,
393 2102 500 2134 ordine
513 2103 624 2135 denis!
648 2104 751 2136 Ber-n.
793 2105 802 2121 ‘
820 2105 899 2137 Non
925 2105 1097 2136 intellexit
1112 2105 1202 2146 quod
1231 2109 1363 2136 mutare
1378 2103 1484 2136 voluit
1506 2101 1732 2136 Bernartius!

942 2210 1083 2243 NOTAE

325 2295 389 2325 246
410 2293 536 2336 AEolus]
556 2294 672 2326 AEolus
702 2304 765 2327 rex
788 2300 980 2328 ventorum.
1079 2299 1139 2329 251
1165 2296 1278 2336 Patri]
1300 2295 1455 2328 Herculi.

283 2343 371 2374 Vide
387 2343 568 2385 Virgilium
585 2345 661 2377 AEn.
678 2354 702 2378 r.
1078 2349 1142 2378 252
1164 2345 1291 2386 Aoniis]
1306 2344 1489 2376 Thebanis.
1517 2344 1636 2377 Contra
1646 2348 1732 2378 stan-

324 2395 387 2424 247
412 2394 614 2437 Imperiosus]
650 2395 807 2428 Crudelis
823 2401 861 2428 et
875 2397 980 2438 impe·
1009 2423 1016 2430 .
1035 2395 1133 2435 tibus]
1155 2394 1396 2436 Vigilantibm,
1410 2393 1551 2435 paratis.

283 2442 334 2474 rio
350 2443 597 2485 quodammodo
619 2445 776 2478 abutens.
823 2447 980 2479 Claudia·
1076 2448 1140 2477 254
1162 2445 1319 2477 Adoratas
1334 2443 1484 2484 frondes]
1521 2442 1652 2476 Laurus
1681 2443 1732 2477 in-

282 2501 367 2524 nus:
404 2495 414 2510 ⁶
428 2494 542 2534 Eques
566 2494 707 2526 Gelonis
743 2496 980 2537 imperiosior!
1036 2496 1145 2538 signia
1160 2495 1375 2527 sacerdotnm
1392 2493 1582 2535 Apollonis.

283 2542 462 2575 Strenuior
476 2553 598 2585 nempe
614 2549 649 2576 et
666 2545 830 2578 strictior.
1077 2549 1140 2578 255
1164 2545 1315 2585 Longaevz·
1330 2543 1431 2584 ducis]
1464 2543 1618 2576 Adrasti.
1661 2544 1731 2575 Ho-

326 2596 390 2626 249
423 2593 611 2626 Herculeum
632 2595 782 2636 Agyllea]
819 2596 983 2638 Agylleus
1035 2605 1140 2627 norem
1155 2592 1301 2634 Frontis]
1322 2592 1468 2625 Infulam
1485 2602 1526 2625 ac
1543 2593 1732 2637 vittasqni-

285 2644 373 2676 enim
397 2643 558 2684 jactabat
579 2655 616 2677 se
635 2654 710 2677 esse
735 2647 897 2679 Herculis
921 2647 983 2679 fili·
1037 2646 1099 2677 bus
1112 2644 1204 2677 frons
1217 2648 1350 2675 ornata.

283 2703 352 2725 um.
396 2693 485 2725 Vide
500 2693 610 2727 Theb.
634 2704 685 2728 vr.
736 2696 847 2738 Vates]
882 2697 981 2730 Thio-
1078 2698 1142 2727 259
1163 2695 1355 2735 Superosque
1378 2693 1480 2734 sequi]
1522 2692 1731 2735 Depingitur

284 2744 413 2776 damas.
1036 2745 1126 2777 enim
1142 2744 1264 2786 ubique
1286 2744 1296 2761 ‘
1309 2747 1502 2776 contemtor
1516 2742 1690 2776 Deorum.'
