<?xml version="1.0" encoding="UTF-8"?>
<!DOCTYPE html PUBLIC "-//W3C//DTD XHTML 1.0 Transitional//EN"
    "http://www.w3.org/TR/xhtml1/DTD/xhtml1-transitional.dtd">
<html xmlns="http://www.w3.org/1999/xhtml" xml:lang="en" lang="en">
 <head>
  <title>
</title>
<meta http-equiv="Content-Type" content="text/html;charset=utf-8" />
  <meta name='ocr-system' content='tesseract 3.04.00' />
  <meta name='ocr-capabilities' content='ocr_page ocr_carea ocr_par ocr_line ocrx_word'/>
</head>
<body>
  <div class='ocr_page' id='page_1' title='image "./operaomniaexedit03statuoft_0583.png"; bbox 0 0 1858 3112; ppageno 0'>
   <div class='ocr_carea' id='block_1_1' title="bbox 0 0 93 3112">
    <p class='ocr_par' dir='ltr' id='par_1_1' title="bbox 0 0 93 3112">
     <span class='ocr_line' id='line_1_1' title="bbox 0 0 93 3112; baseline 0 0"><span class='ocrx_word' id='word_1_1' title='bbox 0 0 93 3112; x_wconf 95' lang='lat' dir='ltr'> </span> 
     </span>
    </p>
   </div>
   <div class='ocr_carea' id='block_1_2' title="bbox 446 217 1375 260">
    <p class='ocr_par' dir='ltr' id='par_1_2' title="bbox 446 217 1375 260">
     <span class='ocr_line' id='line_1_2' title="bbox 446 217 1375 260; baseline -0.002 0"><span class='ocrx_word' id='word_1_2' title='bbox 446 228 488 260; x_wconf 70' lang='grc' dir='ltr'>ι’.</span> <span class='ocrx_word' id='word_1_3' title='bbox 520 224 712 260; x_wconf 66' lang='lat' dir='ltr'>mmm]</span> <span class='ocrx_word' id='word_1_4' title='bbox 747 226 913 259; x_wconf 73' lang='lat' dir='ltr'>STA&#39;ru</span> <span class='ocrx_word' id='word_1_5' title='bbox 949 227 1095 259; x_wconf 70' lang='lat' dir='ltr'><strong>SYLv.</strong></span> <span class='ocrx_word' id='word_1_6' title='bbox 1129 228 1304 258; x_wconf 79' lang='lat' dir='ltr'>L18.11.</span> <span class='ocrx_word' id='word_1_7' title='bbox 1335 217 1375 259; x_wconf 87' lang='grc'>3.</span> 
     </span>
    </p>
   </div>
   <div class='ocr_carea' id='block_1_3' title="bbox 125 311 887 2858">
    <p class='ocr_par' dir='ltr' id='par_1_3' title="bbox 174 311 885 358">
     <span class='ocr_line' id='line_1_3' title="bbox 174 311 885 358; baseline -0.003 -1"><span class='ocrx_word' id='word_1_8' title='bbox 174 311 257 358; x_wconf 67' lang='lat' dir='ltr'>buit·</span> <span class='ocrx_word' id='word_1_9' title='bbox 278 323 313 357; x_wconf 87' lang='lat' dir='ltr'>in</span> <span class='ocrx_word' id='word_1_10' title='bbox 335 321 522 356; x_wconf 76' lang='lat' dir='ltr'>Aventino.</span> <span class='ocrx_word' id='word_1_11' title='bbox 551 322 655 356; x_wconf 81' lang='lat' dir='ltr'>Ovid.</span> <span class='ocrx_word' id='word_1_12' title='bbox 682 322 818 355; x_wconf 85' lang='lat' dir='ltr'>‘Cacus</span> <span class='ocrx_word' id='word_1_13' title='bbox 837 321 885 355; x_wconf 84' lang='lat' dir='ltr'>A·</span> 
     </span>
    </p>

    <p class='ocr_par' dir='ltr' id='par_1_4' title="bbox 177 372 887 416">
     <span class='ocr_line' id='line_1_4' title="bbox 177 372 887 416; baseline 0 -10"><span class='ocrx_word' id='word_1_14' title='bbox 177 373 326 408; x_wconf 65' lang='lat' dir='ltr'>rentium</span> <span class='ocrx_word' id='word_1_15' title='bbox 359 373 461 406; x_wconf 85' lang='lat' dir='ltr'>timor</span> <span class='ocrx_word' id='word_1_16' title='bbox 498 383 539 406; x_wconf 80' lang='lat' dir='ltr'>ac</span> <span class='ocrx_word' id='word_1_17' title='bbox 576 373 718 406; x_wconf 84' lang='lat' dir='ltr'>infamia</span> <span class='ocrx_word' id='word_1_18' title='bbox 756 372 887 416; x_wconf 82' lang='lat' dir='ltr'>sylvae.&#39;</span> 
     </span>
    </p>

    <p class='ocr_par' dir='ltr' id='par_1_5' title="bbox 178 473 885 515">
     <span class='ocr_line' id='line_1_5' title="bbox 178 473 885 515; baseline -0.003 -7"><span class='ocrx_word' id='word_1_19' title='bbox 178 481 187 487; x_wconf 75' lang='grc'><strong>“</strong></span> <span class='ocrx_word' id='word_1_20' title='bbox 218 475 262 508; x_wconf 72' lang='lat'>1⁶</span> <span class='ocrx_word' id='word_1_21' title='bbox 281 473 400 507; x_wconf 62' lang='lat' dir='ltr'>Flam</span> <span class='ocrx_word' id='word_1_22' title='bbox 422 473 565 515; x_wconf 69' lang='lat' dir='ltr'>colleg-it]</span> <span class='ocrx_word' id='word_1_23' title='bbox 585 474 705 507; x_wconf 86' lang='lat' dir='ltr'>Prima</span> <span class='ocrx_word' id='word_1_24' title='bbox 725 475 885 507; x_wconf 80' lang='lat' dir='ltr'>Veneta:</span> 
     </span>
    </p>

    <p class='ocr_par' dir='ltr' id='par_1_6' title="bbox 164 524 886 568">
     <span class='ocr_line' id='line_1_6' title="bbox 164 524 886 568; baseline -0.003 -10"><span class='ocrx_word' id='word_1_25' title='bbox 164 525 330 568; x_wconf 60' lang='lat' dir='ltr'>flandae,-</span> <span class='ocrx_word' id='word_1_26' title='bbox 361 525 458 567; x_wconf 82' lang='lat' dir='ltr'>lege:</span> <span class='ocrx_word' id='word_1_27' title='bbox 487 525 608 568; x_wconf 76' lang='lat' dir='ltr'>fluidos</span> <span class='ocrx_word' id='word_1_28' title='bbox 627 524 756 565; x_wconf 71' lang='lat' dir='ltr'>collegit</span> <span class='ocrx_word' id='word_1_29' title='bbox 785 524 886 557; x_wconf 76' lang='lat' dir='ltr'>amio-</span> 
     </span>
    </p>

    <p class='ocr_par' dir='ltr' id='par_1_7' title="bbox 173 574 885 660">
     <span class='ocr_line' id='line_1_7' title="bbox 173 574 885 617; baseline -0.006 -7"><span class='ocrx_word' id='word_1_30' title='bbox 173 574 381 610; x_wconf 63' lang='lat' dir='ltr'>haedrctiu.</span> <span class='ocrx_word' id='word_1_31' title='bbox 414 576 588 617; x_wconf 59' lang='lat' dir='ltr'>pluentes,</span> <span class='ocrx_word' id='word_1_32' title='bbox 602 575 768 608; x_wconf 80' lang='lat' dir='ltr'>sinuosos.</span> <span class='ocrx_word' id='word_1_33' title='bbox 800 575 885 606; x_wconf 84' lang='lat' dir='ltr'>Gro-</span> 
     </span>
     <span class='ocr_line' id='line_1_8' title="bbox 173 626 298 660; baseline -0.008 -1"><span class='ocrx_word' id='word_1_34' title='bbox 173 626 298 660; x_wconf 69' lang='lat' dir='ltr'>mina.</span> 
     </span>
    </p>

    <p class='ocr_par' dir='ltr' id='par_1_8' title="bbox 125 675 884 976">
     <span class='ocr_line' id='line_1_9' title="bbox 125 675 883 723; baseline -0.004 -12"><span class='ocrx_word' id='word_1_35' title='bbox 125 680 127 682; x_wconf 78' lang='grc'><strong>’</strong></span> <span class='ocrx_word' id='word_1_36' title='bbox 179 681 185 687; x_wconf 90' lang='grc'><em>“</em></span> <span class='ocrx_word' id='word_1_37' title='bbox 218 680 262 711; x_wconf 73' lang='lat'>1⁹</span> <span class='ocrx_word' id='word_1_38' title='bbox 282 677 439 723; x_wconf 36' lang='lat' dir='ltr'>Saepta-ia,</span> <span class='ocrx_word' id='word_1_39' title='bbox 458 677 570 719; x_wconf 76' lang='lat' dir='ltr'>librat]</span> <span class='ocrx_word' id='word_1_40' title='bbox 608 675 807 710; x_wconf 80' lang='lat' dir='ltr'>Anhelitum</span> <span class='ocrx_word' id='word_1_41' title='bbox 839 686 883 709; x_wconf 90' lang='lat' dir='ltr'>ex</span> 
     </span>
     <span class='ocr_line' id='line_1_10' title="bbox 174 728 884 770; baseline -0.004 -7"><span class='ocrx_word' id='word_1_42' title='bbox 174 731 278 763; x_wconf 74' lang='lat' dir='ltr'>eursu</span> <span class='ocrx_word' id='word_1_43' title='bbox 299 729 539 762; x_wconf 79' lang='lat' dir='ltr'>vehementem</span> <span class='ocrx_word' id='word_1_44' title='bbox 561 737 783 770; x_wconf 75' lang='lat' dir='ltr'><strong>compescere</strong></span> <span class='ocrx_word' id='word_1_45' title='bbox 805 728 884 761; x_wconf 89' lang='lat' dir='ltr'>niti—</span> 
     </span>
     <span class='ocr_line' id='line_1_11' title="bbox 173 778 882 823; baseline -0.006 -9"><span class='ocrx_word' id='word_1_46' title='bbox 173 785 243 814; x_wconf 78' lang='lat' dir='ltr'>tur.</span> <span class='ocrx_word' id='word_1_47' title='bbox 277 778 361 814; x_wconf 83' lang='lat' dir='ltr'>Pari</span> <span class='ocrx_word' id='word_1_48' title='bbox 374 779 484 823; x_wconf 75' lang='lat' dir='ltr'>figura</span> <span class='ocrx_word' id='word_1_49' title='bbox 501 780 628 813; x_wconf 80' lang='lat' dir='ltr'>Horat.</span> <span class='ocrx_word' id='word_1_50' title='bbox 651 780 662 798; x_wconf 91' lang='lat'>‘</span> <span class='ocrx_word' id='word_1_51' title='bbox 674 779 818 812; x_wconf 78' lang='lat' dir='ltr'><strong>Sublimi</strong></span> <span class='ocrx_word' id='word_1_52' title='bbox 830 778 882 811; x_wconf 86' lang='lat' dir='ltr'>fu-</span> 
     </span>
     <span class='ocr_line' id='line_1_12' title="bbox 172 829 881 874; baseline -0.003 -10"><span class='ocrx_word' id='word_1_53' title='bbox 172 829 247 874; x_wconf 64' lang='lat' dir='ltr'>‘let</span> <span class='ocrx_word' id='word_1_54' title='bbox 257 830 372 864; x_wconf 77' lang='lat' dir='ltr'>mollis</span> <span class='ocrx_word' id='word_1_55' title='bbox 393 830 570 864; x_wconf 68' lang='lat' dir='ltr'>mineum:</span> <span class='ocrx_word' id='word_1_56' title='bbox 614 830 712 862; x_wconf 82' lang='lat' dir='ltr'>Idem</span> <span class='ocrx_word' id='word_1_57' title='bbox 728 830 881 863; x_wconf 80' lang='lat' dir='ltr'><strong>anhelitu</strong></span> 
     </span>
     <span class='ocr_line' id='line_1_13' title="bbox 174 881 881 925; baseline -0.004 -10"><span class='ocrx_word' id='word_1_58' title='bbox 174 881 376 925; x_wconf 71' lang='lat' dir='ltr'>potentiori,</span> <span class='ocrx_word' id='word_1_59' title='bbox 400 890 501 924; x_wconf 83' lang='lat' dir='ltr'>qnam</span> <span class='ocrx_word' id='word_1_60' title='bbox 520 886 558 914; x_wconf 91' lang='lat' dir='ltr'>ut</span> <span class='ocrx_word' id='word_1_61' title='bbox 573 885 612 913; x_wconf 86' lang='lat' dir='ltr'>tu</span> <span class='ocrx_word' id='word_1_62' title='bbox 627 890 705 913; x_wconf 90' lang='lat' dir='ltr'>eum</span> <span class='ocrx_word' id='word_1_63' title='bbox 722 881 831 923; x_wconf 80' lang='lat' dir='ltr'>possis</span> <span class='ocrx_word' id='word_1_64' title='bbox 847 881 881 912; x_wconf 91' lang='lat' dir='ltr'>in</span> 
     </span>
     <span class='ocr_line' id='line_1_14' title="bbox 173 931 664 976; baseline -0.002 -11"><span class='ocrx_word' id='word_1_65' title='bbox 173 931 330 966; x_wconf 75' lang='lat' dir='ltr'>ordinem</span> <span class='ocrx_word' id='word_1_66' title='bbox 345 933 516 976; x_wconf 76' lang='lat' dir='ltr'>redigere.</span> <span class='ocrx_word' id='word_1_67' title='bbox 546 933 664 965; x_wconf 74' lang='lat' dir='ltr'>Barth.</span> 
     </span>
    </p>

    <p class='ocr_par' dir='ltr' id='par_1_9' title="bbox 171 981 883 1169">
     <span class='ocr_line' id='line_1_15' title="bbox 215 981 881 1024; baseline -0.005 -8"><span class='ocrx_word' id='word_1_68' title='bbox 215 985 260 1016; x_wconf 74' lang='lat'>22</span> <span class='ocrx_word' id='word_1_69' title='bbox 280 981 510 1024; x_wconf 68' lang='lat' dir='ltr'>Aventia-«eque</span> <span class='ocrx_word' id='word_1_70' title='bbox 523 983 604 1023; x_wconf 75' lang='lat' dir='ltr'>legit</span> <span class='ocrx_word' id='word_1_71' title='bbox 617 981 753 1023; x_wconf 77' lang='lat' dir='ltr'>vestigia</span> <span class='ocrx_word' id='word_1_72' title='bbox 768 981 881 1022; x_wconf 79' lang='lat' dir='ltr'>terrae]</span> 
     </span>
     <span class='ocr_line' id='line_1_16' title="bbox 171 1032 882 1074; baseline -0.003 -7"><span class='ocrx_word' id='word_1_73' title='bbox 171 1033 293 1074; x_wconf 77' lang='lat' dir='ltr'>Scite3</span> <span class='ocrx_word' id='word_1_74' title='bbox 315 1035 349 1067; x_wconf 81' lang='lat' dir='ltr'>iu</span> <span class='ocrx_word' id='word_1_75' title='bbox 367 1032 540 1066; x_wconf 80' lang='lat' dir='ltr'>Aventino</span> <span class='ocrx_word' id='word_1_76' title='bbox 555 1033 646 1066; x_wconf 89' lang='lat' dir='ltr'>enim</span> <span class='ocrx_word' id='word_1_77' title='bbox 668 1033 782 1066; x_wconf 89' lang='lat' dir='ltr'>Diana</span> <span class='ocrx_word' id='word_1_78' title='bbox 798 1038 882 1065; x_wconf 86' lang='lat' dir='ltr'>tem-</span> 
     </span>
     <span class='ocr_line' id='line_1_17' title="bbox 172 1084 883 1128; baseline -0.003 -10"><span class='ocrx_word' id='word_1_79' title='bbox 172 1085 268 1128; x_wconf 84' lang='lat' dir='ltr'>plum</span> <span class='ocrx_word' id='word_1_80' title='bbox 303 1084 443 1118; x_wconf 80' lang='lat' dir='ltr'>celebre</span> <span class='ocrx_word' id='word_1_81' title='bbox 481 1084 645 1126; x_wconf 79' lang='lat' dir='ltr'>habebat,</span> <span class='ocrx_word' id='word_1_82' title='bbox 689 1090 728 1117; x_wconf 91' lang='lat' dir='ltr'>ut</span> <span class='ocrx_word' id='word_1_83' title='bbox 764 1092 883 1116; x_wconf 83' lang='lat' dir='ltr'>omnes</span> 
     </span>
     <span class='ocr_line' id='line_1_18' title="bbox 173 1135 480 1169; baseline 0 -1"><span class='ocrx_word' id='word_1_84' title='bbox 173 1135 301 1169; x_wconf 72' lang='lat' dir='ltr'>sciunt.</span> <span class='ocrx_word' id='word_1_85' title='bbox 326 1136 480 1168; x_wconf 69' lang='lat' dir='ltr'>Ber-nort.</span> 
     </span>
    </p>

    <p class='ocr_par' dir='ltr' id='par_1_10' title="bbox 172 1185 881 1271">
     <span class='ocr_line' id='line_1_19' title="bbox 215 1185 881 1229; baseline 0 -10"><span class='ocrx_word' id='word_1_86' title='bbox 215 1188 258 1219; x_wconf 73' lang='lat'>2⁶</span> <span class='ocrx_word' id='word_1_87' title='bbox 280 1185 400 1229; x_wconf 69' lang='lat' dir='ltr'>Pecu]</span> <span class='ocrx_word' id='word_1_88' title='bbox 422 1187 572 1227; x_wconf 82' lang='lat' dir='ltr'>Faunos,</span> <span class='ocrx_word' id='word_1_89' title='bbox 581 1185 737 1228; x_wconf 81' lang='lat' dir='ltr'>Satyros,</span> <span class='ocrx_word' id='word_1_90' title='bbox 759 1191 796 1219; x_wconf 84' lang='lat' dir='ltr'>et</span> <span class='ocrx_word' id='word_1_91' title='bbox 813 1186 881 1219; x_wconf 87' lang='lat' dir='ltr'>Pa-</span> 
     </span>
     <span class='ocr_line' id='line_1_20' title="bbox 172 1237 396 1271; baseline 0 -1"><span class='ocrx_word' id='word_1_92' title='bbox 172 1245 247 1271; x_wconf 75' lang='lat' dir='ltr'>nes.</span> <span class='ocrx_word' id='word_1_93' title='bbox 269 1237 396 1271; x_wconf 68' lang='lat' dir='ltr'>Dan-ie.</span> 
     </span>
    </p>

    <p class='ocr_par' dir='ltr' id='par_1_11' title="bbox 214 1287 881 1329">
     <span class='ocr_line' id='line_1_21' title="bbox 214 1287 881 1329; baseline 0 -9"><span class='ocrx_word' id='word_1_94' title='bbox 214 1289 260 1321; x_wconf 70' lang='lat'>⁸8</span> <span class='ocrx_word' id='word_1_95' title='bbox 280 1288 440 1320; x_wconf 61' lang='lat' dir='ltr'>Innitens</span> <span class='ocrx_word' id='word_1_96' title='bbox 455 1287 635 1329; x_wconf 80' lang='lat' dir='ltr'>Bromium]</span> <span class='ocrx_word' id='word_1_97' title='bbox 658 1288 787 1320; x_wconf 86' lang='lat' dir='ltr'>Sensus</span> <span class='ocrx_word' id='word_1_98' title='bbox 805 1298 881 1321; x_wconf 81' lang='lat' dir='ltr'>esse</span> 
     </span>
    </p>

    <p class='ocr_par' dir='ltr' id='par_1_12' title="bbox 167 1339 882 2602">
     <span class='ocr_line' id='line_1_22' title="bbox 172 1339 880 1382; baseline 0.001 -11"><span class='ocrx_word' id='word_1_99' title='bbox 172 1343 312 1382; x_wconf 63' lang='lat' dir='ltr'>potente</span> <span class='ocrx_word' id='word_1_100' title='bbox 337 1339 445 1380; x_wconf 80' lang='lat' dir='ltr'>Pana,</span> <span class='ocrx_word' id='word_1_101' title='bbox 458 1339 517 1381; x_wconf 85' lang='lat' dir='ltr'>qui</span> <span class='ocrx_word' id='word_1_102' title='bbox 531 1348 648 1371; x_wconf 80' lang='lat' dir='ltr'>comes</span> <span class='ocrx_word' id='word_1_103' title='bbox 658 1339 787 1372; x_wconf 83' lang='lat' dir='ltr'>Bacchi</span> <span class='ocrx_word' id='word_1_104' title='bbox 803 1349 880 1372; x_wconf 87' lang='lat' dir='ltr'>esse</span> 
     </span>
     <span class='ocr_line' id='line_1_23' title="bbox 171 1390 881 1432; baseline 0 -10"><span class='ocrx_word' id='word_1_105' title='bbox 171 1390 275 1428; x_wconf 71' lang='lat' dir='ltr'>tolet,</span> <span class='ocrx_word' id='word_1_106' title='bbox 289 1393 513 1432; x_wconf 73' lang='lat' dir='ltr'>conquestum</span> <span class='ocrx_word' id='word_1_107' title='bbox 531 1399 609 1422; x_wconf 85' lang='lat' dir='ltr'>esse</span> <span class='ocrx_word' id='word_1_108' title='bbox 626 1390 800 1422; x_wconf 81' lang='lat' dir='ltr'>Bacchum</span> <span class='ocrx_word' id='word_1_109' title='bbox 815 1390 881 1422; x_wconf 87' lang='lat' dir='ltr'>sibi</span> 
     </span>
     <span class='ocr_line' id='line_1_24' title="bbox 170 1438 881 1483; baseline -0.001 -9"><span class='ocrx_word' id='word_1_110' title='bbox 170 1449 240 1474; x_wconf 77' lang='lat' dir='ltr'>non</span> <span class='ocrx_word' id='word_1_111' title='bbox 273 1438 406 1482; x_wconf 72' lang='lat' dir='ltr'>favere,</span> <span class='ocrx_word' id='word_1_112' title='bbox 434 1444 474 1472; x_wconf 77' lang='lat' dir='ltr'>et</span> <span class='ocrx_word' id='word_1_113' title='bbox 508 1440 631 1473; x_wconf 82' lang='lat' dir='ltr'>adesse</span> <span class='ocrx_word' id='word_1_114' title='bbox 668 1447 705 1473; x_wconf 86' lang='lat' dir='ltr'>ut</span> <span class='ocrx_word' id='word_1_115' title='bbox 742 1446 881 1483; x_wconf 82' lang='lat' dir='ltr'>sperato</span> 
     </span>
     <span class='ocr_line' id='line_1_25' title="bbox 170 1490 881 1534; baseline -0.001 -9"><span class='ocrx_word' id='word_1_116' title='bbox 170 1491 344 1534; x_wconf 61' lang='lat' dir='ltr'>Nympha</span> <span class='ocrx_word' id='word_1_117' title='bbox 374 1492 558 1533; x_wconf 84' lang='lat' dir='ltr'>complexu</span> <span class='ocrx_word' id='word_1_118' title='bbox 586 1490 770 1524; x_wconf 85' lang='lat' dir='ltr'>frueretur.</span> <span class='ocrx_word' id='word_1_119' title='bbox 814 1491 881 1525; x_wconf 85' lang='lat' dir='ltr'>Sed</span> 
     </span>
     <span class='ocr_line' id='line_1_26' title="bbox 171 1541 882 1584; baseline 0 -10"><span class='ocrx_word' id='word_1_120' title='bbox 171 1541 343 1574; x_wconf 75' lang='lat' dir='ltr'>maximus</span> <span class='ocrx_word' id='word_1_121' title='bbox 354 1541 509 1583; x_wconf 71' lang='lat' dir='ltr'>Scaliger</span> <span class='ocrx_word' id='word_1_122' title='bbox 527 1541 570 1573; x_wconf 87' lang='lat' dir='ltr'>ad</span> <span class='ocrx_word' id='word_1_123' title='bbox 582 1541 746 1583; x_wconf 84' lang='lat' dir='ltr'>Propert.</span> <span class='ocrx_word' id='word_1_124' title='bbox 764 1542 882 1584; x_wconf 79' lang='lat' dir='ltr'>legen-</span> 
     </span>
     <span class='ocr_line' id='line_1_27' title="bbox 171 1591 882 1635; baseline 0.003 -11"><span class='ocrx_word' id='word_1_125' title='bbox 171 1592 252 1624; x_wconf 87' lang='lat' dir='ltr'>dum</span> <span class='ocrx_word' id='word_1_126' title='bbox 267 1592 372 1625; x_wconf 83' lang='lat' dir='ltr'>docet</span> <span class='ocrx_word' id='word_1_127' title='bbox 383 1602 394 1624; x_wconf 69' lang='grc' dir='ltr'><strong>ε</strong></span> <span class='ocrx_word' id='word_1_128' title='bbox 417 1591 580 1624; x_wconf 67' lang='lat' dir='ltr'>Innitens</span> <span class='ocrx_word' id='word_1_129' title='bbox 594 1592 720 1635; x_wconf 83' lang='lat' dir='ltr'>Brimo,</span> <span class='ocrx_word' id='word_1_130' title='bbox 734 1594 789 1634; x_wconf 70' lang='lat'>⁸5⁶·</span> <span class='ocrx_word' id='word_1_131' title='bbox 825 1593 882 1635; x_wconf 89' lang='lat' dir='ltr'>Ip-</span> 
     </span>
     <span class='ocr_line' id='line_1_28' title="bbox 172 1642 882 1683; baseline 0.001 -8"><span class='ocrx_word' id='word_1_132' title='bbox 172 1651 248 1675; x_wconf 78' lang='lat' dir='ltr'>sum</span> <span class='ocrx_word' id='word_1_133' title='bbox 268 1642 360 1683; x_wconf 80' lang='lat' dir='ltr'>vide,</span> <span class='ocrx_word' id='word_1_134' title='bbox 381 1649 416 1675; x_wconf 90' lang='lat' dir='ltr'>et</span> <span class='ocrx_word' id='word_1_135' title='bbox 431 1642 629 1675; x_wconf 84' lang='lat' dir='ltr'>Turnebum</span> <span class='ocrx_word' id='word_1_136' title='bbox 649 1642 737 1675; x_wconf 84' lang='lat' dir='ltr'>libro</span> <span class='ocrx_word' id='word_1_137' title='bbox 754 1646 807 1676; x_wconf 89' lang='grc'>11.</span> <span class='ocrx_word' id='word_1_138' title='bbox 826 1653 882 1676; x_wconf 81' lang='lat' dir='ltr'>ra-</span> 
     </span>
     <span class='ocr_line' id='line_1_29' title="bbox 170 1693 882 1736; baseline 0 -10"><span class='ocrx_word' id='word_1_139' title='bbox 170 1693 247 1736; x_wconf 85' lang='lat' dir='ltr'>pite</span> <span class='ocrx_word' id='word_1_140' title='bbox 277 1696 330 1726; x_wconf 75' lang='lat' dir='ltr'>lo.</span> <span class='ocrx_word' id='word_1_141' title='bbox 368 1693 504 1727; x_wconf 75' lang='lat' dir='ltr'>Gemt.</span> <span class='ocrx_word' id='word_1_142' title='bbox 547 1693 676 1727; x_wconf 71' lang='lat' dir='ltr'>Inmite</span> <span class='ocrx_word' id='word_1_143' title='bbox 702 1694 882 1736; x_wconf 81' lang='lat' dir='ltr'><strong><em>Bromium,</em></strong></span> 
     </span>
     <span class='ocr_line' id='line_1_30' title="bbox 169 1744 882 1787; baseline -0.001 -9"><span class='ocrx_word' id='word_1_144' title='bbox 169 1744 243 1787; x_wconf 55' lang='grc' dir='ltr'>ξω]</span> <span class='ocrx_word' id='word_1_145' title='bbox 262 1744 387 1778; x_wconf 77' lang='lat' dir='ltr'>Invitis</span> <span class='ocrx_word' id='word_1_146' title='bbox 403 1745 536 1778; x_wconf 82' lang='lat' dir='ltr'>Gratiis</span> <span class='ocrx_word' id='word_1_147' title='bbox 556 1750 594 1778; x_wconf 93' lang='lat' dir='ltr'>et</span> <span class='ocrx_word' id='word_1_148' title='bbox 613 1746 714 1787; x_wconf 82' lang='lat' dir='ltr'>genio</span> <span class='ocrx_word' id='word_1_149' title='bbox 736 1755 798 1778; x_wconf 89' lang='lat' dir='ltr'>suo</span> <span class='ocrx_word' id='word_1_150' title='bbox 821 1755 882 1778; x_wconf 88' lang='lat' dir='ltr'>nu-</span> 
     </span>
     <span class='ocr_line' id='line_1_31' title="bbox 170 1796 882 1838; baseline 0.001 -10"><span class='ocrx_word' id='word_1_151' title='bbox 170 1805 291 1838; x_wconf 80' lang='lat' dir='ltr'>gacem</span> <span class='ocrx_word' id='word_1_152' title='bbox 315 1797 403 1828; x_wconf 83' lang='lat' dir='ltr'>banc</span> <span class='ocrx_word' id='word_1_153' title='bbox 426 1796 612 1828; x_wconf 88' lang='lat' dir='ltr'>lectionem</span> <span class='ocrx_word' id='word_1_154' title='bbox 633 1805 711 1828; x_wconf 89' lang='lat' dir='ltr'>cum</span> <span class='ocrx_word' id='word_1_155' title='bbox 727 1796 882 1838; x_wconf 83' lang='lat' dir='ltr'>nugacis-</span> 
     </span>
     <span class='ocr_line' id='line_1_32' title="bbox 168 1846 882 1888; baseline 0 -9"><span class='ocrx_word' id='word_1_156' title='bbox 168 1846 254 1880; x_wconf 76' lang='lat' dir='ltr'>sima</span> <span class='ocrx_word' id='word_1_157' title='bbox 268 1846 414 1880; x_wconf 83' lang='lat' dir='ltr'>Domitii</span> <span class='ocrx_word' id='word_1_158' title='bbox 436 1846 670 1888; x_wconf 77' lang='lat' dir='ltr'>explicatione</span> <span class='ocrx_word' id='word_1_159' title='bbox 693 1851 790 1879; x_wconf 85' lang='lat' dir='ltr'>tenet</span> <span class='ocrx_word' id='word_1_160' title='bbox 812 1847 882 1880; x_wconf 86' lang='lat' dir='ltr'>Ge-</span> 
     </span>
     <span class='ocr_line' id='line_1_33' title="bbox 167 1897 881 1939; baseline 0 -9"><span class='ocrx_word' id='word_1_161' title='bbox 167 1897 313 1931; x_wconf 76' lang='lat' dir='ltr'>vartius.</span> <span class='ocrx_word' id='word_1_162' title='bbox 356 1897 472 1930; x_wconf 80' lang='lat' dir='ltr'>Autor</span> <span class='ocrx_word' id='word_1_163' title='bbox 485 1907 573 1939; x_wconf 82' lang='lat' dir='ltr'>sum,</span> <span class='ocrx_word' id='word_1_164' title='bbox 588 1902 627 1930; x_wconf 87' lang='lat' dir='ltr'>ut</span> <span class='ocrx_word' id='word_1_165' title='bbox 643 1898 716 1930; x_wconf 85' lang='lat' dir='ltr'>siue</span> <span class='ocrx_word' id='word_1_166' title='bbox 732 1899 802 1930; x_wconf 84' lang='lat' dir='ltr'>ulla</span> <span class='ocrx_word' id='word_1_167' title='bbox 811 1898 881 1930; x_wconf 81' lang='lat' dir='ltr'>11ae-</span> 
     </span>
     <span class='ocr_line' id='line_1_34' title="bbox 169 1947 882 1991; baseline 0 -11"><span class='ocrx_word' id='word_1_168' title='bbox 169 1947 332 1981; x_wconf 72' lang='lat' dir='ltr'>sitatione</span> <span class='ocrx_word' id='word_1_169' title='bbox 361 1949 396 1981; x_wconf 91' lang='lat' dir='ltr'>in</span> <span class='ocrx_word' id='word_1_170' title='bbox 426 1953 560 1983; x_wconf 81' lang='lat' dir='ltr'>textum</span> <span class='ocrx_word' id='word_1_171' title='bbox 589 1948 781 1991; x_wconf 80' lang='lat' dir='ltr'>recipiatur</span> <span class='ocrx_word' id='word_1_172' title='bbox 809 1948 882 1990; x_wconf 90' lang='lat' dir='ltr'>pal-</span> 
     </span>
     <span class='ocr_line' id='line_1_35' title="bbox 169 1998 879 2042; baseline 0.001 -11"><span class='ocrx_word' id='word_1_173' title='bbox 169 1998 530 2032; x_wconf 67' lang='lat' dir='ltr'>nuria·-ss1ust=·issimi·</span> <span class='ocrx_word' id='word_1_174' title='bbox 557 1999 621 2032; x_wconf 82' lang='lat' dir='ltr'>viri</span> <span class='ocrx_word' id='word_1_175' title='bbox 651 2000 879 2042; x_wconf 80' lang='lat' dir='ltr'>conjectura:</span> 
     </span>
     <span class='ocr_line' id='line_1_36' title="bbox 167 2049 815 2084; baseline 0.005 -3"><span class='ocrx_word' id='word_1_176' title='bbox 167 2049 311 2082; x_wconf 69' lang='lat' dir='ltr'>Invitum</span> <span class='ocrx_word' id='word_1_177' title='bbox 323 2049 449 2083; x_wconf 78' lang='lat' dir='ltr'>Brimo.</span> <span class='ocrx_word' id='word_1_178' title='bbox 480 2050 634 2084; x_wconf 87' lang='lat' dir='ltr'>Gronov.</span> <span class='ocrx_word' id='word_1_179' title='bbox 650 2051 684 2082; x_wconf 91' lang='lat' dir='ltr'>in</span> <span class='ocrx_word' id='word_1_180' title='bbox 702 2051 815 2084; x_wconf 82' lang='lat' dir='ltr'>Diatr.</span> 
     </span>
     <span class='ocr_line' id='line_1_37' title="bbox 174 2101 881 2144; baseline 0 -10"><span class='ocrx_word' id='word_1_181' title='bbox 174 2112 176 2115; x_wconf 94' lang='lat'>·</span> <span class='ocrx_word' id='word_1_182' title='bbox 202 2103 258 2134; x_wconf 75' lang='grc'>-42</span> <span class='ocrx_word' id='word_1_183' title='bbox 281 2101 470 2143; x_wconf 71' lang='lat' dir='ltr'>optatisque</span> <span class='ocrx_word' id='word_1_184' title='bbox 487 2102 630 2143; x_wconf 65' lang='lat' dir='ltr'>saepen-git</span> <span class='ocrx_word' id='word_1_185' title='bbox 642 2101 751 2143; x_wconf 68' lang='lat' dir='ltr'>aquis]</span> <span class='ocrx_word' id='word_1_186' title='bbox 773 2101 881 2144; x_wconf 83' lang='lat' dir='ltr'>Atqui</span> 
     </span>
     <span class='ocr_line' id='line_1_38' title="bbox 170 2152 882 2196; baseline 0 -11"><span class='ocrx_word' id='word_1_187' title='bbox 170 2153 332 2195; x_wconf 79' lang='lat' dir='ltr'>platanus</span> <span class='ocrx_word' id='word_1_188' title='bbox 347 2162 441 2185; x_wconf 78' lang='lat' dir='ltr'>mem</span> <span class='ocrx_word' id='word_1_189' title='bbox 467 2162 604 2196; x_wconf 84' lang='lat' dir='ltr'>quoque</span> <span class='ocrx_word' id='word_1_190' title='bbox 620 2152 733 2185; x_wconf 82' lang='lat' dir='ltr'>infuso</span> <span class='ocrx_word' id='word_1_191' title='bbox 753 2153 882 2185; x_wconf 84' lang='lat' dir='ltr'>enutri-</span> 
     </span>
     <span class='ocr_line' id='line_1_39' title="bbox 170 2203 880 2246; baseline 0.001 -10"><span class='ocrx_word' id='word_1_192' title='bbox 170 2209 240 2236; x_wconf 84' lang='lat' dir='ltr'>tur.</span> <span class='ocrx_word' id='word_1_193' title='bbox 248 2203 386 2237; x_wconf 78' lang='lat' dir='ltr'>Plinius</span> <span class='ocrx_word' id='word_1_194' title='bbox 399 2215 409 2237; x_wconf 69' lang='grc' dir='ltr'>ε</span> <span class='ocrx_word' id='word_1_195' title='bbox 423 2206 437 2223; x_wconf 78' lang='lat'><em>⁶</em></span> <span class='ocrx_word' id='word_1_196' title='bbox 446 2204 672 2246; x_wconf 84' lang='lat' dir='ltr'>Compertum</span> <span class='ocrx_word' id='word_1_197' title='bbox 684 2204 718 2236; x_wconf 91' lang='lat' dir='ltr'>id</span> <span class='ocrx_word' id='word_1_198' title='bbox 731 2205 880 2237; x_wconf 80' lang='lat' dir='ltr'>maxime</span> 
     </span>
     <span class='ocr_line' id='line_1_40' title="bbox 170 2253 882 2296; baseline 0 -9"><span class='ocrx_word' id='word_1_199' title='bbox 170 2254 336 2296; x_wconf 70' lang='lat' dir='ltr'>prodesse</span> <span class='ocrx_word' id='word_1_200' title='bbox 356 2253 554 2288; x_wconf 71' lang='lat' dir='ltr'>radicibus!</span> <span class='ocrx_word' id='word_1_201' title='bbox 587 2255 596 2272; x_wconf 95' lang='lat'>‘</span> <span class='ocrx_word' id='word_1_202' title='bbox 607 2254 729 2287; x_wconf 85' lang='lat' dir='ltr'>Crevit</span> <span class='ocrx_word' id='word_1_203' title='bbox 744 2260 782 2287; x_wconf 89' lang='lat' dir='ltr'>et</span> <span class='ocrx_word' id='word_1_204' title='bbox 797 2253 882 2287; x_wconf 80' lang='lat' dir='ltr'>effu·</span> 
     </span>
     <span class='ocr_line' id='line_1_41' title="bbox 170 2305 881 2348; baseline -0.001 -9"><span class='ocrx_word' id='word_1_205' title='bbox 170 2306 335 2339; x_wconf 59' lang='lat' dir='ltr'>solutior</span> <span class='ocrx_word' id='word_1_206' title='bbox 349 2306 471 2339; x_wconf 87' lang='lat' dir='ltr'>umbra</span> <span class='ocrx_word' id='word_1_207' title='bbox 486 2305 606 2339; x_wconf 87' lang='lat' dir='ltr'>mero.’</span> <span class='ocrx_word' id='word_1_208' title='bbox 627 2305 782 2348; x_wconf 88' lang='lat' dir='ltr'>Philippi</span> <span class='ocrx_word' id='word_1_209' title='bbox 797 2306 881 2348; x_wconf 90' lang='lat' dir='ltr'>Epi-</span> 
     </span>
     <span class='ocr_line' id='line_1_42' title="bbox 172 2356 880 2399; baseline -0.001 -9"><span class='ocrx_word' id='word_1_210' title='bbox 172 2365 326 2399; x_wconf 73' lang='lat' dir='ltr'>gramma</span> <span class='ocrx_word' id='word_1_211' title='bbox 349 2356 511 2389; x_wconf 77' lang='lat' dir='ltr'>festivum</span> <span class='ocrx_word' id='word_1_212' title='bbox 536 2361 688 2389; x_wconf 76' lang='lat' dir='ltr'>testatur</span> <span class='ocrx_word' id='word_1_213' title='bbox 703 2356 880 2398; x_wconf 85' lang='lat' dir='ltr'>platanum</span> 
     </span>
     <span class='ocr_line' id='line_1_43' title="bbox 171 2406 881 2449; baseline -0.001 -9"><span class='ocrx_word' id='word_1_214' title='bbox 171 2417 193 2440; x_wconf 90' lang='lat' dir='ltr'>a</span> <span class='ocrx_word' id='word_1_215' title='bbox 205 2408 318 2440; x_wconf 83' lang='lat' dir='ltr'>ventis</span> <span class='ocrx_word' id='word_1_216' title='bbox 333 2406 501 2449; x_wconf 71' lang='lat' dir='ltr'>dejectam</span> <span class='ocrx_word' id='word_1_217' title='bbox 516 2417 527 2446; x_wconf 69' lang='grc' dir='ltr'><strong>ς</strong></span> <span class='ocrx_word' id='word_1_218' title='bbox 552 2406 670 2439; x_wconf 82' lang='lat' dir='ltr'>vitium</span> <span class='ocrx_word' id='word_1_219' title='bbox 676 2406 780 2448; x_wconf 82' lang='lat' dir='ltr'>juxta</span> <span class='ocrx_word' id='word_1_220' title='bbox 790 2411 881 2439; x_wconf 85' lang='lat' dir='ltr'>sata-</span> 
     </span>
     <span class='ocr_line' id='line_1_44' title="bbox 172 2455 881 2498; baseline -0.003 -8"><span class='ocrx_word' id='word_1_221' title='bbox 172 2466 247 2490; x_wconf 79' lang='lat' dir='ltr'>rum</span> <span class='ocrx_word' id='word_1_222' title='bbox 269 2457 438 2490; x_wconf 78' lang='lat' dir='ltr'>beneflcio</span> <span class='ocrx_word' id='word_1_223' title='bbox 465 2457 590 2489; x_wconf 77' lang='lat' dir='ltr'>iterum</span> <span class='ocrx_word' id='word_1_224' title='bbox 614 2455 819 2498; x_wconf 85' lang='lat' dir='ltr'>effloruisse,</span> <span class='ocrx_word' id='word_1_225' title='bbox 842 2460 881 2489; x_wconf 88' lang='lat' dir='ltr'>ut</span> 
     </span>
     <span class='ocr_line' id='line_1_45' title="bbox 170 2508 880 2551; baseline -0.001 -9"><span class='ocrx_word' id='word_1_226' title='bbox 170 2509 246 2542; x_wconf 69' lang='lat' dir='ltr'>ls&#39;oec</span> <span class='ocrx_word' id='word_1_227' title='bbox 261 2514 393 2550; x_wconf 75' lang='lat' dir='ltr'>nostra,</span> <span class='ocrx_word' id='word_1_228' title='bbox 417 2513 427 2527; x_wconf 79' lang='lat'>⁸</span> <span class='ocrx_word' id='word_1_229' title='bbox 442 2509 642 2551; x_wconf 75' lang='lat' dir='ltr'>Rursusque</span> <span class='ocrx_word' id='word_1_230' title='bbox 655 2508 764 2541; x_wconf 83' lang='lat' dir='ltr'>enode</span> <span class='ocrx_word' id='word_1_231' title='bbox 777 2518 880 2541; x_wconf 83' lang='lat' dir='ltr'>cacu-</span> 
     </span>
     <span class='ocr_line' id='line_1_46' title="bbox 170 2558 735 2602; baseline 0 -10"><span class='ocrx_word' id='word_1_232' title='bbox 170 2567 250 2592; x_wconf 71' lang='lat' dir='ltr'>men</span> <span class='ocrx_word' id='word_1_233' title='bbox 266 2559 452 2600; x_wconf 73' lang='lat' dir='ltr'>Ingeniosa</span> <span class='ocrx_word' id='word_1_234' title='bbox 468 2558 585 2602; x_wconf 59' lang='lat' dir='ltr'>levgtss</span> <span class='ocrx_word' id='word_1_235' title='bbox 611 2559 735 2592; x_wconf 74' lang='lat' dir='ltr'>Mareu.</span> 
     </span>
    </p>

    <p class='ocr_par' dir='ltr' id='par_1_13' title="bbox 144 2608 882 2858">
     <span class='ocr_line' id='line_1_47' title="bbox 144 2608 879 2652; baseline 0.001 -12"><span class='ocrx_word' id='word_1_236' title='bbox 144 2637 146 2640; x_wconf 76' lang='grc'>,</span> <span class='ocrx_word' id='word_1_237' title='bbox 212 2612 258 2642; x_wconf 78' lang='grc'>46</span> <span class='ocrx_word' id='word_1_238' title='bbox 293 2609 435 2650; x_wconf 71' lang='lat' dir='ltr'>Mer-uit]</span> <span class='ocrx_word' id='word_1_239' title='bbox 471 2608 582 2641; x_wconf 84' lang='lat' dir='ltr'>Feriri</span> <span class='ocrx_word' id='word_1_240' title='bbox 610 2609 689 2651; x_wconf 82' lang='lat' dir='ltr'>igue</span> <span class='ocrx_word' id='word_1_241' title='bbox 718 2618 879 2652; x_wconf 80' lang='lat' dir='ltr'>superno.</span> 
     </span>
     <span class='ocr_line' id='line_1_48' title="bbox 171 2659 880 2700; baseline -0.003 -6"><span class='ocrx_word' id='word_1_242' title='bbox 171 2660 308 2694; x_wconf 74' lang='lat' dir='ltr'>Novem</span> <span class='ocrx_word' id='word_1_243' title='bbox 325 2660 386 2694; x_wconf 88' lang='lat' dir='ltr'>Dii</span> <span class='ocrx_word' id='word_1_244' title='bbox 409 2659 554 2692; x_wconf 80' lang='lat' dir='ltr'>fulmina</span> <span class='ocrx_word' id='word_1_245' title='bbox 577 2661 744 2700; x_wconf 84' lang='lat' dir='ltr'>mittunt;</span> <span class='ocrx_word' id='word_1_246' title='bbox 767 2664 805 2692; x_wconf 88' lang='lat' dir='ltr'>ut</span> <span class='ocrx_word' id='word_1_247' title='bbox 821 2659 880 2692; x_wconf 90' lang='lat' dir='ltr'>do-</span> 
     </span>
     <span class='ocr_line' id='line_1_49' title="bbox 171 2711 880 2746; baseline -0.006 0"><span class='ocrx_word' id='word_1_248' title='bbox 171 2717 254 2746; x_wconf 75' lang='lat' dir='ltr'>cent</span> <span class='ocrx_word' id='word_1_249' title='bbox 265 2713 477 2745; x_wconf 76' lang='lat' dir='ltr'>Tuscium-um</span> <span class='ocrx_word' id='word_1_250' title='bbox 494 2711 632 2744; x_wconf 76' lang='lat' dir='ltr'>litterae.</span> <span class='ocrx_word' id='word_1_251' title='bbox 661 2712 748 2744; x_wconf 87' lang='lat' dir='ltr'>Sunt</span> <span class='ocrx_word' id='word_1_252' title='bbox 763 2715 880 2743; x_wconf 84' lang='lat' dir='ltr'>autem</span> 
     </span>
     <span class='ocr_line' id='line_1_50' title="bbox 172 2762 881 2804; baseline -0.006 -7"><span class='ocrx_word' id='word_1_253' title='bbox 172 2763 332 2797; x_wconf 79' lang='lat' dir='ltr'>undecim</span> <span class='ocrx_word' id='word_1_254' title='bbox 360 2762 539 2796; x_wconf 80' lang='lat' dir='ltr'>fulminum</span> <span class='ocrx_word' id='word_1_255' title='bbox 568 2771 715 2804; x_wconf 78' lang='lat' dir='ltr'>genera:</span> <span class='ocrx_word' id='word_1_256' title='bbox 738 2770 881 2804; x_wconf 90' lang='lat' dir='ltr'>quorum</span> 
     </span>
     <span class='ocr_line' id='line_1_51' title="bbox 173 2812 882 2858; baseline -0.007 -10"><span class='ocrx_word' id='word_1_257' title='bbox 173 2818 252 2848; x_wconf 80' lang='lat' dir='ltr'>octo</span> <span class='ocrx_word' id='word_1_258' title='bbox 263 2814 322 2848; x_wconf 78' lang='lat' dir='ltr'>Dii</span> <span class='ocrx_word' id='word_1_259' title='bbox 337 2814 470 2858; x_wconf 73' lang='lat' dir='ltr'>singula</span> <span class='ocrx_word' id='word_1_260' title='bbox 481 2812 669 2855; x_wconf 74' lang='lat' dir='ltr'>habebant,</span> <span class='ocrx_word' id='word_1_261' title='bbox 680 2812 760 2847; x_wconf 79' lang='lat' dir='ltr'>Jovi</span> <span class='ocrx_word' id='word_1_262' title='bbox 773 2816 882 2845; x_wconf 83' lang='lat' dir='ltr'>terna.</span> 
     </span>
    </p>
   </div>
   <div class='ocr_carea' id='block_1_4' title="bbox 1534 215 1648 260">
    <p class='ocr_par' dir='ltr' id='par_1_14' title="bbox 1534 215 1648 260">
     <span class='ocr_line' id='line_1_52' title="bbox 1534 215 1648 260; baseline 0.009 -2"><span class='ocrx_word' id='word_1_263' title='bbox 1534 215 1648 260; x_wconf 76' lang='lat'>1683</span> 
     </span>
    </p>
   </div>
   <div class='ocr_carea' id='block_1_5' title="bbox 923 321 1679 2856">
    <p class='ocr_par' dir='ltr' id='par_1_15' title="bbox 932 321 1650 456">
     <span class='ocr_line' id='line_1_53' title="bbox 937 321 1650 355; baseline -0.001 0"><span class='ocrx_word' id='word_1_264' title='bbox 937 323 1083 355; x_wconf 83' lang='lat' dir='ltr'>Romani</span> <span class='ocrx_word' id='word_1_265' title='bbox 1112 322 1198 355; x_wconf 84' lang='lat' dir='ltr'>duos</span> <span class='ocrx_word' id='word_1_266' title='bbox 1225 326 1360 355; x_wconf 84' lang='lat' dir='ltr'>tantum</span> <span class='ocrx_word' id='word_1_267' title='bbox 1384 322 1479 355; x_wconf 87' lang='lat' dir='ltr'>Deos</span> <span class='ocrx_word' id='word_1_268' title='bbox 1505 321 1650 354; x_wconf 79' lang='lat' dir='ltr'>fulmina</span> 
     </span>
     <span class='ocr_line' id='line_1_54' title="bbox 932 372 1649 414; baseline 0.001 -9"><span class='ocrx_word' id='word_1_269' title='bbox 932 373 1056 414; x_wconf 81' lang='lat' dir='ltr'>jacere</span> <span class='ocrx_word' id='word_1_270' title='bbox 1072 373 1248 411; x_wconf 83' lang='lat' dir='ltr'>dixerunt,</span> <span class='ocrx_word' id='word_1_271' title='bbox 1259 373 1382 407; x_wconf 85' lang='lat' dir='ltr'>Jovem</span> <span class='ocrx_word' id='word_1_272' title='bbox 1398 372 1536 414; x_wconf 88' lang='lat' dir='ltr'>diurna,</span> <span class='ocrx_word' id='word_1_273' title='bbox 1550 374 1649 406; x_wconf 87' lang='lat' dir='ltr'>Sum-</span> 
     </span>
     <span class='ocr_line' id='line_1_55' title="bbox 939 424 1475 456; baseline 0.002 -1"><span class='ocrx_word' id='word_1_274' title='bbox 939 432 1074 455; x_wconf 85' lang='lat' dir='ltr'>manum</span> <span class='ocrx_word' id='word_1_275' title='bbox 1092 427 1273 456; x_wconf 87' lang='lat' dir='ltr'>nocturna.</span> <span class='ocrx_word' id='word_1_276' title='bbox 1301 424 1475 456; x_wconf 72' lang='lat' dir='ltr'>Domitius.</span> 
     </span>
    </p>

    <p class='ocr_par' dir='ltr' id='par_1_16' title="bbox 923 473 1679 1374">
     <span class='ocr_line' id='line_1_56' title="bbox 980 473 1647 517; baseline 0.001 -11"><span class='ocrx_word' id='word_1_277' title='bbox 980 476 1024 506; x_wconf 79' lang='grc'>48</span> <span class='ocrx_word' id='word_1_278' title='bbox 1050 474 1205 515; x_wconf 69' lang='lat' dir='ltr'>nar-bore]</span> <span class='ocrx_word' id='word_1_279' title='bbox 1227 474 1299 506; x_wconf 90' lang='lat' dir='ltr'>Soli</span> <span class='ocrx_word' id='word_1_280' title='bbox 1323 474 1386 507; x_wconf 88' lang='lat' dir='ltr'>tibi</span> <span class='ocrx_word' id='word_1_281' title='bbox 1413 475 1477 508; x_wconf 85' lang='lat' dir='ltr'>hoc</span> <span class='ocrx_word' id='word_1_282' title='bbox 1505 473 1647 517; x_wconf 85' lang='lat' dir='ltr'>permis-</span> 
     </span>
     <span class='ocr_line' id='line_1_57' title="bbox 937 525 1647 568; baseline 0.001 -11"><span class='ocrx_word' id='word_1_283' title='bbox 937 534 1014 557; x_wconf 85' lang='lat' dir='ltr'>sum</span> <span class='ocrx_word' id='word_1_284' title='bbox 1031 525 1089 558; x_wconf 84' lang='lat' dir='ltr'>sit.</span> <span class='ocrx_word' id='word_1_285' title='bbox 1110 525 1202 557; x_wconf 90' lang='lat' dir='ltr'>Sane</span> <span class='ocrx_word' id='word_1_286' title='bbox 1215 525 1280 557; x_wconf 80' lang='lat' dir='ltr'>lioc</span> <span class='ocrx_word' id='word_1_287' title='bbox 1297 525 1399 557; x_wconf 87' lang='lat' dir='ltr'>vitari</span> <span class='ocrx_word' id='word_1_288' title='bbox 1416 535 1482 558; x_wconf 88' lang='lat' dir='ltr'>nou</span> <span class='ocrx_word' id='word_1_289' title='bbox 1499 529 1647 568; x_wconf 81' lang='lat' dir='ltr'>poterat.</span> 
     </span>
     <span class='ocr_line' id='line_1_58' title="bbox 937 577 1647 620; baseline 0.001 -11"><span class='ocrx_word' id='word_1_290' title='bbox 937 577 1065 620; x_wconf 80' lang='lat' dir='ltr'>Itaque</span> <span class='ocrx_word' id='word_1_291' title='bbox 1083 581 1293 619; x_wconf 81' lang='lat' dir='ltr'>potestatem</span> <span class='ocrx_word' id='word_1_292' title='bbox 1309 577 1396 609; x_wconf 80' lang='lat' dir='ltr'>banc</span> <span class='ocrx_word' id='word_1_293' title='bbox 1418 578 1567 618; x_wconf 86' lang='lat' dir='ltr'>largitur</span> <span class='ocrx_word' id='word_1_294' title='bbox 1582 577 1647 610; x_wconf 84' lang='lat' dir='ltr'>Ar·</span> 
     </span>
     <span class='ocr_line' id='line_1_59' title="bbox 938 627 1645 670; baseline 0 -10"><span class='ocrx_word' id='word_1_295' title='bbox 938 628 1012 660; x_wconf 87' lang='lat' dir='ltr'>bori</span> <span class='ocrx_word' id='word_1_296' title='bbox 1028 629 1118 668; x_wconf 88' lang='lat' dir='ltr'>l’au,</span> <span class='ocrx_word' id='word_1_297' title='bbox 1131 638 1231 670; x_wconf 86' lang='lat' dir='ltr'>qnam</span> <span class='ocrx_word' id='word_1_298' title='bbox 1245 627 1396 660; x_wconf 85' lang='lat' dir='ltr'>adimere</span> <span class='ocrx_word' id='word_1_299' title='bbox 1408 637 1474 659; x_wconf 93' lang='lat' dir='ltr'>non</span> <span class='ocrx_word' id='word_1_300' title='bbox 1494 632 1645 669; x_wconf 80' lang='lat' dir='ltr'>poterat.</span> 
     </span>
     <span class='ocr_line' id='line_1_60' title="bbox 935 678 1645 720; baseline 0 -10"><span class='ocrx_word' id='word_1_301' title='bbox 935 678 991 711; x_wconf 86' lang='lat' dir='ltr'>Ita</span> <span class='ocrx_word' id='word_1_302' title='bbox 1022 684 1136 711; x_wconf 85' lang='lat' dir='ltr'>tamen</span> <span class='ocrx_word' id='word_1_303' title='bbox 1168 683 1205 710; x_wconf 89' lang='lat' dir='ltr'>ut</span> <span class='ocrx_word' id='word_1_304' title='bbox 1237 678 1280 710; x_wconf 86' lang='lat' dir='ltr'>ab</span> <span class='ocrx_word' id='word_1_305' title='bbox 1310 678 1452 720; x_wconf 87' lang='lat' dir='ltr'>reliquis</span> <span class='ocrx_word' id='word_1_306' title='bbox 1480 679 1645 710; x_wconf 83' lang='lat' dir='ltr'>molestiis</span> 
     </span>
     <span class='ocr_line' id='line_1_61' title="bbox 935 729 1679 770; baseline -0.001 -8"><span class='ocrx_word' id='word_1_307' title='bbox 935 729 1078 762; x_wconf 83' lang='lat' dir='ltr'>eandem</span> <span class='ocrx_word' id='word_1_308' title='bbox 1109 733 1294 762; x_wconf 83' lang='lat' dir='ltr'>tutaretur.</span> <span class='ocrx_word' id='word_1_309' title='bbox 1341 730 1419 761; x_wconf 90' lang='lat' dir='ltr'>Non</span> <span class='ocrx_word' id='word_1_310' title='bbox 1448 729 1563 770; x_wconf 86' lang='lat' dir='ltr'>placet</span> <span class='ocrx_word' id='word_1_311' title='bbox 1589 729 1646 761; x_wconf 88' lang='lat' dir='ltr'>hic</span> <span class='ocrx_word' id='word_1_312' title='bbox 1676 751 1679 755; x_wconf 81' lang='lat'>-</span> 
     </span>
     <span class='ocr_line' id='line_1_62' title="bbox 934 779 1646 822; baseline -0.004 -9"><span class='ocrx_word' id='word_1_313' title='bbox 934 780 1062 813; x_wconf 87' lang='lat' dir='ltr'>mutari</span> <span class='ocrx_word' id='word_1_314' title='bbox 1078 779 1270 822; x_wconf 81' lang='lat' dir='ltr'>quicquam,</span> <span class='ocrx_word' id='word_1_315' title='bbox 1296 789 1360 811; x_wconf 81' lang='lat' dir='ltr'>nec</span> <span class='ocrx_word' id='word_1_316' title='bbox 1383 779 1526 811; x_wconf 79' lang='lat' dir='ltr'>umbrare</span> <span class='ocrx_word' id='word_1_317' title='bbox 1548 788 1646 820; x_wconf 84' lang='lat' dir='ltr'>repo-</span> 
     </span>
     <span class='ocr_line' id='line_1_63' title="bbox 935 828 1647 869; baseline -0.003 -6"><span class='ocrx_word' id='word_1_318' title='bbox 935 841 1018 863; x_wconf 89' lang='lat' dir='ltr'>nere</span> <span class='ocrx_word' id='word_1_319' title='bbox 1031 836 1067 862; x_wconf 89' lang='lat' dir='ltr'>et</span> <span class='ocrx_word' id='word_1_320' title='bbox 1079 830 1202 869; x_wconf 73' lang='lat' dir='ltr'>latices,</span> <span class='ocrx_word' id='word_1_321' title='bbox 1213 839 1289 862; x_wconf 89' lang='lat' dir='ltr'>cum</span> <span class='ocrx_word' id='word_1_322' title='bbox 1302 829 1380 863; x_wconf 82' lang='lat' dir='ltr'><strong>Joh.</strong></span> <span class='ocrx_word' id='word_1_323' title='bbox 1394 828 1505 861; x_wconf 83' lang='lat' dir='ltr'>Isacio</span> <span class='ocrx_word' id='word_1_324' title='bbox 1517 829 1647 861; x_wconf 84' lang='lat' dir='ltr'>Ponta-</span> 
     </span>
     <span class='ocr_line' id='line_1_64' title="bbox 935 879 1646 924; baseline -0.001 -10"><span class='ocrx_word' id='word_1_325' title='bbox 935 892 990 923; x_wconf 92' lang='lat' dir='ltr'>no,</span> <span class='ocrx_word' id='word_1_326' title='bbox 1020 882 1078 924; x_wconf 90' lang='lat' dir='ltr'>qui</span> <span class='ocrx_word' id='word_1_327' title='bbox 1103 880 1376 914; x_wconf 78' lang='lat' dir='ltr'>correctionibus</span> <span class='ocrx_word' id='word_1_328' title='bbox 1398 880 1467 912; x_wconf 85' lang='lat' dir='ltr'>suis</span> <span class='ocrx_word' id='word_1_329' title='bbox 1490 879 1526 912; x_wconf 89' lang='lat' dir='ltr'>in</span> <span class='ocrx_word' id='word_1_330' title='bbox 1554 881 1646 913; x_wconf 88' lang='lat' dir='ltr'>hunc</span> 
     </span>
     <span class='ocr_line' id='line_1_65' title="bbox 935 931 1648 976; baseline -0.001 -10"><span class='ocrx_word' id='word_1_331' title='bbox 935 934 1079 967; x_wconf 73' lang='lat' dir='ltr'>Poetam</span> <span class='ocrx_word' id='word_1_332' title='bbox 1106 943 1224 976; x_wconf 87' lang='lat' dir='ltr'>parum</span> <span class='ocrx_word' id='word_1_333' title='bbox 1246 931 1408 974; x_wconf 84' lang='lat' dir='ltr'>profecit.</span> <span class='ocrx_word' id='word_1_334' title='bbox 1432 932 1552 965; x_wconf 77' lang='lat' dir='ltr'>Barth.</span> <span class='ocrx_word' id='word_1_335' title='bbox 1598 933 1648 965; x_wconf 70' lang='lat' dir='ltr'>Ee</span> 
     </span>
     <span class='ocr_line' id='line_1_66' title="bbox 923 982 1645 1025; baseline -0.004 -8"><span class='ocrx_word' id='word_1_336' title='bbox 923 986 1020 1025; x_wconf 78' lang='lat' dir='ltr'>soliis</span> <span class='ocrx_word' id='word_1_337' title='bbox 1045 983 1189 1024; x_wconf 76' lang='lat' dir='ltr'>turbare]</span> <span class='ocrx_word' id='word_1_338' title='bbox 1213 983 1376 1015; x_wconf 85' lang='lat' dir='ltr'>Imitatur</span> <span class='ocrx_word' id='word_1_339' title='bbox 1406 982 1571 1014; x_wconf 89' lang='lat' dir='ltr'>Ovidium</span> <span class='ocrx_word' id='word_1_340' title='bbox 1601 982 1645 1014; x_wconf 89' lang='lat' dir='ltr'>de</span> 
     </span>
     <span class='ocr_line' id='line_1_67' title="bbox 932 1033 1648 1069; baseline -0.007 0"><span class='ocrx_word' id='word_1_341' title='bbox 932 1035 1027 1069; x_wconf 86' lang='lat' dir='ltr'>fonte</span> <span class='ocrx_word' id='word_1_342' title='bbox 1054 1034 1233 1068; x_wconf 78' lang='lat' dir='ltr'>Narcissi:</span> <span class='ocrx_word' id='word_1_343' title='bbox 1266 1034 1401 1068; x_wconf 80' lang='lat' dir='ltr'>‘Quem</span> <span class='ocrx_word' id='word_1_344' title='bbox 1431 1033 1526 1065; x_wconf 86' lang='lat' dir='ltr'>nulia</span> <span class='ocrx_word' id='word_1_345' title='bbox 1555 1033 1648 1065; x_wconf 87' lang='lat' dir='ltr'>volu-</span> 
     </span>
     <span class='ocr_line' id='line_1_68' title="bbox 934 1084 1646 1127; baseline -0.004 -8"><span class='ocrx_word' id='word_1_346' title='bbox 934 1086 1017 1127; x_wconf 87' lang='lat' dir='ltr'>cris,</span> <span class='ocrx_word' id='word_1_347' title='bbox 1031 1086 1107 1118; x_wconf 83' lang='lat' dir='ltr'>Nec</span> <span class='ocrx_word' id='word_1_348' title='bbox 1121 1084 1196 1116; x_wconf 85' lang='lat' dir='ltr'>fera</span> <span class='ocrx_word' id='word_1_349' title='bbox 1209 1084 1379 1124; x_wconf 85' lang='lat' dir='ltr'>turbarat,</span> <span class='ocrx_word' id='word_1_350' title='bbox 1394 1093 1460 1116; x_wconf 91' lang='lat' dir='ltr'>nec</span> <span class='ocrx_word' id='word_1_351' title='bbox 1474 1084 1588 1125; x_wconf 83' lang='lat' dir='ltr'>lapsus</span> <span class='ocrx_word' id='word_1_352' title='bbox 1603 1084 1646 1116; x_wconf 87' lang='lat' dir='ltr'>ab</span> 
     </span>
     <span class='ocr_line' id='line_1_69' title="bbox 935 1134 1647 1176; baseline -0.004 -7"><span class='ocrx_word' id='word_1_353' title='bbox 935 1137 1057 1170; x_wconf 87' lang='lat' dir='ltr'>arbore</span> <span class='ocrx_word' id='word_1_354' title='bbox 1074 1134 1211 1168; x_wconf 83' lang='lat' dir='ltr'>ramus.&#39;</span> <span class='ocrx_word' id='word_1_355' title='bbox 1255 1135 1410 1176; x_wconf 87' lang='lat' dir='ltr'>Moxque</span> <span class='ocrx_word' id='word_1_356' title='bbox 1425 1145 1433 1165; x_wconf 86' lang='lat'><strong>:</strong></span> <span class='ocrx_word' id='word_1_357' title='bbox 1459 1135 1469 1153; x_wconf 89' lang='lat'>‘</span> <span class='ocrx_word' id='word_1_358' title='bbox 1485 1135 1531 1166; x_wconf 88' lang='lat' dir='ltr'>Et</span> <span class='ocrx_word' id='word_1_359' title='bbox 1547 1134 1647 1166; x_wconf 86' lang='lat' dir='ltr'>lacri-</span> 
     </span>
     <span class='ocr_line' id='line_1_70' title="bbox 934 1184 1647 1228; baseline -0.006 -8"><span class='ocrx_word' id='word_1_360' title='bbox 934 1187 997 1220; x_wconf 87' lang='lat' dir='ltr'>mis</span> <span class='ocrx_word' id='word_1_361' title='bbox 1013 1187 1170 1219; x_wconf 86' lang='lat' dir='ltr'>turbavit</span> <span class='ocrx_word' id='word_1_362' title='bbox 1182 1184 1312 1228; x_wconf 63' lang='lat' dir='ltr'>aquas!</span> <span class='ocrx_word' id='word_1_363' title='bbox 1336 1185 1391 1217; x_wconf 90' lang='lat' dir='ltr'>Ne</span> <span class='ocrx_word' id='word_1_364' title='bbox 1408 1184 1484 1227; x_wconf 88' lang='lat' dir='ltr'>quis</span> <span class='ocrx_word' id='word_1_365' title='bbox 1501 1184 1647 1217; x_wconf 79' lang='lat' dir='ltr'>accedat</span> 
     </span>
     <span class='ocr_line' id='line_1_71' title="bbox 935 1234 1648 1278; baseline -0.006 -8"><span class='ocrx_word' id='word_1_366' title='bbox 935 1238 1007 1270; x_wconf 82' lang='lat' dir='ltr'>viro</span> <span class='ocrx_word' id='word_1_367' title='bbox 1024 1238 1140 1277; x_wconf 87' lang='lat' dir='ltr'>docto,</span> <span class='ocrx_word' id='word_1_368' title='bbox 1163 1236 1222 1278; x_wconf 88' lang='lat' dir='ltr'>qui</span> <span class='ocrx_word' id='word_1_369' title='bbox 1245 1235 1332 1267; x_wconf 91' lang='lat' dir='ltr'>mire</span> <span class='ocrx_word' id='word_1_370' title='bbox 1349 1235 1488 1270; x_wconf 81' lang='lat' dir='ltr'>amabat</span> <span class='ocrx_word' id='word_1_371' title='bbox 1512 1234 1648 1276; x_wconf 88' lang='lat' dir='ltr'>conjec-</span> 
     </span>
     <span class='ocr_line' id='line_1_72' title="bbox 932 1286 1647 1325; baseline -0.008 -2"><span class='ocrx_word' id='word_1_372' title='bbox 932 1295 1046 1323; x_wconf 87' lang='lat' dir='ltr'>turam</span> <span class='ocrx_word' id='word_1_373' title='bbox 1077 1299 1172 1322; x_wconf 86' lang='lat' dir='ltr'>suam</span> <span class='ocrx_word' id='word_1_374' title='bbox 1191 1300 1200 1321; x_wconf 73' lang='lat' dir='ltr'><em>z</em></span> <span class='ocrx_word' id='word_1_375' title='bbox 1228 1287 1324 1325; x_wconf 78' lang='lat' dir='ltr'>soliis</span> <span class='ocrx_word' id='word_1_376' title='bbox 1355 1286 1512 1319; x_wconf 79' lang='lat' dir='ltr'>umbrare.</span> <span class='ocrx_word' id='word_1_377' title='bbox 1558 1286 1647 1318; x_wconf 89' lang='lat' dir='ltr'>Gro-</span> 
     </span>
     <span class='ocr_line' id='line_1_73' title="bbox 931 1342 1066 1374; baseline -0.007 0"><span class='ocrx_word' id='word_1_378' title='bbox 931 1342 1066 1374; x_wconf 87' lang='lat' dir='ltr'>novius.</span> 
     </span>
    </p>

    <p class='ocr_par' dir='ltr' id='par_1_17' title="bbox 933 1388 1660 1577">
     <span class='ocr_line' id='line_1_74' title="bbox 973 1388 1660 1430; baseline -0.001 -6"><span class='ocrx_word' id='word_1_379' title='bbox 973 1394 1019 1424; x_wconf 74' lang='lat'>62</span> <span class='ocrx_word' id='word_1_380' title='bbox 1043 1390 1188 1423; x_wconf 72' lang='lat' dir='ltr'>Genitali</span> <span class='ocrx_word' id='word_1_381' title='bbox 1202 1389 1284 1430; x_wconf 81' lang='lat' dir='ltr'>luce]</span> <span class='ocrx_word' id='word_1_382' title='bbox 1308 1388 1350 1420; x_wconf 90' lang='lat' dir='ltr'>Id</span> <span class='ocrx_word' id='word_1_383' title='bbox 1367 1392 1431 1430; x_wconf 84' lang='lat' dir='ltr'>est,</span> <span class='ocrx_word' id='word_1_384' title='bbox 1452 1388 1558 1421; x_wconf 85' lang='lat' dir='ltr'>natali</span> <span class='ocrx_word' id='word_1_385' title='bbox 1575 1392 1660 1423; x_wconf 82' lang='lat' dir='ltr'>tuo..</span> 
     </span>
     <span class='ocr_line' id='line_1_75' title="bbox 933 1439 1647 1475; baseline -0.006 0"><span class='ocrx_word' id='word_1_386' title='bbox 933 1454 1010 1475; x_wconf 84' lang='lat' dir='ltr'>nam</span> <span class='ocrx_word' id='word_1_387' title='bbox 1027 1441 1282 1475; x_wconf 79' lang='lat' dir='ltr'>celebrantibus</span> <span class='ocrx_word' id='word_1_388' title='bbox 1295 1440 1386 1472; x_wconf 81' lang='lat' dir='ltr'>diem</span> <span class='ocrx_word' id='word_1_389' title='bbox 1398 1439 1551 1472; x_wconf 86' lang='lat' dir='ltr'>natalem</span> <span class='ocrx_word' id='word_1_390' title='bbox 1567 1439 1647 1472; x_wconf 85' lang='lat' dir='ltr'>mit-</span> 
     </span>
     <span class='ocr_line' id='line_1_76' title="bbox 935 1490 1647 1526; baseline -0.006 0"><span class='ocrx_word' id='word_1_391' title='bbox 935 1494 1099 1526; x_wconf 83' lang='lat' dir='ltr'>tebantur</span> <span class='ocrx_word' id='word_1_392' title='bbox 1126 1501 1269 1525; x_wconf 84' lang='lat' dir='ltr'>munera</span> <span class='ocrx_word' id='word_1_393' title='bbox 1299 1491 1344 1523; x_wconf 88' lang='lat' dir='ltr'>ab</span> <span class='ocrx_word' id='word_1_394' title='bbox 1370 1490 1498 1523; x_wconf 85' lang='lat' dir='ltr'>amicis.</span> <span class='ocrx_word' id='word_1_395' title='bbox 1531 1491 1647 1523; x_wconf 83' lang='lat' dir='ltr'>Domi-</span> 
     </span>
     <span class='ocr_line' id='line_1_77' title="bbox 933 1545 1008 1577; baseline 0 0"><span class='ocrx_word' id='word_1_396' title='bbox 933 1545 1008 1577; x_wconf 73' lang='lat' dir='ltr'>tius.</span> 
     </span>
    </p>

    <p class='ocr_par' dir='ltr' id='par_1_18' title="bbox 930 1592 1650 2694">
     <span class='ocr_line' id='line_1_78' title="bbox 976 1592 1648 1635; baseline -0.003 -7"><span class='ocrx_word' id='word_1_397' title='bbox 976 1598 1019 1628; x_wconf 83' lang='lat'>69</span> <span class='ocrx_word' id='word_1_398' title='bbox 1043 1595 1088 1627; x_wconf 78' lang='lat' dir='ltr'>Et</span> <span class='ocrx_word' id='word_1_399' title='bbox 1104 1596 1221 1627; x_wconf 72' lang='lat' dir='ltr'>secrete</span> <span class='ocrx_word' id='word_1_400' title='bbox 1241 1594 1359 1635; x_wconf 82' lang='lat' dir='ltr'>palam,</span> <span class='ocrx_word' id='word_1_401' title='bbox 1376 1592 1430 1635; x_wconf 69' lang='lat' dir='ltr'>que·</span> <span class='ocrx_word' id='word_1_402' title='bbox 1455 1592 1577 1633; x_wconf 77' lang='lat' dir='ltr'>digeris</span> <span class='ocrx_word' id='word_1_403' title='bbox 1597 1603 1648 1626; x_wconf 85' lang='lat' dir='ltr'>or-</span> 
     </span>
     <span class='ocr_line' id='line_1_79' title="bbox 932 1644 1648 1688; baseline -0.006 -9"><span class='ocrx_word' id='word_1_404' title='bbox 932 1648 1005 1679; x_wconf 86' lang='lat' dir='ltr'>dine</span> <span class='ocrx_word' id='word_1_405' title='bbox 1020 1646 1134 1688; x_wconf 82' lang='lat' dir='ltr'>vitum]</span> <span class='ocrx_word' id='word_1_406' title='bbox 1162 1646 1204 1678; x_wconf 87' lang='lat' dir='ltr'>Iu</span> <span class='ocrx_word' id='word_1_407' title='bbox 1229 1650 1299 1678; x_wconf 86' lang='lat' dir='ltr'>vet.</span> <span class='ocrx_word' id='word_1_408' title='bbox 1323 1644 1399 1677; x_wconf 88' lang='lat' dir='ltr'>cod.</span> <span class='ocrx_word' id='word_1_409' title='bbox 1418 1649 1508 1675; x_wconf 83' lang='lat' dir='ltr'>teste</span> <span class='ocrx_word' id='word_1_410' title='bbox 1525 1644 1648 1676; x_wconf 83' lang='lat' dir='ltr'>Calde·</span> 
     </span>
     <span class='ocr_line' id='line_1_80' title="bbox 934 1693 1649 1738; baseline -0.003 -9"><span class='ocrx_word' id='word_1_411' title='bbox 934 1698 1021 1738; x_wconf 90' lang='lat' dir='ltr'>rino,</span> <span class='ocrx_word' id='word_1_412' title='bbox 1057 1696 1260 1738; x_wconf 79' lang='lat' dir='ltr'>legebatur:</span> <span class='ocrx_word' id='word_1_413' title='bbox 1299 1695 1345 1727; x_wconf 79' lang='lat' dir='ltr'>Et</span> <span class='ocrx_word' id='word_1_414' title='bbox 1383 1693 1503 1726; x_wconf 73' lang='lat' dir='ltr'>satiare</span> <span class='ocrx_word' id='word_1_415' title='bbox 1530 1695 1649 1735; x_wconf 72' lang='lat' dir='ltr'>palam.</span> 
     </span>
     <span class='ocr_line' id='line_1_81' title="bbox 932 1746 1648 1788; baseline -0.003 -9"><span class='ocrx_word' id='word_1_416' title='bbox 932 1747 1035 1779; x_wconf 90' lang='lat' dir='ltr'>Unde</span> <span class='ocrx_word' id='word_1_417' title='bbox 1052 1746 1185 1779; x_wconf 82' lang='lat' dir='ltr'>fatetur</span> <span class='ocrx_word' id='word_1_418' title='bbox 1202 1755 1239 1778; x_wconf 91' lang='lat' dir='ltr'>se</span> <span class='ocrx_word' id='word_1_419' title='bbox 1256 1746 1441 1788; x_wconf 84' lang='lat' dir='ltr'>vulgatam,</span> <span class='ocrx_word' id='word_1_420' title='bbox 1461 1754 1539 1787; x_wconf 84' lang='lat' dir='ltr'>quae</span> <span class='ocrx_word' id='word_1_421' title='bbox 1556 1754 1648 1777; x_wconf 87' lang='lat' dir='ltr'>nunc</span> 
     </span>
     <span class='ocr_line' id='line_1_82' title="bbox 933 1794 1648 1839; baseline -0.004 -8"><span class='ocrx_word' id='word_1_422' title='bbox 933 1804 999 1839; x_wconf 87' lang='lat' dir='ltr'>est,</span> <span class='ocrx_word' id='word_1_423' title='bbox 1014 1794 1203 1830; x_wconf 72' lang='lat' dir='ltr'>lectionem</span> <span class='ocrx_word' id='word_1_424' title='bbox 1221 1796 1393 1830; x_wconf 84' lang='lat' dir='ltr'>elicuisse.</span> <span class='ocrx_word' id='word_1_425' title='bbox 1438 1796 1485 1828; x_wconf 83' lang='lat' dir='ltr'>At</span> <span class='ocrx_word' id='word_1_426' title='bbox 1501 1806 1565 1838; x_wconf 79' lang='lat' dir='ltr'>ego</span> <span class='ocrx_word' id='word_1_427' title='bbox 1579 1806 1648 1829; x_wconf 90' lang='lat' dir='ltr'>non</span> 
     </span>
     <span class='ocr_line' id='line_1_83' title="bbox 933 1846 1648 1891; baseline -0.004 -9"><span class='ocrx_word' id='word_1_428' title='bbox 933 1849 1066 1890; x_wconf 88' lang='lat' dir='ltr'>dubito,</span> <span class='ocrx_word' id='word_1_429' title='bbox 1079 1848 1160 1891; x_wconf 86' lang='lat' dir='ltr'>quin</span> <span class='ocrx_word' id='word_1_430' title='bbox 1173 1848 1305 1880; x_wconf 76' lang='lat' dir='ltr'>Statius</span> <span class='ocrx_word' id='word_1_431' title='bbox 1317 1846 1516 1888; x_wconf 85' lang='lat' dir='ltr'>scripserit:</span> <span class='ocrx_word' id='word_1_432' title='bbox 1543 1847 1648 1879; x_wconf 70' lang='lat' dir='ltr'>Exsu-</span> 
     </span>
     <span class='ocr_line' id='line_1_84' title="bbox 932 1896 1648 1941; baseline -0.006 -8"><span class='ocrx_word' id='word_1_433' title='bbox 932 1901 1011 1933; x_wconf 76' lang='lat' dir='ltr'>tiate</span> <span class='ocrx_word' id='word_1_434' title='bbox 1016 1900 1136 1941; x_wconf 76' lang='lat' dir='ltr'>palam,</span> <span class='ocrx_word' id='word_1_435' title='bbox 1143 1899 1197 1940; x_wconf 78' lang='lat' dir='ltr'>qui</span> <span class='ocrx_word' id='word_1_436' title='bbox 1207 1898 1328 1938; x_wconf 78' lang='lat' dir='ltr'>digeris</span> <span class='ocrx_word' id='word_1_437' title='bbox 1338 1897 1448 1928; x_wconf 81' lang='lat' dir='ltr'>ordine</span> <span class='ocrx_word' id='word_1_438' title='bbox 1455 1896 1565 1929; x_wconf 83' lang='lat' dir='ltr'>vitam.</span> <span class='ocrx_word' id='word_1_439' title='bbox 1581 1898 1648 1929; x_wconf 77' lang='lat' dir='ltr'>Ex-</span> 
     </span>
     <span class='ocr_line' id='line_1_85' title="bbox 931 1948 1646 1990; baseline -0.007 -6"><span class='ocrx_word' id='word_1_440' title='bbox 931 1952 1084 1984; x_wconf 73' lang='lat' dir='ltr'>eatiatum</span> <span class='ocrx_word' id='word_1_441' title='bbox 1105 1950 1155 1983; x_wconf 92' lang='lat' dir='ltr'>ait</span> <span class='ocrx_word' id='word_1_442' title='bbox 1180 1950 1297 1982; x_wconf 86' lang='lat' dir='ltr'>vivere</span> <span class='ocrx_word' id='word_1_443' title='bbox 1317 1948 1514 1990; x_wconf 86' lang='lat' dir='ltr'>Meliorem,</span> <span class='ocrx_word' id='word_1_444' title='bbox 1529 1957 1646 1990; x_wconf 88' lang='lat' dir='ltr'>quem-</span> 
     </span>
     <span class='ocr_line' id='line_1_86' title="bbox 933 1999 1646 2043; baseline -0.006 -9"><span class='ocrx_word' id='word_1_445' title='bbox 933 2002 1116 2035; x_wconf 87' lang='lat' dir='ltr'>admodum</span> <span class='ocrx_word' id='word_1_446' title='bbox 1148 2010 1253 2043; x_wconf 85' lang='lat' dir='ltr'>supra</span> <span class='ocrx_word' id='word_1_447' title='bbox 1285 1999 1446 2040; x_wconf 89' lang='lat' dir='ltr'>Pollium,</span> <span class='ocrx_word' id='word_1_448' title='bbox 1477 2000 1487 2017; x_wconf 80' lang='lat'><strong>⁴</strong></span> <span class='ocrx_word' id='word_1_449' title='bbox 1506 2000 1646 2040; x_wconf 89' lang='lat' dir='ltr'>plenum</span> 
     </span>
     <span class='ocr_line' id='line_1_87' title="bbox 933 2049 1648 2091; baseline -0.006 -6"><span class='ocrx_word' id='word_1_450' title='bbox 933 2052 1024 2085; x_wconf 87' lang='lat' dir='ltr'>vita’</span> <span class='ocrx_word' id='word_1_451' title='bbox 1040 2052 1128 2084; x_wconf 89' lang='lat' dir='ltr'>dixit</span> <span class='ocrx_word' id='word_1_452' title='bbox 1142 2062 1151 2083; x_wconf 89' lang='lat'>:</span> <span class='ocrx_word' id='word_1_453' title='bbox 1174 2053 1184 2070; x_wconf 89' lang='lat'>‘</span> <span class='ocrx_word' id='word_1_454' title='bbox 1200 2050 1315 2083; x_wconf 91' lang='lat' dir='ltr'>Dubio</span> <span class='ocrx_word' id='word_1_455' title='bbox 1329 2060 1428 2091; x_wconf 82' lang='lat' dir='ltr'>quem</span> <span class='ocrx_word' id='word_1_456' title='bbox 1443 2059 1509 2081; x_wconf 90' lang='lat' dir='ltr'>non</span> <span class='ocrx_word' id='word_1_457' title='bbox 1526 2049 1559 2081; x_wconf 89' lang='lat' dir='ltr'>in</span> <span class='ocrx_word' id='word_1_458' title='bbox 1576 2054 1648 2081; x_wconf 84' lang='lat' dir='ltr'>tur·</span> 
     </span>
     <span class='ocr_line' id='line_1_88' title="bbox 932 2099 1649 2142; baseline -0.007 -6"><span class='ocrx_word' id='word_1_459' title='bbox 932 2104 1014 2136; x_wconf 87' lang='lat' dir='ltr'>bine</span> <span class='ocrx_word' id='word_1_460' title='bbox 1030 2112 1145 2135; x_wconf 85' lang='lat' dir='ltr'>rerum</span> <span class='ocrx_word' id='word_1_461' title='bbox 1160 2100 1370 2142; x_wconf 82' lang='lat' dir='ltr'>Deprendet</span> <span class='ocrx_word' id='word_1_462' title='bbox 1386 2110 1548 2142; x_wconf 85' lang='lat' dir='ltr'>suprema</span> <span class='ocrx_word' id='word_1_463' title='bbox 1560 2099 1649 2140; x_wconf 86' lang='lat' dir='ltr'>dies,</span> 
     </span>
     <span class='ocr_line' id='line_1_89' title="bbox 932 2149 1647 2195; baseline -0.008 -8"><span class='ocrx_word' id='word_1_464' title='bbox 932 2154 994 2187; x_wconf 86' lang='lat' dir='ltr'>sed</span> <span class='ocrx_word' id='word_1_465' title='bbox 1017 2153 1116 2186; x_wconf 84' lang='lat' dir='ltr'>abire</span> <span class='ocrx_word' id='word_1_466' title='bbox 1140 2157 1298 2195; x_wconf 82' lang='lat' dir='ltr'>paratum</span> <span class='ocrx_word' id='word_1_467' title='bbox 1316 2151 1370 2183; x_wconf 85' lang='lat' dir='ltr'>Ac</span> <span class='ocrx_word' id='word_1_468' title='bbox 1394 2151 1533 2192; x_wconf 89' lang='lat' dir='ltr'>plenum</span> <span class='ocrx_word' id='word_1_469' title='bbox 1552 2149 1647 2182; x_wconf 67' lang='lat' dir='ltr'>vita!</span> 
     </span>
     <span class='ocr_line' id='line_1_90' title="bbox 933 2200 1648 2242; baseline -0.01 -4"><span class='ocrx_word' id='word_1_470' title='bbox 933 2205 992 2238; x_wconf 83' lang='lat' dir='ltr'>Sic</span> <span class='ocrx_word' id='word_1_471' title='bbox 1006 2205 1148 2238; x_wconf 87' lang='lat' dir='ltr'>Lucret.</span> <span class='ocrx_word' id='word_1_472' title='bbox 1189 2203 1280 2235; x_wconf 88' lang='lat' dir='ltr'>‘Cur</span> <span class='ocrx_word' id='word_1_473' title='bbox 1297 2211 1363 2233; x_wconf 91' lang='lat' dir='ltr'>non</span> <span class='ocrx_word' id='word_1_474' title='bbox 1379 2205 1418 2233; x_wconf 87' lang='lat' dir='ltr'>ut</span> <span class='ocrx_word' id='word_1_475' title='bbox 1435 2200 1557 2242; x_wconf 82' lang='lat' dir='ltr'>plenus</span> <span class='ocrx_word' id='word_1_476' title='bbox 1574 2200 1648 2232; x_wconf 84' lang='lat' dir='ltr'>vita</span> 
     </span>
     <span class='ocr_line' id='line_1_91' title="bbox 933 2250 1647 2293; baseline -0.008 -5"><span class='ocrx_word' id='word_1_477' title='bbox 933 2255 1078 2288; x_wconf 83' lang='lat' dir='ltr'>conviva</span> <span class='ocrx_word' id='word_1_478' title='bbox 1102 2254 1238 2287; x_wconf 78' lang='lat' dir='ltr'>recedis</span> <span class='ocrx_word' id='word_1_479' title='bbox 1253 2253 1278 2284; x_wconf 89' lang='lat'>?’</span> <span class='ocrx_word' id='word_1_480' title='bbox 1303 2252 1369 2283; x_wconf 81' lang='lat' dir='ltr'>&#39;Et</span> <span class='ocrx_word' id='word_1_481' title='bbox 1384 2250 1536 2283; x_wconf 79' lang='lat' dir='ltr'>Aristot.</span> <span class='ocrx_word' id='word_1_482' title='bbox 1554 2250 1647 2293; x_wconf 86' lang='lat' dir='ltr'>apud</span> 
     </span>
     <span class='ocr_line' id='line_1_92' title="bbox 931 2299 1649 2342; baseline -0.011 -3"><span class='ocrx_word' id='word_1_483' title='bbox 931 2307 1107 2340; x_wconf 81' lang='lat' dir='ltr'>Stobaeum</span> <span class='ocrx_word' id='word_1_484' title='bbox 1123 2314 1225 2337; x_wconf 90' lang='lat' dir='ltr'>serm.</span> <span class='ocrx_word' id='word_1_485' title='bbox 1241 2306 1319 2336; x_wconf 78' lang='lat'>271.</span> <span class='ocrx_word' id='word_1_486' title='bbox 1352 2302 1410 2334; x_wconf 81' lang='grc' dir='ltr'>Ἐκ</span> <span class='ocrx_word' id='word_1_487' title='bbox 1422 2302 1481 2334; x_wconf 78' lang='grc' dir='ltr'>τοῦ</span> <span class='ocrx_word' id='word_1_488' title='bbox 1494 2300 1566 2338; x_wconf 79' lang='grc' dir='ltr'>βίον</span> <span class='ocrx_word' id='word_1_489' title='bbox 1575 2299 1649 2342; x_wconf 57' lang='lat' dir='ltr'>xpa-</span> 
     </span>
     <span class='ocr_line' id='line_1_93' title="bbox 931 2351 1648 2395; baseline -0.01 -5"><span class='ocrx_word' id='word_1_490' title='bbox 931 2356 1040 2390; x_wconf 81' lang='grc' dir='ltr'>τιστόν</span> <span class='ocrx_word' id='word_1_491' title='bbox 1063 2357 1150 2388; x_wconf 77' lang='grc' dir='ltr'>ἐστιν</span> <span class='ocrx_word' id='word_1_492' title='bbox 1180 2355 1315 2395; x_wconf 77' lang='grc' dir='ltr'>ἐξελθεῖν</span> <span class='ocrx_word' id='word_1_493' title='bbox 1340 2354 1381 2386; x_wconf 83' lang='grc' dir='ltr'>ὡς</span> <span class='ocrx_word' id='word_1_494' title='bbox 1403 2353 1438 2384; x_wconf 78' lang='grc' dir='ltr'>ἐκ</span> <span class='ocrx_word' id='word_1_495' title='bbox 1458 2351 1648 2393; x_wconf 78' lang='grc' dir='ltr'><strong><em>συμποσίου,</em></strong></span> 
     </span>
     <span class='ocr_line' id='line_1_94' title="bbox 930 2404 1647 2450; baseline -0.008 -9"><span class='ocrx_word' id='word_1_496' title='bbox 930 2408 1011 2450; x_wconf 81' lang='grc' dir='ltr'><strong><em>μήτε</em></strong></span> <span class='ocrx_word' id='word_1_497' title='bbox 1025 2409 1170 2449; x_wconf 77' lang='grc' dir='ltr'>διψῶντα,</span> <span class='ocrx_word' id='word_1_498' title='bbox 1190 2406 1270 2447; x_wconf 83' lang='grc' dir='ltr'><strong><em>μήτε</em></strong></span> <span class='ocrx_word' id='word_1_499' title='bbox 1293 2404 1458 2445; x_wconf 81' lang='grc' dir='ltr'><strong><em>μεθύοντα.</em></strong></span> <span class='ocrx_word' id='word_1_500' title='bbox 1510 2405 1562 2436; x_wconf 76' lang='lat' dir='ltr'>Ex</span> <span class='ocrx_word' id='word_1_501' title='bbox 1588 2404 1647 2436; x_wconf 76' lang='lat' dir='ltr'>hac</span> 
     </span>
     <span class='ocr_line' id='line_1_95' title="bbox 931 2454 1649 2498; baseline -0.011 -6"><span class='ocrx_word' id='word_1_502' title='bbox 931 2460 1000 2492; x_wconf 77' lang='lat' dir='ltr'>vita</span> <span class='ocrx_word' id='word_1_503' title='bbox 1013 2459 1172 2491; x_wconf 75' lang='lat' dir='ltr'>discedere</span> <span class='ocrx_word' id='word_1_504' title='bbox 1196 2461 1346 2498; x_wconf 77' lang='lat' dir='ltr'>tanquam</span> <span class='ocrx_word' id='word_1_505' title='bbox 1372 2466 1414 2488; x_wconf 85' lang='lat' dir='ltr'>ex</span> <span class='ocrx_word' id='word_1_506' title='bbox 1436 2454 1577 2487; x_wconf 73' lang='lat' dir='ltr'>convivio</span> <span class='ocrx_word' id='word_1_507' title='bbox 1596 2464 1649 2496; x_wconf 76' lang='lat' dir='ltr'>op-</span> 
     </span>
     <span class='ocr_line' id='line_1_96' title="bbox 932 2505 1650 2551; baseline -0.008 -8"><span class='ocrx_word' id='word_1_508' title='bbox 932 2510 1043 2543; x_wconf 77' lang='lat' dir='ltr'>timum</span> <span class='ocrx_word' id='word_1_509' title='bbox 1051 2512 1111 2551; x_wconf 80' lang='lat' dir='ltr'>est,</span> <span class='ocrx_word' id='word_1_510' title='bbox 1119 2518 1218 2550; x_wconf 79' lang='lat' dir='ltr'>neque</span> <span class='ocrx_word' id='word_1_511' title='bbox 1227 2508 1398 2547; x_wconf 72' lang='lat' dir='ltr'>sitientem,</span> <span class='ocrx_word' id='word_1_512' title='bbox 1408 2515 1507 2548; x_wconf 78' lang='lat' dir='ltr'>neque</span> <span class='ocrx_word' id='word_1_513' title='bbox 1517 2505 1650 2538; x_wconf 75' lang='lat' dir='ltr'>ebrium.</span> 
     </span>
     <span class='ocr_line' id='line_1_97' title="bbox 931 2555 1648 2602; baseline -0.008 -9"><span class='ocrx_word' id='word_1_514' title='bbox 931 2559 1111 2602; x_wconf 88' lang='lat' dir='ltr'>Sosipater</span> <span class='ocrx_word' id='word_1_515' title='bbox 1137 2559 1274 2591; x_wconf 84' lang='lat' dir='ltr'>Charis.</span> <span class='ocrx_word' id='word_1_516' title='bbox 1295 2558 1488 2590; x_wconf 85' lang='lat' dir='ltr'>Grammat.</span> <span class='ocrx_word' id='word_1_517' title='bbox 1511 2557 1522 2574; x_wconf 91' lang='lat'>‘</span> <span class='ocrx_word' id='word_1_518' title='bbox 1535 2555 1648 2588; x_wconf 81' lang='lat' dir='ltr'>Satie-</span> 
     </span>
     <span class='ocr_line' id='line_1_98' title="bbox 932 2607 1649 2649; baseline -0.006 -6"><span class='ocrx_word' id='word_1_519' title='bbox 932 2615 986 2643; x_wconf 83' lang='lat' dir='ltr'>tas</span> <span class='ocrx_word' id='word_1_520' title='bbox 1006 2611 1041 2643; x_wconf 87' lang='lat' dir='ltr'>in</span> <span class='ocrx_word' id='word_1_521' title='bbox 1057 2610 1214 2643; x_wconf 88' lang='lat' dir='ltr'>omnibus</span> <span class='ocrx_word' id='word_1_522' title='bbox 1232 2609 1333 2640; x_wconf 88' lang='lat' dir='ltr'>rebus</span> <span class='ocrx_word' id='word_1_523' title='bbox 1356 2608 1500 2649; x_wconf 75' lang='lat' dir='ltr'>dicitur,</span> <span class='ocrx_word' id='word_1_524' title='bbox 1522 2607 1649 2640; x_wconf 81' lang='lat' dir='ltr'>saturi·</span> 
     </span>
     <span class='ocr_line' id='line_1_99' title="bbox 933 2658 1463 2694; baseline -0.008 0"><span class='ocrx_word' id='word_1_525' title='bbox 933 2666 985 2694; x_wconf 83' lang='lat' dir='ltr'>tas</span> <span class='ocrx_word' id='word_1_526' title='bbox 1002 2661 1035 2694; x_wconf 90' lang='lat' dir='ltr'>in</span> <span class='ocrx_word' id='word_1_527' title='bbox 1052 2661 1130 2693; x_wconf 88' lang='lat' dir='ltr'>cibo</span> <span class='ocrx_word' id='word_1_528' title='bbox 1145 2658 1303 2693; x_wconf 86' lang='lat' dir='ltr'>tantum.&#39;</span> <span class='ocrx_word' id='word_1_529' title='bbox 1330 2659 1463 2691; x_wconf 82' lang='lat' dir='ltr'>Gevart.</span> 
     </span>
    </p>

    <p class='ocr_par' dir='ltr' id='par_1_19' title="bbox 934 2707 1647 2856">
     <span class='ocr_line' id='line_1_100' title="bbox 976 2707 1645 2753; baseline -0.009 -9"><span class='ocrx_word' id='word_1_530' title='bbox 976 2714 1013 2744; x_wconf 78' lang='lat'>⁷1</span> <span class='ocrx_word' id='word_1_531' title='bbox 1044 2711 1225 2753; x_wconf 75' lang='lat' dir='ltr'>Opibusque</span> <span class='ocrx_word' id='word_1_532' title='bbox 1237 2709 1409 2742; x_wconf 78' lang='lat' dir='ltr'>immittere</span> <span class='ocrx_word' id='word_1_533' title='bbox 1423 2709 1536 2750; x_wconf 78' lang='lat' dir='ltr'>lucem]</span> <span class='ocrx_word' id='word_1_534' title='bbox 1565 2707 1645 2739; x_wconf 88' lang='lat' dir='ltr'>Hoc</span> 
     </span>
     <span class='ocr_line' id='line_1_101' title="bbox 934 2757 1647 2799; baseline -0.011 -4"><span class='ocrx_word' id='word_1_535' title='bbox 934 2762 1022 2795; x_wconf 92' lang='lat' dir='ltr'>dicit</span> <span class='ocrx_word' id='word_1_536' title='bbox 1036 2762 1080 2794; x_wconf 93' lang='lat' dir='ltr'>de</span> <span class='ocrx_word' id='word_1_537' title='bbox 1096 2761 1233 2794; x_wconf 89' lang='lat' dir='ltr'>homine</span> <span class='ocrx_word' id='word_1_538' title='bbox 1249 2760 1383 2793; x_wconf 85' lang='lat' dir='ltr'>liberali</span> <span class='ocrx_word' id='word_1_539' title='bbox 1398 2764 1435 2792; x_wconf 89' lang='lat' dir='ltr'>et</span> <span class='ocrx_word' id='word_1_540' title='bbox 1452 2757 1647 2799; x_wconf 76' lang='lat' dir='ltr'>magnifico,</span> 
     </span>
     <span class='ocr_line' id='line_1_102' title="bbox 936 2809 1644 2856; baseline -0.013 -10"><span class='ocrx_word' id='word_1_541' title='bbox 936 2813 995 2856; x_wconf 82' lang='lat' dir='ltr'>qui</span> <span class='ocrx_word' id='word_1_542' title='bbox 1025 2822 1094 2846; x_wconf 88' lang='lat' dir='ltr'>non</span> <span class='ocrx_word' id='word_1_543' title='bbox 1132 2811 1334 2856; x_wconf 77' lang='lat' dir='ltr'>patiebatur</span> <span class='ocrx_word' id='word_1_544' title='bbox 1363 2809 1528 2853; x_wconf 85' lang='lat' dir='ltr'>pecunias</span> <span class='ocrx_word' id='word_1_545' title='bbox 1566 2815 1644 2839; x_wconf 76' lang='lat' dir='ltr'>suas</span> 
     </span>
    </p>
   </div>
  </div>
 </body>
</html>
