1858 3112
269 217 383 261 1622

271 322 427 364 adoptivi
441 332 449 354 :
472 322 604 354 interius
618 324 745 362 serpunt
761 320 922 359 connexis,
938 321 973 359 'id

270 379 324 404 est
343 373 444 405 altius
469 373 667 415 arctiusque
686 382 760 404 sese
783 372 817 404 in
833 374 974 412 animos,

269 433 484 466 amoremque
493 428 672 465 parentum
682 423 863 459 insinuaut,
872 432 972 464 quain

269 474 371 506 liberi
400 474 558 514 connexi,
586 474 621 506 id
646 478 700 506 est
725 474 884 515 genitura
913 473 972 512 de-

270 525 378 558 vincti
392 529 429 557 et
443 525 639 557 Naturales.
681 524 791 557 Addit
806 524 973 557 rationem

271 574 396 616 Poeta,
411 575 488 606 dum
503 575 573 608 ait:
588 576 598 593 ‘
614 575 723 607 Natos
736 575 906 617 genuisse,
917 584 973 606 ne-

270 634 365 657 cesse
388 629 455 665 est,
478 624 527 657 At
542 625 662 666 legisse
674 624 799 666 juvat!
844 625 972 656 Mirum

270 679 325 707 est
340 674 416 707 haec
433 675 540 708 verba
555 674 681 716 fugisse
695 685 838 707 acumen
854 674 973 707 Calde-

269 725 347 761 rini,
362 724 420 767 qui
435 725 509 757 haec
526 725 576 757 ita
588 725 758 765 explicat:
775 728 785 743 ⁴
798 725 902 757 Filios
915 733 972 765 ge-

268 776 361 808 nitos
384 775 578 809 necessario
603 775 766 807 babemus
785 774 972 815 amandos;

268 836 352 869 quos
381 832 497 858 autem
527 827 694 868 eligimus,
711 827 747 858 in
774 826 972 868 adoptione,

269 876 306 908 hi
323 881 402 909 sunt
417 886 502 918 quos
523 881 646 917 sponte
669 881 706 909 et
733 876 973 909 benevolentia

270 925 553 968 complectimur!
575 926 728 959 Aberrat
738 927 895 968 largiter,
908 936 972 960 nee

270 976 383 1018 tangit
402 981 549 1018 mentem
572 977 687 1013 Statii.
730 977 867 1009 Falsum
882 976 972 1010 enim

269 1032 324 1060 est
347 1037 409 1060 nos
434 1029 630 1061 necessario
651 1038 767 1061 amare
786 1029 913 1061 liberos
928 1038 972 1060 ex

270 1077 367 1110 nobis
392 1084 504 1119 natos,
528 1079 594 1111 imo
618 1084 740 1112 contra
763 1088 856 1121 saepe
877 1078 918 1111 fit
934 1083 973 1111 ut

270 1139 328 1161 eos
343 1130 452 1161 minus
468 1130 663 1172 diligamus,
684 1136 721 1163 et
738 1131 802 1165 hoc
826 1130 972 1163 intendit

269 1179 382 1212 Poe'ta
396 1180 452 1213 hic
467 1181 624 1222 probare.
655 1180 757 1213 Dicit
766 1180 883 1223 itaque
902 1180 972 1214 Ne·

269 1230 457 1262 cessarium
490 1231 571 1273 quid
601 1235 639 1264 et
665 1230 812 1264 ἀκούσιον
839 1241 914 1263 esse
938 1231 972 1262 in

270 1280 505 1314 Generatioue
520 1281 716 1322 liberorum,
729 1281 764 1314 id
777 1286 830 1314 est
844 1282 879 1314 in
894 1291 972 1314 nos·

269 1336 324 1364 tra
349 1337 524 1374 potestate
540 1343 608 1366 non
623 1344 698 1367 esse
714 1339 751 1367 ut
767 1335 854 1367 tales
870 1343 972 1375 gene·

269 1391 394 1423 remus,
425 1384 541 1426 quales
570 1394 647 1417 esse
673 1389 842 1427 optamus,
866 1389 972 1428 atque

267 1432 348 1469 hinc
363 1431 416 1473 fit,
433 1438 472 1465 ut
487 1434 620 1475 genitos
646 1435 757 1467 minus
780 1435 971 1477 diligamus,

269 1483 361 1524 quia,
389 1487 426 1516 ut
456 1484 542 1524 dixi,
570 1494 637 1517 non
666 1485 752 1518 tales
789 1486 972 1527 gignimus,

268 1535 386 1576 quales
397 1538 565 1576 optamus.
589 1536 972 1579 ContraveroinAdop-

270 1584 403 1616 tatione
419 1585 562 1618 ἑκούσιον
576 1586 658 1628 quid
673 1590 736 1627 est,
752 1591 789 1619 et
804 1597 866 1628 pro
882 1587 971 1619 arbi·

271 1634 336 1666 trio
348 1639 466 1666 nostro
478 1634 663 1667 formamus
676 1636 773 1668 nobis
786 1637 872 1669 tales
886 1636 972 1671 tibe-

269 1693 323 1716 ros
338 1685 456 1726 quales
471 1686 637 1727 volumus,
654 1691 691 1719 et
707 1687 850 1728 proinde
864 1687 971 1729 magis

269 1734 346 1774 illos
369 1744 530 1769 amamus.
574 1737 620 1769 Et
645 1737 709 1769 boc
734 1742 787 1770 est
811 1737 901 1780 quod
923 1737 974 1770 ait

268 1785 386 1817 Valer.
402 1786 499 1819 Max.
515 1787 525 1805 ⁴
537 1786 704 1828 Genitos:
730 1787 856 1830 inquit,
871 1788 881 1806 ‘
895 1797 972 1820 nas-

268 1837 369 1869 cendi
385 1847 470 1878 sors,
483 1837 662 1871 fortuitum
678 1849 775 1880 opus,
789 1838 972 1880 adoptatos

269 1897 351 1919 vero
367 1892 403 1919 et
415 1888 578 1926 adscitos,
590 1889 853 1931 uniuscujusque
863 1889 973 1922 solido

263 1938 395 1981 judicio
419 1938 576 1971 incoacta
605 1940 759 1972 voluntas
790 1938 973 1981 producit!

267 1989 325 2021 Sic
342 1989 434 2021 Plin.
449 1989 483 2020 in
499 1989 671 2031 Panegyr.
688 1990 745 2022 ubi
767 1989 811 2022 de
825 1991 971 2032 Trajano

267 2049 288 2070 a
315 2040 432 2072 Nerva
446 2039 536 2082 Imp.
552 2040 718 2083 adoptato
733 2041 826 2083 agit:
849 2044 886 2074 et
901 2042 971 2075 Ha-

268 2089 410 2122 drianus
425 2091 621 2132 sapienties.
635 2091 801 2133 Imperat.
819 2091 855 2124 in
881 2092 971 2125 Ora-

269 2141 363 2174 tione
391 2151 490 2184 quam
511 2143 585 2184 jam
607 2147 756 2184 aegrotus
778 2143 896 2176 habuit
925 2143 970 2176 ad

267 2192 441 2224 Senatum.
486 2193 532 2224 Et
547 2191 719 2225 Ausonius
734 2193 778 2226 de
794 2193 970 2227 Antonino

269 2243 335 2274 Pio
349 2243 392 2275 ab
418 2243 596 2281 Hadriano
620 2245 804 2286 adoptato:
828 2246 838 2263 ‘
855 2245 970 2278 Orbus

268 2297 305 2325 et
333 2293 401 2335 hic,
426 2293 604 2335 sociatque
630 2295 738 2326 virum
764 2294 972 2330 documenta

267 2344 439 2384 daturum,
462 2343 597 2376 Adsciti
611 2349 775 2386 quantum
792 2346 972 2387 praemine·

269 2399 328 2426 ant
347 2393 496 2435 genitis?
526 2395 638 2427 Porro
653 2396 816 2437 opposuit
830 2396 883 2428 hic
894 2397 971 2429 Sta·

268 2447 338 2477 tius
354 2446 412 2477 illa
421 2445 509 2477 duo:
525 2455 646 2478 neeesse
660 2449 718 2483 est,
734 2448 882 2487 etJuvat.
916 2447 973 2479 Ita

269 2500 308 2527 ut
339 2495 378 2526 τὸ
402 2505 521 2533 necesse
542 2499 590 2536 est
615 2496 670 2528 hic
693 2496 783 2531 idem
809 2497 854 2529 sit
881 2497 971 2539 quod

269 2544 426 2586 ἀκούσιον,
448 2552 484 2578 et
506 2546 597 2588 quod
612 2547 647 2578 in
662 2552 780 2579 nostra
799 2550 971 2588 potestate

266 2597 371 2628 situm
386 2606 454 2628 non
470 2601 544 2629 est:
559 2596 699 2636 vbjuvat
715 2607 807 2635 vero,
821 2596 975 2641 ἑκούσιρν,

266 2653 303 2680 et
318 2647 410 2689 quod
424 2652 546 2688 sponte
561 2658 581 2680 a
595 2647 692 2680 nobis
705 2647 759 2680 fit.
794 2648 851 2681 Ita
866 2649 971 2681 etiam

266 2700 426 2731 Lucanus
439 2698 498 2730 lib.
514 2707 566 2730 vx.
580 2698 699 2730 eadem
717 2700 891 2740 opposuit,
913 2699 971 2732 ubi

265 2748 423 2791 inquirit,
438 2747 529 2780 unde
546 2751 675 2780 tantam
688 2748 753 2780 vim
762 2748 886 2782 habeat
900 2759 970 2781 ma-

267 2802 334 2845 gia,
348 2804 387 2834 nt
402 2798 508 2839 etiam
523 2799 615 2834 Deos
637 2797 753 2833 futura
775 2799 970 2843 praedicere

739 228 881 262 ⁸0¹1!AE
914 228 1178 272 VARIORUM
1212 229 1264 261 IN

1021 325 1148 362 cogat:
1177 325 1186 340 ¹
1199 322 1306 364 Cujus
1322 322 1528 357 commercia
1543 321 1640 368 pacti
1653 321 1726 356 Ob·

1023 372 1164 404 strictos
1192 373 1345 405 habuere
1375 373 1488 406 Deos?
1515 381 1637 415 parere
1666 380 1726 407 neo·

1023 434 1118 457 cesse
1133 430 1189 457 est
1203 424 1259 458 An
1273 426 1374 467 juvat
1387 426 1410 456 ,²¹
1448 425 1618 462 Ausonius
1631 435 1725 468 vero,

1023 477 1080 510 ubi
1112 479 1155 509 de
1174 478 1326 520 Trajano
1349 478 1422 520 agit
1447 488 1468 510 a
1491 479 1609 512 Nerva
1631 479 1723 521 Imp.

1023 530 1202 569 adoptato,
1218 529 1330 561 omnia
1345 528 1447 561 Statii
1464 529 1568 564 verba
1581 538 1723 571 expres·

1022 579 1090 611 sit:
1127 583 1136 597 ⁸
1153 579 1257 611 Nulla
1287 579 1359 611 viro
1388 579 1544 612 soboles:
1568 579 1724 613 imitatur

1023 628 1164 670 adoptio
1182 629 1327 670 prolem,
1343 630 1452 663 Quam
1468 629 1590 671 legisse
1610 630 1724 672 Juvet,

1022 689 1122 721 quam
1135 680 1294 721 genuisse
1309 679 1414 712 velit!
1439 680 1572 713 (ἕρκη.

1064 733 1105 762 91
1122 730 1272 772 Phoem’x]
1286 729 1476 763 Amintoris
1485 730 1724 773 filinautseriv

1022 780 1074 812 bit
1090 780 1280 812 Homerus:
1304 790 1381 812 cum
1396 780 1562 814 suadente
1578 789 1726 814 noverea

1021 840 1093 863 rem
1109 830 1278 864 habuisset
1290 841 1367 863 cum
1391 831 1498 873 patris
1523 830 1727 872 concubina,

1021 882 1183 923 expulsus
1212 882 1256 913 ad
1285 881 1428 914 Peleum
1457 880 1636 923 confugit:
1665 880 1724 914 ubi

1021 931 1170 973 hospitio
1186 936 1381 973 susceptus,
1402 930 1556 964 Achillis.
1572 931 1726 966 educati-

1022 981 1079 1014 oni
1101 982 1200 1014 datus
1223 986 1277 1015 est
1296 982 1460 1024 magister
1482 986 1520 1016 et
1541 981 1666 1024 agendi
1686 987 1726 1015 et

1022 1033 1183 1076 loquendi
1196 1042 1205 1064 ε
1221 1032 1312 1076 quod
1323 1033 1448 1066 Fabius
1459 1033 1599 1076 repetit.
1620 1032 1724 1066 1³11oe-

1022 1085 1081 1116 nix
1097 1084 1179 1116 item
1195 1084 1368 1127 Agenoris
1383 1088 1497 1127 pater,
1515 1085 1574 1127 qui
1599 1091 1724 1118 nomen

1024 1135 1210 1168 Phoeniciae
1247 1134 1354 1168 dedit.
1408 1134 1555 1167 Pboeuix
1589 1133 1725 1176 fluvius,

1023 1189 1163 1218 auctore
1175 1185 1367 1227 Herodoto,
1380 1186 1438 1229 qui
1447 1185 1574 1218 labitur
1585 1195 1606 1218 a
1617 1186 1724 1218 'lber-

1022 1236 1169 1279 mopylis
1184 1236 1218 1268 in
1236 1236 1400 1277 Asopum.
1442 1235 1589 1269 Pboenix
1612 1244 1722 1278 mons,

1022 1291 1062 1319 ut
1075 1287 1123 1319 ait
1136 1287 1271 1320 Strabo.
1300 1287 1474 1322 Domitius.

1062 1341 1105 1370 94
1144 1338 1282 1380 Cumque
1308 1338 1415 1379 procul
1442 1337 1573 1379 oya-tie]
1603 1337 1724 1371 nanae·

1021 1387 1147 1420 Acrisii
1163 1388 1233 1420 filia
1248 1389 1281 1420 in
1297 1398 1391 1421 mare
1407 1389 1562 1431 projecta
1576 1393 1643 1429 est,
1652 1398 1723 1421 uua

1021 1448 1096 1470 cum
1113 1440 1241 1471 Perseo
1256 1438 1325 1471 filio
1338 1449 1418 1471 arca
1432 1440 1567 1472 clausa:
1592 1440 1720 1481 Dyeti·

1021 1492 1173 1533 piscator
1192 1491 1377 1533 Seriphius·
1395 1491 1522 1523 retibus
1538 1501 1652 1524 arcam
1665 1501 1723 1524 ee·

1022 1542 1085 1582 pit,
1113 1542 1317 1584 domumque
1339 1542 1472 1583 retulit,
1498 1546 1534 1574 et
1559 1541 1723 1575 educavit

1021 1593 1200 1633 Perseum,
1213 1593 1408 1634 Gorgonem
1423 1591 1587 1634 Seripbiis
1602 1592 1724 1635 quioc-

1022 1642 1147 1683 tendit,
1161 1647 1196 1674 et
1210 1642 1245 1673 in
1261 1641 1408 1683 lapidem
1422 1641 1539 1682 vertit,
1553 1642 1588 1673 in
1603 1642 1722 1675 matria

1021 1691 1209 1724 ultionem:
1233 1700 1333 1734 quam
1354 1691 1496 1723 invitam
1518 1691 1561 1724 ad
1584 1692 1724 1733 nuptias

1022 1741 1164 1784 adigere
1179 1742 1286 1774 voluit
1303 1741 1511 1783 Polydecte·
1527 1750 1599 1774 rex.
1634 1742 1722 1784 Jup⁴

1022 1792 1126 1833 piter,
1140 1792 1250 1835 inquit
1272 1792 1451 1833 Papinius,
1477 1796 1579 1834 pater
1601 1792 1722 1825 Persei

1020 1843 1125 1875 filium
1141 1843 1392 1885 periclitantem
1414 1843 1637 1884 neglexerat·
1659 1843 1722 1875 sed

1021 1894 1144 1936 Dyctis
1166 1903 1243 1926 eum
1266 1893 1415 1925 servavit
1436 1897 1474 1924 et
1494 1891 1592 1926 fovit.
1636 1892 1722 1925 Plus

1021 1954 1105 1986 ergo
1119 1944 1246 1976 amavit
1259 1943 1315 1986 qui
1330 1952 1407 1975 eum
1422 1942 1509 1975 aluit
1519 1951 1621 1984 quam
1634 1942 1722 1985 Jup-

1022 1996 1114 2038 piter
1129 1995 1187 2037 qui
1203 1997 1381 2037 genuerat.
1408 1993 1508 2025 Idem.

1063 2048 1105 2077 98
1128 2046 1318 2086 Repeantem
1329 2043 1468 2085 pectore]
1490 2043 1532 2075 In
1548 2043 1721 2085 amplexu.

1020 2096 1148 2137 Tutius]
1173 2096 1260 2127 Nam
1275 2094 1492 2136 periclitatus
1503 2099 1558 2125 est
1572 2092 1608 2124 in
1623 2097 1723 2126 utero

1020 2147 1139 2180 matris
1149 2144 1425 2188 conflagratione.
1448 2144 1570 2176 Domit-

1065 2200 1127 2230 loo
1162 2196 1294 2237 Accam]
1338 2196 1433 2228 Duas
1467 2194 1579 2228 Acon·
1616 2192 1721 2226 fuisse

1022 2249 1198 2282 scribunt-2
1221 2249 1378 2286 alteram,
1400 2249 1546 2278 amatam
1570 2244 1614 2277 ab
1631 2243 1721 2277 Hera

1021 2299 1110 2340 cule,
1146 2298 1244 2340 cnjus
1270 2296 1424 2329 meminit
1451 2295 1657 2327 Plutarelms
1685 2294 1723 2327 in

1023 2347 1269 2390 quaestionibus
1287 2357 1296 2378 ε
1344 2346 1503 2383 alteram,
1552 2345 1723 2378 nutricem

1023 2396 1173 2437 Romuli,
1205 2395 1361 2430 Faustuli
1389 2394 1539 2436 pastoris
1568 2404 1720 2430 uxorem.

1023 2449 1122 2488 Haec,
1145 2451 1184 2480 ut
1206 2447 1329 2479 Antias
1350 2445 1473 2478 scribit
1487 2448 1628 2477 auctore
1641 2445 1722 2478 Gel-

1022 2500 1080 2541 lio,
1115 2497 1279 2540 grandem
1316 2497 1496 2539 pecuniam
1528 2496 1724 2528 meretricio

1022 2553 1156 2591 quaestu
1172 2546 1405 2589 comparavit-t
1429 2545 1528 2587 cujus
1548 2545 1720 2578 haeredem

1022 2599 1168 2631 moriens
1184 2597 1365 2630 Romulum
1379 2596 1529 2637 scripsit.
1571 2595 1641 2628 Alii
1653 2604 1721 2631 non

1023 2649 1215 2685 Romulum,
1243 2647 1304 2679 sed
1337 2646 1498 2688 populum
1534 2645 1721 2678 Romanum

1021 2698 1194 2731 haeredem
1224 2697 1420 2729 institutum
1456 2694 1563 2727 aiunt.
1611 2693 1734 2730 Additv

1021 2748 1223 2788 Massurius,
1248 2747 1335 2779 lianc
1361 2744 1519 2778 habuisse
1538 2743 1721 2777 duodeeim

1020 2800 1158 2842 liberos,
1180 2808 1223 2835 ex
1246 2797 1368 2850 quibus
1384 2805 1450 2841 uno
1474 2794 1632 2836 extincto
1653 2794 1723 2839 Ro·
