1846 3120
250 242 364 285 1154
735 251 780 283 P.
816 249 1007 282 nemu
1042 250 1209 283 s'rA'r-ii

251 347 478 390 Hauserat
497 349 618 388 astra
637 345 750 397 dies,
771 358 870 388 cum
879 345 976 401 jam
997 349 1133 388 tumet
1151 348 1249 400 igne
1269 345 1412 389 futuro

253 415 474 463 Oceanus,
493 414 672 467 lateque
693 426 806 455 novo
825 413 981 455 Titane
998 414 1222 455 reclusum

252 482 437 535 AEquor,
460 481 733 522 anhelantum
753 481 890 522 radiis
913 482 1106 524 subsidit
1125 494 1350 535 equorum.

251 549 372 591 Ecce
394 553 538 590 truces
559 548 715 589 oculos
731 549 1006 591 sordentibus
1025 550 1170 591 obsita
1190 549 1314 591 oanis

251 616 601 668 Exsanguesque
620 614 795 656 Iocasta
813 629 966 669 genas,
987 623 1033 658 et
1051 616 1232 658 brachia
1251 616 1437 670 planctu

252 683 396 736 Nigra
415 683 577 732 ferens,
599 696 857 737 ramumque
879 684 995 725 oleae
1018 697 1121 725 cum
1142 684 1318 726 velleris
1339 684 1426 725 atri

252 749 475 800 Nexibus‚
498 749 789 792 Eumenidum
810 751 929 792 velut
951 750 1277 804 antiquissima,
1297 750 1437 805 portis

252 817 505 870 Egreditur,
523 829 679 869 magna
699 830 800 858 cum
820 817 1053 871 majestate
1074 817 1307 858 malorum.

253 884 377 930 Hinc
396 888 526 938 atque
540 883 641 925 hinc
657 888 791 934 natae,
808 885 961 925 melior
971 885 1066 939 jam
1089 897 1241 934 sexus,
1263 884 1403 925 aniles

252 950 616 1004 Praecipitantem
633 955 769 1000 artus,
785 955 832 991 et
851 951 1088 1005 plusquam
1107 954 1262 1004 posset
1277 956 1456 992 euntem

254 1018 517 1068 Sustentant.
571 1016 706 1058 Venit
725 1022 826 1059 ante
841 1017 1009 1067 hostes,
1030 1020 1074 1058 et
1090 1021 1267 1071 pectore
1280 1017 1407 1059 *nudo

255 1085 462 1127 Claustra
485 1084 670 1126 adversa
687 1084 804 1133 ferit,
825 1084 1108 1138 tremulisque
1131 1083 1366 1126 ululatibus
1385 1089 1485 1127 orat

254 1151 471 1194 Admitti:
506 1151 722 1194 Reserare
745 1153 859 1192 viam
881 1155 1005 1204 rogat
1023 1152 1161 1205 impia
1181 1151 1288 1192 belli

255 1220 429 1262 Mater:
458 1220 504 1260 in
517 1218 587 1261 his
608 1219 788 1274 aliquod
800 1219 876 1273 jus
897 1219 1150 1261 execrabile
1169 1219 1328 1264 castris

1623 611 1712 676 475

1641 846 1645 850 ’
1707 850 1715 877 S

1626 944 1713 995 48⁰.

250 1355 309 1378 nus
323 1347 455 1389 inflatur
468 1351 598 1380 ventura
603 1348 750 1389 flamma,
764 1351 796 1380 et
810 1349 872 1380 late
886 1351 1028 1389 apertum
1043 1358 1142 1387 mare,
1164 1351 1233 1380 orto
1246 1357 1355 1380 recens
1373 1348 1448 1390 sole,
1461 1349 1645 1383 detumescit
1658 1357 1715 1380 ret-⁷

251 1388 315 1420 diis
330 1399 478 1431 equorum
490 1391 706 1423 obnitentium.
752 1392 832 1423 Ecce
844 1391 979 1422 :Iocasta
993 1391 1106 1422 habens
1117 1395 1204 1423 torta
1219 1392 1338 1423 lumina
1351 1391 1478 1432 obsepta
1492 1391 1635 1432 squalida
1658 1400 1712 1423 ca-

252 1431 344 1471 nitie,
361 1437 390 1464 et
404 1443 518 1473 gerens
530 1435 662 1474 pallidas
677 1435 787 1472 malas,
802 1438 831 1464 et
847 1435 978 1465 lacertos
990 1434 1102 1465 ictibus
1117 1434 1241 1472 lividos,
1254 1435 1405 1472 deferens
1410 1433 1558 1472 frondem
1566 1435 1647 1466 olm
1660 1433 1716 1466 ni·-

249 1483 312 1513 gra
327 1477 399 1507 lana
412 1476 592 1515 involutam,
608 1478 690 1508 velut
701 1476 912 1508 vetustissima
927 1476 1108 1516 Furiarum,
1123 1476 1188 1508 exit
1209 1478 1320 1517 portis,
1343 1486 1412 1508 eum
1426 1485 1541 1516 magna
1555 1475 1713 1516 dignitate

252 1518 476 1550 calamitatum.
518 1519 554 1550 H
556 1519 606 1550 inc
620 1523 651 1551 et
665 1520 738 1550 inde
742 1520 837 1560 filae'oe,
847 1519 1038 1550 innocentior
1044 1519 1115 1558 jam
1126 1529 1229 1556 sextae,
1243 1520 1402 1551 sublevant
1414 1529 1482 1551 eam
1492 1520 1723 1551 accelerantem-

253 1561 352 1591 aniles
362 1571 483 1601 passus,
498 1565 527 1593 et
538 1562 787 1602 progredientem
801 1562 932 1593 celer-ius
946 1571 1036 1601 quam
1050 1565 1164 1602 posset.
1206 1562 1301 1593 Venit
1313 1562 1346 1593 in
1362 1565 1552 1602 conspectum
1563 1561 1715 1601 hostium,

255 1606 288 1634 et
298 1605 414 1635 nudato
421 1608 544 1644 pectore
558 1605 663 1645 pulsat
674 1604 801 1636 host-iles
813 1608 932 1645 portas,
945 1607 976 1635 et
991 1607 1085 1643 rogat
1097 1604 1254 1636 introduci
1267 1604 1399 1645 trepidis
1411 1603 1609 1636 clamoribus.
1631 1604 1715 1644 Ape·

250 1645 315 1678 rite
329 1647 425 1684 viam,
441 1650 510 1678 orat
522 1647 660 1688 profanu
673 1657 766 1681 causa
780 1647 872 1687 betti.
905 1647 1043 1687 Aliquod
1057 1647 1114 1687 ‚ius
1137 1647 1374 1680 abominandum
1397 1646 1502 1679 ventri
1524 1646 1597 1679 huie
1618 1648 1664 1679 est
1678 1645 1714 1677 in

866 1741 903 1753 ‘O
907 1740 1105 1753 OOOO‘OOOOO

254 1805 342 1834 vett.
364 1801 493 1841 etjcem5
516 1803 624 1841 Lang.
641 1803 742 1834 Laur.
760 1801 893 1834 Buslid.
917 1800 1071 1841 Lipsian.
1087 1799 1228 1833 Behott.
1243 1802 1274 1832 1.
1292 1802 1329 1832 2.·
1350 1800 1438 1832 Dan.
1452 1798 1572 1842 optimi
1586 1799 1714 1840 Barth-

255 1845 338 1884 iani,
364 1850 399 1876 et
424 1846 565 1876 Venett.
583 1855 653 1877 cum
678 1845 869 1884 jam—475
895 1845 1065 1882 Exungues
1090 1843 1213 1874 Iocasta
1235 1852 1321 1874 unns
1342 1843 1465 1876 Behot.
1492 1848 1529 1874 et
1557 1842 1714 1874 meliores

253 1888 398 1923 Rarum,
407 1887 498 1929 quod
511 1888 566 1919 ille
585 1887 829 1928 proban—482
854 1887 967 1917 Castra
977 1887 1107 1917 adversa
1122 1886 1207 1917 Exc.
1223 1885 1477 1917 Cantab.——483
1490 1886 1500 1902 ‘
1511 1884 1553 1917 In
1565 1884 1715 1916 meliori-

255 1930 319 1961 bus
334 1931 428 1961 libris
443 1929 594 1971 improba,
611 1939 677 1961 non
693 1930 801 1970 impia,
818 1929 982 1969 scriptum
997 1933 1069 1960 est:
1095 1928 1154 1958 sed
1181 1928 1246 1958 hoc
1263 1927 1452 1959 malumus.'
1478 1927 1597 1959 Barth.
1630 1936 1713 1959 rese·

252 1976 322 2005 rate
334 1973 417 2005 viam
431 1973 518 2005 Dan.
543 1973 624 2005 Put.
641 1974 761 2005 Petav.
778 1971 1009 2013 Lindenbrog.
1028 1972 1130 2003 cruc.
1147 1975 1182 2002 et
1199 1971 1326 2012 Delph.
1348 1974 1386 2002 ut
1401 1969 1621 2011 conjectabat
1634 1969 1712 2004 Jor-

915 2065 1057 2098 NOTAE

297 2135 360 2165 471
385 2132 466 2172 Igne
470 2132 601 2173 futuro]
624 2131 709 2164 Solis
719 2131 873 2165 orientis.

301 2185 365 2215 473
388 2182 618 2224 Anhelantum]
643 2183 744 2223 Quia,
757 2187 795 2214 ut
811 2183 859 2214 ait
874 2180 957 2213 Ovi-

256 2233 332 2265 dius
357 2233 446 2265 Met.
461 2243 503 2265 11.
533 2234 543 2251 ‘
555 2232 674 2264 Ardua
690 2232 800 2273 prima
817 2233 871 2263 via
894 2236 958 2272 est,

255 2289 291 2317 et
308 2295 373 2326 qua
389 2285 446 2316 vix
471 2294 567 2317 mane
590 2293 746 2318 recentes
772 2284 958 2315 Enituntur

256 2334 362 2376 equi!
406 2334 505 2366 Unde
544 2336 553 2352 ‘
568 2333 753 2366 anhelant.'
798 2333 958 2375 Subsidit]

258 2384 403 2416 Oriente
427 2385 516 2416 enim
533 2385 603 2415 sole
618 2384 766 2424 subsidit,
781 2393 842 2415 seu
859 2383 957 2415 detu-

255 2434 379 2465 mescit
402 2438 441 2465 ut
469 2434 647 2474 plurimum
665 2433 773 2474 mare,
798 2434 826 2466 si
851 2434 959 2475 agita-

256 2489 329 2516 tum
342 2489 408 2524 est,
423 2489 483 2515 aut
501 2483 668 2517 inflatum.

298 2537 363 2566 476
386 2534 580 2575 Ramumque
595 2536 669 2567 oleoe
682 2546 751 2567 cum
761 2537 884 2567 velleris
895 2536 960 2567 utri

257 2584 418 2624 Nexum]
441 2585 529 2624 Hoc,
555 2595 647 2616 more
677 2586 959 2626 supplicantium,

255 2634 313 2676 qui
330 2644 458 2665 ramum
476 2635 562 2665 oleae
578 2635 656 2665 lana
668 2635 855 2666 involutum
870 2635 959 2666 fere-

257 2684 352 2715 bant.
397 2683 531 2715 Graecis
562 2684 614 2715 hic
655 2694 767 2716 ramus
804 2683 959 2725 εἰρεσιώνη

255 2733 446 2764 vocabatur
460 2738 495 2764 et
519 2732 666 2775 ἱκετηρία,
683 2734 841 2775 AEschylo
856 2733 958 2772 ἱκετή-

255 2782 313 2826 ρίοι
328 2781 447 2815 κλάδοι.
491 2783 582 2816 Hine
602 2783 733 2816 Nostro
748 2784 830 2816 alibi
843 2789 879 2816 et
888 2785 957 2816 Va-

1011 2129 1098 2161 lerio
1110 2130 1235 2161 Flacco
1250 2139 1258 2161 =
1290 2129 1301 2148 ⁴
1314 2129 1471 2170 Supplex
1486 2127 1604 2161 oliva!

1054 2182 1117 2212 477
1139 2178 1349 2211 Eumenidum
1373 2180 1457 2210 velut
1480 2177 1716 2219 antiquissima]

1012 2229 1149 2270 Alecto,
1164 2239 1240 2271 quae
1257 2233 1340 2260 natu
1355 2228 1464 2269 major
1479 2233 1564 2260 erat.

1053 2282 1117 2311 478
1142 2280 1264 2319 Magna
1285 2279 1527 2318 cummajestate
1547 2271 1715 2320 malorum]

998 2328 1169 2362 ‘Lucanus
1186 2330 1229 2361 de
1245 2329 1404 2361 Cornelia
1419 2329 1595 2370 Pompeii:
1618 2329 1629 2346 ‘
1641 2329 1713 2361 No-

1013 2380 1149 2412 bilitate
1166 2379 1329 2411 dolendi?

1054 2434 1119 2463 479
1140 2431 1335 2471 Melior-jam
1346 2430 1454 2471 sexus]
1478 2429 1569 2464 Quia
1580 2429 1642 2464 filii
1654 2429 1715 2461 im-

1013 2492 1076 2524 pu.
1319 2506 1321 2508 .

1053 2534 1117 2564 483
1143 2532 1300 2563 Reserare
1329 2531 1424 2570 viam,
1447 2528 1520 2572 δῖα]
1544 2529 1642 2565 μΙ-Ιιικι
1664 2529 1715 2561 in-

1014 2582 1339 2625 eptissimajudicat
1354 2582 1521 2624 Guyetus,
1537 2590 1642 2624 quare
1656 2579 1716 2612 de-

1014 2634 1076 2670 let,
1102 2638 1137 2665 et
1159 2632 1198 2664 τὸ
1218 2632 1357 2665 Admitti
1373 2631 1492 2674 jungit
1506 2641 1582 2676 cum
1601 2630 1717 2672 trqridi

1013 2693 1112 2715 versu
1126 2686 1203 2715 485.

1054 2736 1117 2766 484
1139 2734 1201 2764 Jus
1215 2731 1402 2772 execrabile]
1417 2729 1507 2765 Quia
1522 2738 1566 2761 ex
1580 2729 1716 2763 incentu

1012 2794 1088 2817 eum
1104 2783 1176 2816 filio
1191 2787 1359 2824 genuerat
1374 2781 1589 2823 Polynieem.
