1858 3112
278 223 396 268 1666

324 330 365 362 57
389 328 457 363 Hic
469 328 577 362 audax
584 326 669 361 subit
682 327 758 358 ordo
768 324 985 367 Pumilonum]

280 378 364 413 Non
375 378 524 410 foeminae
537 377 642 409 solnm
658 376 749 408 inter
763 375 987 417 gladiatores,

282 429 344 463 sed
372 434 409 460 et
436 428 525 459 nani.
567 427 735 468 xiphilin.
767 426 984 459 Domitiano:

282 478 442 513 Πολλάκις
460 477 494 510 δὲ
515 477 588 512 τοὺς
606 479 728 518 ἀγῶνας
741 476 858 519 νύκτωρ
880 477 986 518 ἐποίει,

283 530 334 564 καὶ
359 530 445 562 ἔστιν
469 530 522 562 ὅτε
541 528 592 562 καὶ
615 528 741 562 νάννονς
765 527 817 560 καὶ
835 529 986 568 ’γυναῖκας

283 579 473 618 συνέβαλλε.
518 580 652 620 Pugnae
671 580 767 611 etiam
790 582 884 611 noctu
904 589 986 620 saepe

284 631 439 668 exhibuit,
453 634 486 662 et
503 631 660 662 interdum
674 640 772 662 nanos
795 639 832 662 ac
845 630 988 669 feminas

284 681 370 714 inter
390 691 425 713 se
447 681 613 713 commisit.
636 682 796 713 Bernart.
845 680 909 712 Hic
930 691 985 714 au-

284 734 361 772 dax,
371 732 442 773 ξω]
465 732 535 763 Pro
548 732 615 764 Hic
627 741 672 764 ex
682 732 781 764 Rom.
804 731 891 763 Hinc
902 731 986 763 scri-

285 783 445 815 bendum.
470 783 651 815 Gevartius
665 782 804 823 corrigit
815 781 909 814 simul
924 791 987 822 pro

284 833 388 865 semel.
434 831 483 864 At
510 842 570 864 nos
593 833 785 864 docuerunt
810 836 880 864 vet.
906 831 988 864 libri

287 883 377 915 aliud
395 883 534 923 gravius
551 882 672 915 vitium
696 882 751 914 hic
771 883 894 914 latere.
921 883 988 915 Ms.

287 935 426 966 Senens.
441 939 477 966 et
491 933 622 966 Medic.
634 934 733 966 Rom.
744 931 787 966 ‘et
800 934 889 967 Ven.
905 933 989 966 editi

285 983 396 1015 statim
419 983 560 1023 habent,
582 993 650 1015 non
671 986 768 1015 statu.
811 984 857 1015 Et
879 983 927 1015 ita
943 984 989 1015 le-

287 1033 379 1074 gisse
396 1033 580 1064 Domitium
597 1037 697 1074 putes
720 1043 763 1064 ex
780 1033 909 1065 Comm.
923 1036 988 1065 sta-

285 1084 345 1115 tim
360 1083 449 1114 enim
463 1083 716 1124 interpretatur
730 1083 848 1115 ‘simul
864 1093 904 1115 ac
917 1083 989 1115 nati

285 1132 388 1164 sunt.'
430 1132 500 1164 Sed
528 1132 767 1174 accipiendum
792 1133 892 1174 paulo
918 1133 990 1165 lax-

285 1183 339 1215 ius
353 1194 361 1215 :
386 1192 477 1223 mox,
493 1182 582 1215 baud
595 1183 645 1215 ita
659 1183 766 1215 multo
782 1187 873 1224 post,
888 1193 989 1225 quam

290 1243 364 1265 esse
380 1238 573 1274 coeperunt,
596 1243 696 1275 quam
713 1238 835 1264 natura
849 1242 906 1264 eos
921 1234 989 1264 ela-

287 1283 409 1316 borare
432 1293 507 1315 orsa
522 1289 590 1323 est,
602 1285 685 1325 jam.
718 1283 908 1315 Medicaeus
924 1284 990 1315 Ms.

287 1338 325 1366 et
351 1335 448 1367 Rom.
475 1334 531 1366 ed.
553 1334 656 1366 brevis
678 1343 743 1365 non
767 1333 866 1365 brevi.
909 1334 990 1366 Non

288 1383 392 1417 dubie
407 1383 592 1424 scripserat
605 1384 758 1415 Statius:
793 1383 880 1421 Quos
899 1387 989 1416 natu-

286 1445 324 1469 ra
348 1435 450 1466 brevis
463 1435 572 1466 statim
594 1437 736 1475 peractos
759 1434 920 1465 Nodosum
941 1444 989 1466 se-

288 1486 349 1517 mel
372 1485 406 1517 in
432 1485 559 1525 globum
582 1484 708 1525 ligavit.
752 1483 863 1516 Unica
888 1484 990 1516 litera

287 1540 405 1568 nostra
416 1540 483 1575 est,
496 1539 626 1567 caetera
640 1544 683 1566 ex
697 1539 781 1566 vett.
794 1533 853 1565 lib.
873 1533 990 1566 Brevis

287 1585 417 1618 Natura
438 1589 491 1617 est
517 1585 607 1616 baud
638 1584 770 1624 lougius
797 1583 989 1625 indulgens,

288 1643 355 1665 non
372 1634 478 1674 larga.
503 1633 644 1665 Gronov.
660 1633 695 1665 in
706 1633 818 1664 Diatr.

329 1686 372 1716 58
390 1683 542 1724 Peracto]
559 1683 708 1717 Omnino
724 1682 904 1724 legendnm
915 1692 989 1723 per-

286 1737 385 1775 actos,
405 1734 592 1773 absolutos,
608 1734 643 1766 id
665 1739 719 1765 est
744 1743 840 1774 spem
862 1733 989 1766 nullam

286 1783 453 1816 babentes
489 1787 632 1816 statnrae
669 1783 810 1816 altioris.
862 1783 990 1815 Mirum

287 1838 356 1865 tam
364 1838 520 1874 apertam
529 1843 601 1865 rem
610 1833 737 1865 nemini
746 1832 860 1864 visam.
873 1832 990 1864 Barth.

325 1880 371 1915 '61
395 1884 442 1916 Et
455 1887 586 1916 mortem
608 1883 670 1915 sibi
683 1882 760 1925 (qua
775 1893 867 1914 manu
879 1882 908 1924 Ρ)
930 1883 989 1914 mi-

285 1934 418 1976 nantur]
453 1934 664 1966 Graecismus
703 1937 769 1973 est,
799 1932 890 1974 quod
918 1937 988 1965 tam

287 1992 392 2023 parva
406 1993 520 2022 manu,
536 1987 595 2015 ant
620 1982 751 2014 imbelli
767 1986 804 2014 et
819 1981 987 2016 foeminea.

286 2033 460 2065 Theocrit.
485 2033 742 2064 pharmaceutr.
763 2030 816 2064 καὶ
834 2031 990 2073 μέμφομαι

285 2081 337 2115 οἷά
357 2095 397 2122 με
410 2083 500 2116 ποιεῖ.
542 2083 589 2114 Et
611 2092 779 2123 conquerar
791 2083 896 2123 qualia
910 2082 989 2114 mim·

278 2133 376 2172 facit.
422 2133 500 2165 Hoc
529 2137 596 2172 est,
616 2132 706 2174 quod
732 2133 815 2164 talia
836 2132 918 2164 mibi
938 2130 989 2164 fass

286 2184 349 2224 cit,
361 2183 452 2225 quod
468 2192 522 2216 me
536 2187 746 2216 contemnat.
770 2183 902 2215 Gevart.

329 2236 371 2266 63
397 2232 583 2274 casumque
596 2233 700 2273 vagis,
713 2232 782 2274 «isc-J
801 2232 926 2273 Grues,
938 2232 988 2263 in·

285 2283 374 2326 quit,
387 2284 522 2316 emissae
547 2284 638 2316 inter
662 2281 824 2325 τρωγάλια
848 2283 988 2315 missilia

285 2338 323 2367 et
340 2333 496 2366 volucres
521 2332 682 2369 ἐπιδόσεις,
701 2333 919 2365 imminentes
931 2343 987 2365 ca-

285 2382 415 2424 pitibus
430 2384 633 2424 pumilorum
645 2384 883 2425 gladiatorum,
896 2383 987 2415 intu-

285 2439 388 2467 entur
403 2444 480 2466 eum
500 2439 641 2475 stupore
668 2434 906 2475 Pygmaeorum
928 2443 987 2474 gez

286 2490 349 2515 uus
367 2484 529 2516 audacius
546 2483 668 2522 solito;
691 2493 766 2514 nam
791 2491 869 2514 cum
893 2482 986 2524 Pyg-

284 2533 381 2567 maeis
393 2534 442 2565 ita
455 2544 555 2575 grues
569 2534 733 2575 congredi
743 2533 866 2574 solere,
876 2538 915 2566 ut
930 2543 985 2565 su-

286 2582 440 2625 periores
456 2584 538 2624 sint,
550 2588 768 2624 stragemque
781 2592 896 2615 eorum
908 2592 986 2615 mox

286 2631 403 2672 edant,
425 2633 585 2677 perbibet
609 2633 795 2673 Homerus,
817 2633 861 2664 ΙΙ.
877 2635 910 2664 Γ.
934 2632 985 2664 bis

285 2691 374 2714 vers.
388 2682 510 2724 quibus
531 2683 698 2724 Trojanos
719 2682 872 2724 gruibus,
886 2682 986 2714 Grae-

285 2741 344 2773 eos
380 2733 620 2773 pumilionibus
649 2738 827 2774 comparat
843 2742 854 2765 ι
888 2734 987 2774 Τρῶεε

287 2779 346 2815 μὲν
360 2784 491 2826 κλαγγῇ
510 2782 543 2814 τ’
566 2783 660 2825 ἐνοπῇ
680 2783 709 2815 τ’
724 2783 795 2816 ἴσαν
807 2782 918 2825 ὄρνιθες
933 2783 985 2825 ὡς,

737 231 882 263 ΝΟΤΕ.
913 229 1181 262 VAluoRUM
1212 229 1266 264 IN

1033 335 1064 356 κ.
1077 335 1111 356 τ.
1125 329 1161 356 λ.
1185 318 1316 358 Mareu}
1529 349 1532 351 -
1623 366 1626 369 ¹

1077 377 1120 407 66
1143 373 1244 406 Dives
1257 373 1377 415 sparsio
1398 383 1474 415 quos
1487 374 1557 414 agit
1573 371 1745 417 cumam]

1037 425 1117 458 Non
1142 425 1267 456 insulto
1294 425 1349 457 bic
1375 423 1464 456 bono
1489 424 1657 465 Domitio,
1680 423 1755 467 qlli-

1034 475 1278 517 ‘Spasionem’
1303 480 1340 508 et
1363 475 1373 493 ‘
1389 475 1568 511 Haemnm’
1592 468 1743 512 saltandi

1036 527 1215 567 magistros
1229 526 1328 559 nobis
1354 526 1410 558 hic
1434 533 1652 561 commentus
1662 531 1742 568 εει-5

1037 581 1172 608 tantum
1202 575 1369 608 admoneo
1407 576 1626 609 Bernartinm
1662 575 1740 615 bac

1037 627 1124 659 male
1140 626 1184 658 de
1199 626 1374 667 sparsione
1389 626 1498 668 croci,
1514 636 1614 668 quam
1628 624 1741 669 κρόκον

1035 675 1143 717 ῥάνσιν
1155 677 1289 709 Glossae
1305 677 1492 718 appellant,
1502 676 1741 718 interpretari.

1038 727 1127 759 Nam
1152 726 1195 758 de
1220 726 1397 767 sparsione
1425 726 1614 768 missilium,
1638 737 1741 768 quam

1038 779 1048 796 ‘
1065 777 1323 819 Direptionem'
1349 782 1386 810 et
1415 777 1628 819 ‘Rapinnm'
1654 777 1739 812 alias

1038 829 1220 870 vocabant,
1243 829 1338 861 locus
1364 827 1620 870 intelligendus,
1639 827 1742 871 ‘quod

1039 880 1092 912 vel
1115 890 1159 913 ex
1184 879 1406 922 sequentibus
1430 883 1542 921 patet,
1561 879 1646 914 dum
1670 879 1740 913 ait:

1038 931 1048 948 ⁴
1065 930 1162 963 Inter
1175 941 1250 972 quae
1266 930 1378 962 subito
1395 929 1524 963 cadunt
1540 930 1656 964 volatu
1670 929 1740 966 Im-

1037 990 1166 1013 mensae
1194 980 1367 1012 volucrum
1398 989 1460 1021 per
1485 984 1577 1012 astra
1603 978 1736 1020 nubes(

1036 1032 1102 1063 διο.
1147 1032 1193 1063 Et
1207 1031 1391 1062 Suetonius
1409 1032 1419 1048 ‘
1432 1029 1616 1071 spargendi
1630 1029 1640 1045 '
1664 1040 1741 1072 ver·

1040 1082 1084 1113 bo
1100 1081 1134 1112 in
1150 1090 1191 1113 ea
1207 1091 1243 1113 re
1257 1091 1348 1116 usus.
1397 1080 1583 1115 Domitian.
1607 1090 1684 1123 cap.
1704 1083 1739 1115 4.

1039 1131 1050 1149 ⁴
1065 1131 1201 1173 Dieque
1215 1131 1368 1173 proximo
1380 1138 1478 1162 omne
1490 1139 1599 1172 genus
1614 1140 1741 1171 rerum,

1038 1181 1182 1213 missilia
1218 1180 1371 1223 sparsit.’
1429 1180 1627 1213 Vocabatur
1660 1190 1741 1217 vero

1038 1231 1113 1263 haec
1152 1231 1328 1272 Direpfio,
1373 1229 1512 1272 proprie
1559 1231 1570 1251 ‘
1586 1229 1742 1272 Rapina)

1040 1280 1141 1312 Unde
1172 1290 1295 1322 supra:
1342 1281 1411 1312 ‘Et
1441 1289 1523 1322 quas
1550 1280 1742 1323 praecoquit

1040 1333 1165 1364 Ebosia
1181 1342 1319 1371 cannas,
1339 1332 1459 1374 Largis
1477 1332 1665 1373 gratuitum
1687 1341 1741 1364 ca·

1040 1383 1092 1415 dit
1109 1383 1274 1423 Rapiuis!
1299 1383 1433 1416 Gevart.

1080 1436 1123 1465 70
1146 1433 1218 1465 Ηοσ
1242 1434 1398 1473 plaudunt
1422 1441 1520 1472 grege
1544 1432 1660 1474 Lydio
1688 1436 1741 1466 tu·

1039 1483 1169 1524 mentes]
1194 1483 1260 1515 Vel
1283 1483 1391 1514 solum
1419 1481 1598 1523 epitheton
1625 1483 1742 1524 arguit

1039 1532 1159 1566 falsam
1176 1543 1253 1565 esse
1269 1533 1500 1573 conjecturam
1527 1532 1591 1564 viri
1614 1533 1743 1575 magni,

1039 1585 1097 1625 qui
1127 1583 1288 1622 malebat,
1319 1583 1414 1615 ludiae
1441 1585 1604 1615 tumentes.
1649 1582 1740 1616 Nam

1038 1634 1193 1667 foeminas
1210 1634 1333 1676 Lydias
1354 1637 1525 1669 tumentes
1551 1638 1589 1665 et
1611 1632 1741 1669 obesas

1039 1683 1144 1721 fuisse
1157 1689 1304 1716 testatur
1317 1683 1475 1716 Juvenal.
1485 1682 1556 1715 Sat.
1567 1692 1619 1716 vi.
1632 1683 1642 1702 ‘
1654 1683 1742 1716 Tur·

1039 1734 1119 1774 gida
1128 1734 1174 1765 nil
1184 1734 1324 1776 prodest
1334 1732 1472 1765 condita
1483 1731 1609 1775 pyxide
1620 1731 1743 1774 Lyde-²

1038 1784 1140 1818 Idem.

1080 1837 1123 1866 74
1145 1835 1314 1867 Permutat
1342 1834 1453 1866 vitreis
1473 1833 1621 1875 gregale]
1658 1834 1742 1867 Gre-

1035 1886 1121 1925 gole,
1136 1885 1245 1927 inquit
1266 1884 1457 1923 Domitium
1481 1885 1491 1902 ⁴
1503 1893 1581 1915 nam
1593 1883 1742 1917 fascicu-

1037 1935 1092 1976 lis,
1116 1940 1153 1968 et
1179 1936 1347 1976 gregatim
1378 1935 1578 1976 sulphurata
1603 1943 1740 1976 permu-

1038 1985 1180 2018 tantur.'
1211 1985 1291 2019 Jam
1307 1985 1419 2027 potius
1430 1985 1562 2025 gregale
1576 1984 1654 2016 ideo
1669 1984 1742 2017 die-

1039 2041 1110 2068 tum
1127 2035 1217 2077 quod
1232 2036 1276 2068 ab
1291 2035 1478 2067 bominibus
1495 2035 1539 2066 de
1562 2043 1683 2076 grege,
1704 2034 1741 2067 id

1031 2091 1102 2124 est,
1118 2087 1218 2127 vulgo
1234 2086 1456 2118 vendebatur.
1492 2085 1550 2117 Sic
1565 2085 1577 2103 ‘
1589 2084 1740 2126 gregalia

1037 2136 1159 2179 poma’
1182 2137 1270 2168 dixit
1290 2136 1435 2175 Seneca,
1457 2134 1491 2166 id
1517 2138 1573 2166 est·
1592 2135 1740 2167 maxime

1039 2186 1202 2228 vulgaria,
1226 2190 1261 2217 et
1286 2185 1409 2227 quibus
1437 2183 1621 2226 plebecula
1647 2183 1740 2216 vesei

1037 2237 1140 2276 solet,
1155 2245 1180 2268 1.
1202 2236 1244 2267 de
1267 2233 1388 2267 Benef.
1409 2244 1487 2276 cap.
1509 2236 1563 2266 12.
1586 2233 1739 2274 ‘Grega·

1038 2286 1084 2317 lia
1098 2294 1232 2327 quoque
1255 2294 1367 2326 poma,
1382 2283 1488 2315 etiam
1511 2287 1590 2324 post
1611 2291 1739 2324 paucos

1038 2334 1112 2366 dies
1126 2335 1217 2366 itura
1236 2334 1272 2366 iu
1294 2332 1485 2370 fastidium,
1506 2331 1739 2372 delectant,si

1037 2393 1227 2426 provenere
1242 2382 1431 2415 maturius:
1451 2381 1549 2413 Idem.

1078 2437 1120 2467 77
1146 2435 1232 2470 Quas
1262 2433 1358 2464 Nilus
1386 2441 1487 2471 sacer,
1517 2430 1740 2472 flora-iamque

1039 2483 1171 2524 Phasis]
1195 2482 1265 2515 Cnr
1281 2482 1395 2514 Nilum
1416 2479 1596 2512 ‘sacrum’
1621 2480 1740 2522 appel-

1037 2533 1143 2565 lavit?
1164 2532 1219 2564 Au
1239 2537 1384 2574 propter
1408 2530 1602 2563 Memnonis
1625 2530 1740 2571 sepul-

1037 2584 1152 2615 chrum
1169 2592 1209 2614 ac
1233 2583 1398 2623 templum
1417 2581 1506 2623 quod
1530 2579 1655 2612 Thebis
1680 2580 1737 2612 AE-

1037 2633 1166 2675 gyptiis
1182 2637 1269 2673 erat,
1289 2638 1327 2664 ut
1343 2634 1514 2672 interpres
1527 2630 1583 2661 hic
1598 2628 1737 2668 videtur

1038 2683 1202 2715 voluisse?
1228 2682 1377 2714 Dubium
1393 2681 1474 2713 mihi
1490 2689 1557 2711 non
1571 2683 1637 2719 est,
1652 2679 1736 2721 quin

1036 2733 1166 2765 Statius
1182 2732 1375 2774 respexerit
1395 2731 1438 2762 ad
1458 2730 1736 2772 superstitionem

1037 2782 1287 2826 AEgyptiorum,
1322 2782 1380 2824 qui
1419 2780 1536 2814 Nilum
1579 2780 1592 2801 ‘
1605 2778 1738 2822 Deum?
