1846 3120
221 227 335 269 1144

712 234 754 265 P.
785 231 979 264 PAPINu
1011 230 1179 264 STA'ru

219 331 410 382 Ictibus,
432 343 460 373 o
479 329 645 372 utinam
664 330 814 370 nostro
834 341 933 370 cum
954 326 1183 381 sanguine,
1203 326 1356 370 cervix
1376 328 1389 370 Ξ

219 399 422 441 Dicentis
441 396 643 439 maduere
662 408 805 450 genae,
826 396 1084 449 vultumque
1104 407 1184 449 per
1203 406 1380 436 omnem

218 466 369 509 Pallor
388 465 454 515 iit,
476 463 690 518 vocisque
708 474 869 516 repens
887 462 1106 516 singultus
1125 465 1327 516 apertum

218 532 461 587 Intercepit
480 532 585 574 iter:
614 531 782 574 refovet
800 530 1000 584 frigentis
1019 530 1210 572 amicum

216 600 387 642 Pectus
408 599 586 642 alumna
605 599 750 641 senis:
781 598 911 650 redit,
931 601 1064 654 atque
1081 598 1203 640 exile
1221 595 1448 652 profatur:

218 666 258 708 Ο
280 667 386 709 mihi
406 665 630 709 solicitum
649 665 790 708 decus
811 678 865 708 ac
886 677 1093 720 suprema
1109 665 1332 720 voluptas,

215 734 466 789 Antigone!
501 747 625 777 seras
646 734 728 776 tibi
748 734 950 776 demoror
968 733 1197 789 improbus
1216 732 1409 785 umbras,

215 801 328 844 Fors
343 802 499 845 eadem
518 802 688 845 scelera
708 804 751 844 et
770 800 917 844 caedes
936 801 1113 844 visurus
1130 798 1289 844 avitas·

1587 798 1677 844 36⁵
1695 850 1697 853 .

216 870 374 912 Donec
395 872 436 911 te
455 869 663 911 thalamis
681 867 890 919 habilem,
909 867 1215 924 integramque
1235 866 1468 923 resignem,

216 935 322 979 Hoc
343 937 467 988 satis,
488 942 536 979 et
554 936 722 979 fessum
741 936 840 980 vita
859 936 1086 989 dimittite,
1105 935 1280 979 Parcae.

215 1003 310 1046 Sed
329 1004 435 1047 dum
452 1005 581 1047 labor
599 1005 734 1057 inem,
756 1004 913 1060 quanti
931 1017 1050 1047 nunc
1071 1017 1175 1047 ecce
1194 1004 1346 1047 reviso.

213 1072 507 1115 Transabiere
528 1072 680 1116 duces.

213 1218 282 1247 tum
296 1215 405 1249 subter·
419 1225 524 1259 equos,
546 1226 565 1249 o
578 1216 699 1249 utinum
713 1225 780 1249 meo
798 1224 868 1249 cum
880 1225 1002 1249 cruore.
1047 1216 1148 1248 Genae
1162 1214 1316 1257 loquentis

204 1257 351 1300 fuerunt,
372 1263 404 1292 el
423 1261 525 1301 pallor
543 1259 740 1301 percucurrit
761 1262 860 1291 totam
875 1259 996 1298 faciem
1020 1258 1098 1299 ejus,
1121 1262 1153 1292 et
1174 1258 1296 1291 sabim
1314 1258 1474 1299 singultu

695 1302 825 1344 Pupilla
839 1301 995 1340 refocillat
1009 1311 1117 1334 carum
1138 1304 1251 1342 pectus·

209 1304 368 1341 patentem
381 1302 466 1334 viam
477 1303 560 1335 vocis
573 1302 649 1341 eius.

739 1072 949 1116 Clonium
970 1076 1106 1128 atque
1126 1072 1173 1115 in
1191 1074 1313 1126 terga
1329 1073 1561 1115 comantes

1329 1214 1475 1258 hayna·
1487 1215 1675 1248 lamma

1493 1255 1675 1290 {mmm

1261 1300 1422 1343 ,ti-igentia
1434 1300 1538 1334 mn‘o:
1555 1299 1610 1332 illo
1622 1307 1675 1350 fe·

211 1343 291 1384 cipit
304 1353 348 1386 se,
362 1348 393 1377 et
407 1345 545 1386 loquitur
558 1345 654 1377 debili
675 1355 755 1377 voce.
804 1345 834 1376 0
849 1344 928 1377 mihi
948 1344 1080 1377 anxium
1104 1347 1329 1384 ornamentum,
1350 1347 1383 1376 et
1405 1343 1525 1376 ultimae
1538 1342 1674 1383 delion,

210 1386 385 1428 Antigone,
399 1387 514 1429 differo
533 1391 662 1429 propter
675 1391 707 1420 te
721 1389 847 1420 tardam
859 1390 1003 1428 mortem,
1027 1387 1159 1420 nimium
1180 1388 1288 1428 vivax,
1300 1385 1416 1426 forsan
1429 1389 1608 1427 aspectum
1620 1393 1675 1417 aa·

211 1428 282 1460 dem
297 1430 432 1462 crimina
446 1433 477 1462 et
489 1432 579 1463 avita
591 1429 725 1470 sunem,
770 1430 844 1462 Hoc
865 1424 998 1512 efflet
1011 1430 1102 1472 milui,
1116 1431 1279 1463 dummodo
1292 1429 1459 1462 ratitum
1470 1432 1502 1461 te
1515 1431 1674 1462 aalma}

210 1472 344 1513 nuptiis,
357 1483 394 1505 ac
407 1472 637 1514 intemeratam,
655 1476 687 1505 ct
704 1474 817 1505 Parcae
839 1483 879 1505 au
896 1476 962 1505 erte
980 1473 1078 1505 vitam
1092 1477 1210 1506 saturo.
1254 1472 1320 1505 Sea
1333 1473 1407 1505 dum
1421 1472 1543 1513 linquor
1554 1470 1674 1510 aalma,

211 1515 335 1558 quanti,
349 1525 431 1549 nunc
444 1526 512 1550 ecce
525 1515 696 1558 considero,
718 1517 813 1549 duces
834 1516 1027 1558 praeteriere.
1069 1516 1145 1548 Non
1166 1525 1224 1557 ego
1245 1514 1408 1549 nunoeruvi
1423 1514 1627 1557 Chironium,
1640 1515 1673 1546 et

823 1612 1061 1627 000000000000

211 1677 275 1708 ³56
297 1675 406 1709 Codd.
422 1676 686 1719 Lindenbrogii:
712 1679 780 1710 lora
802 1675 1045 1711 terebat.-359
1066 1677 1198 1712 Dicenti
1218 1677 1412 1711 Pan—362
1432 1675 1530 1709 Unus
1545 1672 1670 1708 Behot.

212 1718 294 1751 exile
320 1719 584 1759 prosatum—368
606 1721 768 1753 Barthius
793 1721 994 1763 parenthesi
1008 1721 1151 1754 inclusit
1164 1721 1294 1754 verba:
1315 1729 1398 1752 nunc
1419 1727 1487 1752 ecce
1511 1719 1671 1752 reviso.—

209 1764 275 1793 369
300 1761 458 1794 Chromim
474 1765 566 1796 Dan.
582 1763 665 1796 Pnt.
689 1764 813 1797 PetaV.
837 1765 944 1806 Lang.

212 1804 326 1837 Clonin
340 1805 465 1839 Behot.
480 1810 512 1841 1.
537 1808 660 1839 Clomin
684 1807 809 1840 Behot.
821 1809 853 1840 2.
877 1807 1032 1841 additum
1055 1807 1069 1839 z·
1093 1811 1134 1840 ut
1157 1806 1258 1840 fieret
1280 1805 1426 1839 cumini.

968 1764 1073 1797 Laur.
1095 1763 1227 1796 Buslid.
1253 1763 1402 1804 Lipsian.
1423 1767 1462 1796 et
1486 1761 1565 1795 edd.
1580 1762 1670 1793 vett.

1469 1804 1560 1838 vide
1581 1802 1671 1838 Not.

871 1904 1015 1938 NOTAE

157 1995 162 2001 ,
210 1969 293 2002 tibus
307 1968 429 2010 cervix]
451 1968 541 2002 Vide
552 1968 658 2002 Theb.
674 1976 699 2001 1.
715 1968 726 1988 ‘
737 1968 912 2012 secuique

210 2019 363 2052 timentis
380 2020 454 2052 Ora
468 2019 584 2052 senis?

251 2072 316 2102 362
337 2069 490 2111 Alumna]
513 2066 713 2111 Antigone.'

251 2123 314 2152 363
340 2121 370 2152 Ο
385 2120 465 2152 mihi
478 2120 634 2152 solicitum
648 2119 755 2162 decus]
776 2119 910 2154 Honori

208 2171 300 2203 enim
315 2170 391 2203 era't
398 2170 589 2203 Phorbanti
600 2171 756 2204 custodia
767 2171 910 2214 Antigo-

207 2230 283 2263 nes,
293 2221 426 2254 sedilia
441 2222 547 2264 plena
559 2221 787 2255 solicitudinis
802 2226 839 2255 et
851 2233 910 2257 cu-

209 2282 337 2305 rarum.

249 2325 313 2355 365
344 2322 426 2355 Fors
453 2322 561 2355 eadem
587 2323 717 2364 scelera,
744 2322 815 2366 ssa]
858 2324 910 2358 Ut

208 2372 495 2416 quemadmodum
535 2373 657 2406 Laium
695 2374 810 2416 perire
838 2373 909 2407 vidi

206 2434 310 2457 manu
327 2423 458 2466 proprii
477 2423 551 2465 filii,
570 2425 619 2457 sic
633 2429 670 2458 et
685 2424 819 2459 videam
833 2426 910 2468 ejus

205 2479 352 2517 nepotes
367 2480 486 2507 mutua
500 2474 596 2507 caede
611 2476 738 2517 perire.

249 2528 314 2558 366
346 2525 566 2566 Integramque
594 2526 766 2569 resignem]
810 2528 907 2561 Sicut

206 2576 327 2618 accepi
354 2576 555 2608 servandam
585 2577 828 2620 virginitatem,
856 2579 906 2612 sic

207 2631 244 2659 et
272 2626 442 2668 integram
465 2629 502 2658 et
524 2625 692 2660 illibatam
713 2628 845 2671 nuptiis
870 2633 906 2663 et

205 2684 330 2720 sponso
346 2676 539 2709 restituam.

248 2730 314 2761 368
334 2728 400 2761 Sed
413 2729 487 2760 dum
497 2727 583 2760 labor
592 2727 693 2772 iners]
716 2729 805 2765 Quia
820 2729 904 2765 deli-

205 2779 323 2821 quium
337 2778 440 2813 animi
455 2788 575 2822 passus
587 2782 674 2812 erat.

1008 1970 1074 2000 369
1095 1967 1137 2000 In
1162 1970 1255 2008 terga
1279 1971 1434 2002 comantes
1454 1967 1670 2013 Abanti-dau]

965 2019 1019 2052 Ex
1047 2016 1222 2051 Homero:
1244 2016 1349 2051 ὄπιθεν
1368 2017 1557 2062 κομίσαντας,
1587 2030 1668 2063 pone

962 2073 1132 2102 comantes.
1177 2070 1224 2102 Et
1238 2068 1398 2102 dicuntur
1415 2069 1572 2105 Abantes
1595 2072 1669 2106 Em

963 2120 1050 2153 boeae
1060 2120 1181 2163 populi
1191 2120 1201 2138 ‘
1210 2128 1299 2162 pone
1310 2115 1602 2166 comantesf'quia
1611 2128 1672 2157 an·

965 2171 1093 2205 teriora
1117 2171 1322 2214 capillorum
1337 2172 1555 2206 resecabant.
1597 2170 1683 2206 E'o·⁴

963 2230 1039 2256 rum
1063 2232 1159 2256 more
1181 2226 1318 2256 tonsum
1332 2222 1479 2265 Delphis
1493 2223 1667 2257 Theseum

963 2277 1081 2306 narrat
1094 2273 1312 2306 Plutarchus.
1355 2272 1435 2306 Hoc
1451 2282 1533 2306 vero
1547 2269 1668 2307 obser·

963 2333 1062 2356 vasse
1089 2326 1217 2364 censet,
1243 2330 1312 2366 qno
1336 2322 1445 2355 minus
1471 2322 1665 2366 pugnantes

961 2375 1119 2407 hostibus
1132 2374 1256 2407 darent
1264 2382 1381 2406 ansam
1392 2374 1564 2417 capiendi,
1572 2375 1666 2418 quod

961 2426 1067 2459 etiam
1082 2421 1260 2458 factitasse
1276 2424 1421 2458 Curetes
1436 2425 1557 2459 scribit
1564 2425 1666 2460 Anti-

962 2476 1100 2508 machus
1115 2474 1301 2508 Euboicus.
1345 2475 1464 2508 Talem
1484 2474 1592 2509 etiam
1610 2474 1666 2508 fn-

961 2527 1028 2561 isse
1061 2526 1238 2569 Ἔκτόρειαν
1268 2523 1366 2566 κόμην
1399 2526 1475 2559 vult
1507 2526 1664 2560 Isaacius

959 2579 1118 2621 TzetzeS,
1131 2587 1236 2621 quam
1258 2575 1377 2611 laudat
1392 2577 1592 2611 Eustathius
1617 2577 1665 2612 11.

958 2631 998 2661 Ψ.
1021 2639 1066 2662 ex
1080 2629 1322 2671 Lycophrona.
1363 2627 1415 2661 At
1430 2627 1603 2661 Homerus
1617 2626 1663 2661 ΙΙ.

959 2684 998 2712 Δ.
1024 2679 1173 2711 Thracas
1207 2682 1312 2711 vocat
1334 2677 1538 2723 ᾇκροκόμουςς
1569 2677 1670 2722 qnod-

959 2730 996 2763 in
1011 2739 1140 2765 summo
1156 2729 1288 2764 vertice
1304 2733 1422 2764 essent
1435 2732 1571 2765 comati.
