1846 3120
240 236 353 288 1198

240 351 346 394 Non
365 363 499 392 unum
522 348 743 392 cecidisse
764 348 923 391 refert:
955 342 1113 404 sponte
1135 349 1314 404 agmina
1330 342 1455 392 retro¹

239 419 346 462 Non
367 421 604 472 expectato
624 419 909 458 revocantum
929 429 1054 459 more
1075 413 1283 460 tubarum

239 487 554 541 Praecipitant:
587 485 666 527 sed
687 487 832 539 torpet
847 484 940 535 iter,
959 484 1207 540 falluntque
1225 488 1403 528 ruentes
1615 479 1703 528 15⁵

239 554 399 596 Genua
421 554 555 604 virOS,
575 553 750 608 ipsique
769 551 926 608 (putes
948 551 1162 607 sensisse)
1182 556 1423 608 repugnant
1684 548 1685 551 ’

240 620 534 675 Cornipedes,
556 620 762 674 nulloque
783 625 933 661 truces
950 619 1193 662 hortamine
1214 625 1384 675 parent,

238 688 339 730 Nec
359 688 546 730 celerare
568 687 764 740 gradum,
785 700 868 729 nec
889 687 1045 729 tollere
1065 688 1231 730 lumina
1251 693 1383 730 terra.

240 755 417 797 Fortius
438 755 667 796 incursant
685 755 809 810 Tyrii
829 767 839 796 ε
873 754 953 796 sed
976 753 1150 808 Vesper
1168 767 1340 809 opacus

238 823 440 864 Lunares
454 822 547 876 jam
570 821 690 863 ducit
711 833 881 875 equos:
911 821 1020 863 data
1037 821 1206 864 foedere
1225 834 1363 876 parvo
1500 819 1503 822 ’
1615 819 1701 867 160

240 890 412 933 Moesta
431 890 535 931 viris
556 889 748 943 requies,
768 893 815 930 et
836 901 926 930 nox
946 891 1127 930 auctura
1145 890 1341 932 timores.
1680 887 1691 905 ““

240 958 357 1009 Quae
379 958 463 999 tibi
485 962 585 999 tunc
605 957 763 1007 facies,
785 959 1020 1011 postquam
1039 958 1258 1011 permissa
1278 956 1479 1011 gemendi

191 1074 195 1078 ¹
241 1023 420 1079 Copia?
453 1026 529 1079 qui
551 1024 686 1066 fletus
705 1024 846 1078 galeis
866 1024 1062 1066 cecidere
1082 1024 1272 1067 solutis?

241 1091 319 1135 Nil
340 1091 518 1134 solitum
543 1092 690 1134 fessos
704 1092 864 1147 juvat:
897 1092 1099 1146 abjecere
1118 1092 1355 1143 madentes,

237 1161 365 1202 Sicut
384 1163 517 1211 erant,
540 1160 721 1215 clypeos
739 1173 749 1202 :
782 1173 863 1201 nec
886 1160 1121 1214 quisquam
1143 1161 1318 1214 spicula
1339 1160 1477 1213 tersit,
1611 1156 1697 1205 165

239 1227 337 1269 Nec
357 1227 561 1271 laudavit
579 1241 757 1282 equum,
778 1227 931 1270 nitidae
952 1241 1033 1270 nec
1054 1228 1245 1270 cassidis
1267 1228 1404 1270 altam

739 253 780 284 Ρ.
815 249 1004 284 ΡΑΡΙΝΙῙ
1038 253 1205 286 STA'rn

234 1382 329 1405 unum
344 1376 508 1407 corruisse.
554 1377 713 1418 Manipuli
727 1378 809 1410 ultro
824 1378 996 1410 accelerant
1009 1381 1094 1410 retro
1111 1378 1241 1419 gradus,
1264 1377 1348 1411 haud
1362 1380 1525 1419 expectata
1538 1372 1697 1410 consuetu-

234 1415 306 1447 dine
321 1417 464 1450 tubarum
478 1420 615 1460 receptui
630 1420 804 1452 canentium
816 1431 828 1458 ;
849 1422 902 1452 sed
916 1420 1056 1460 segniter
1071 1423 1201 1457 vadunt,
1224 1425 1256 1454 et
1275 1422 1408 1463 poplites
1418 1421 1594 1453 destituunt
1601 1417 1698 1458 sesti-

235 1461 346 1503 nantes
359 1461 455 1492 viros.
501 1462 570 1503 Ipsi
585 1462 656 1503 equi
670 1463 827 1503 (crederes
841 1473 961 1495 sensum
976 1463 1103 1505 habere)
1127 1464 1289 1504 resistunt,
1309 1467 1340 1495 et
1365 1463 1493 1505 efferati
1507 1463 1600 1496 nullis
1613 1459 1698 1494 obse-

236 1504 373 1540 quuntur
386 1503 522 1544 vocibus,
543 1514 598 1535 nec
612 1506 727 1536 audent
735 1505 854 1545 sugam
865 1509 1034 1542 maturare,
1056 1516 1112 1538 nec
1126 1508 1229 1538 oculos
1241 1507 1344 1538 levare
1356 1507 1396 1538 ab
1409 1506 1513 1538 humo.
1559 1502 1700 1538 Thebani

233 1544 337 1575 acrius
347 1549 473 1585 urgent.
520 1546 584 1578 Sed
598 1547 759 1579 umbrosus
778 1548 893 1589 Vesper
909 1548 981 1588 jam
994 1548 1064 1588 ‹igit
1080 1559 1170 1590 equos
1183 1549 1274 1582 lunoe.
1320 1549 1472 1580 Concessa
1485 1546 1582 1580 militi
1596 1543 1698 1579 brevi-

236 1585 292 1616 ·bus
304 1586 440 1619 induciis
455 1589 557 1620 tristis
572 1590 704 1630 requies,
721 1594 752 1622 et
766 1600 830 1621 nox
844 1594 976 1622 auctura
990 1594 1099 1623 metus.
1148 1592 1228 1628 Quae
1240 1594 1315 1623 tunc
1329 1590 1388 1622 tibi
1401 1590 1518 1631 facien,

235 1628 310 1659 «iata
326 1630 452 1662 licentia
466 1631 615 1665 dolendi?
655 1633 734 1669 Quoe
749 1633 895 1674 lacrymae
909 1632 1078 1674 fluxerunt
1092 1634 1225 1666 ademtis
1239 1631 1435 1666 cassidibus?
1471 1632 1565 1665 Nihil
1578 1634 1699 1664 meeum

232 1670 335 1710 placet
348 1672 518 1713 fatigatis.
564 1674 768 1714 Projecerunt
789 1678 877 1707 scuta
898 1679 1038 1715 cruenta,
1061 1676 1144 1708 sicut
1164 1680 1273 1708 erant.-
1295 1686 1350 1708 nec
1363 1676 1524 1717 quiequam
1537 1674 1698 1707 mundavit

236 1714 309 1754 tela,
333 1724 390 1747 nec
409 1726 519 1757 equum
538 1718 715 1760 permulsit,
737 1727 792 1750 nec
814 1717 906 1760 pexit
928 1719 1099 1761 com-sitque
1119 1720 1259 1752 excelsas
1271 1720 1383 1752 cristas
1393 1717 1554 1760 fulgentia
1575 1717 1677 1758 galea
1690 1724 1702 1747 -·

849 1812 1087 1826 nnnnnnnn

234 1878 437 1907 correxerat
453 1875 533 1907 Gul.
557 1876 724 1908 Canterus
741 1876 871 1909 Novar.
893 1878 991 1911 Lect.
1015 1877 1076 1910 lib.
1094 1887 1136 1910 11.
1160 1888 1236 1920 cap.
1250 1880 1390 1911 8.-—154
1411 1877 1493 1910 Put.
1521 1880 1698 1910 remeatum

234 1927 320 1949 more
338 1917 605 1954 ferarum-156
632 1919 773 1951 Behott.
806 1923 836 1951 l.
861 1923 895 1951 2.
917 1924 1085 1962 ruuntque,
1109 1920 1169 1953 sed
1199 1922 1234 1952 in
1259 1921 1382 1952 Behot.
1413 1923 1444 1952 2.
1474 1925 1700 1961 expunctum,

235 1960 490 2002 ascriptumque
505 1965 797 2002 repugnant.-—169
821 1963 950 1994 Fortius
963 1964 1141 1996 incumbunt
1159 1963 1249 2005 Tyrii
1272 1963 1432 1995 Petrens.
1458 1962 1621 1994 incursant
1642 1971 1698 1994 ce-

234 2002 301 2034 teri
318 2011 435 2034 omnes
451 2003 544 2042 libri,
567 2009 603 2035 et
618 2005 738 2044 scripti
755 2010 790 2036 et
806 2005 1083 2046 impressit-160
1105 2006 1202 2037 Unus
1212 2007 1332 2038 Behot.
1344 2005 1467 2044 foedere
1479 2007 1698 2046 parvm—162

237 2045 317 2081 Quae
332 2045 393 2076 tibi
407 2055 487 2077 nunc
503 2046 585 2079 Put.
609 2047 737 2078 remissa
747 2047 893 2086 gemendi
905 2049 997 2081 Dan.
1013 2049 1095 2080 Put.
1111 2048 1236 2080 Petav.
1251 2047 1484 2087 Lindenbrog.
1499 2051 1536 2080 et
1550 2047 1699 2079 cmc.—

235 2090 298 2120 165
321 2087 419 2119 Unus
431 2087 554 2121 Behot.
576 2090 696 2131 spicula
710 2090 922 2123 torsit.—-166
943 2091 986 2123 In
1012 2091 1132 2124 eodem
1154 2091 1295 2124 codice:
1319 2100 1375 2122 nec
1392 2089 1522 2123 canidio
1543 2099 1699 2132 unquam,-

902 2163 1045 2196 NOTAE

235 2225 317 2257 bros
331 2225 502 2258 turbatrix
518 2225 610 2259 fama
625 2227 797 2268 pavores.’
995 2238 1070 2261 mus
1083 2228 1172 2261 enim
1188 2238 1251 2271 per
1259 2231 1403 2261 ‘noctem
1418 2237 1471 2260 res
1492 2228 1638 2270 mnjores
1653 2236 1694 2259 ac

279 2279 342 2308 154
367 2276 440 2308 Non
467 2280 630 2317 expectato
645 2281 843 2310 revocantum
858 2288 941 2311 more
995 2278 1169 2320 graviores
1185 2278 1284 2311 nobis
1299 2277 1428 2321 fingere
1444 2288 1486 2311 ac
1505 2286 1698 2322 reprimen-

234 2325 396 2366 tubarum]
429 2327 611 2367 Flagitium
644 2328 734 2359 enim
761 2332 835 2359 erat
866 2329 940 2360 acie
996 2333 1085 2360 tare.

1536 1585 1699 1632 postquam
1764 1603 1773 1612 ¹

235 2375 419 2415 excedere,
457 2377 655 2418 priusquam
686 2377 755 2408 dux
784 2378 942 2419 receptui

235 2425 312 2458 cani
344 2425 522 2467 jussisset·
576 2427 676 2460 Unde
714 2427 865 2460 refertur
896 2428 939 2460 de

235 2476 382 2519 quodam
397 2476 498 2518 duce,
509 2478 566 2519 qui
581 2488 657 2510 cum
674 2478 847 2519 fugientes
860 2489 938 2512 suos

235 2527 383 2564 videret,
400 2529 558 2568 receptui
582 2530 658 2563 cani
674 2530 792 2571 jussit,
819 2534 858 2562 ut
885 2530 938 2562 fu-

237 2586 315 2619 gam
331 2587 451 2608 corum
470 2582 618 2618 tegeret.

278 2629 341 2658 159
367 2626 473 2667 Tyrii]
498 2628 661 2668 Thebani,
675 2629 794 2669 utjam
812 2629 938 2671 saepius

235 2676 366 2708 dictum
392 2681 457 2708 est.
517 2677 655 2719 opacus]
690 2677 745 2710 Ob
778 2677 939 2711 tenebras

235 2724 362 2758 noctis.
421 2763 423 2765 ¹

278 2778 336 2807 161
364 2776 410 2809 Et
434 2785 498 2809 nox
520 2780 653 2809 auctura
679 2779 821 2821 timores]
842 2779 939 2812 Sole-

1040 2381 1102 2410 162
1126 2378 1206 2415 Quae
1220 2377 1282 2410 tibi
1302 2381 1375 2411 tunc
1392 2377 1513 2419 facies]
1538 2376 1697 2411 Admira—

995 2428 1066 2460 tive
1085 2438 1129 2461 ex
1146 2439 1290 2470 persona
1305 2428 1441 2462 Ροὲῑω.
1473 2428 1544 2461 Tibi
1560 2428 1608 2462 ibi
1622 2440 1699 2471 παρ·

994 2477 1087 2516 ἐλκει,
1104 2483 1144 2511 ut
1159 2480 1168 2496 ‘
1182 2489 1266 2511 ecce
1282 2479 1346 2511 tibi
1358 2479 1367 2493 ’
1383 2479 1515 2512 dictum
1530 2483 1597 2511 est.
1634 2480 1699 2512 Le·

994 2529 1045 2570 git
1062 2529 1245 2561 Bai-thius:
1273 2530 1360 2561 Tunc
1370 2530 1416 2561 ibi
1430 2529 1622 2571 quaefaciaes.

1037 2581 1100 2611 164
1125 2579 1185 2611 Nil
1199 2579 1551 2621 solitumsessosjuvut]
1575 2579 1615 2612 Id
1629 2583 1697 2620 est,

993 2628 1078 2661 nihil
1117 2638 1234 2661 eorum
1265 2639 1341 2672 quae
1379 2629 1503 2671 juvare
1529 2628 1698 2663 solebant.

995 2678 1149 2720 Guyetus.
1197 2679 1256 2711 Nil
1279 2679 1422 2720 solitum]
1453 2679 1496 2712 Id
1523 2687 1589 2721 est,
1619 2678 1696 2712 fieri

994 2734 1071 2771 post
1089 2740 1237 2772 pugnam
1264 2735 1300 2764 et
1324 2739 1386 2772 per
1401 2734 1549 2765 noctem.
1570 2731 1695 2775 Peyra-

992 2781 1094 2813 redas.
