1846 3120
0 0 72 526 Aua-suni&

613 232 953 266 acninnnmos
987 233 1087 264 mm
1115 233 1149 264 1.
1500 203 1614 262 155⁷

155 330 322 388 Cyrrha
341 329 616 385 sagittiferas
635 331 778 372 certat
796 328 964 383 stipare
985 327 1235 382 pharetras:

155 400 300 443 Lerna
316 407 474 454 graves
494 399 679 454 clypeos
699 397 833 439 caesis
852 396 1019 438 vestire
1033 395 1258 451 Juvencis.

112 501 115 503 .
146 467 251 511 {Dat
265 467 387 510 bello
403 467 579 522 pedites
596 465 791 517 AEtoluS‚
811 469 857 507 et
877 477 1007 519 asper
1025 462 1255 506 Acarnan:

155 533 303 590 Argos
324 535 414 590 agit
435 539 623 577 turmas:
654 537 900 577 vacuantur
919 545 1092 588 pascua
1111 531 1214 574 ditis

155 603 393 646 Arcadiae:
422 603 580 646 fraenat
598 602 764 644 celeres
785 601 945 656 Epiros
966 601 1190 643 alumnos:

155 671 336 731 Phocis!
354 675 399 714 et
417 670 577 714 Aoniae
590 669 758 725 ,iaculis
776 669 1001 711 rarescitis
1018 668 1212 711 umbrae:

154 739 380 782 Murorum
400 741 615 781 tormenta
633 737 778 792 Pylos
800 736 1103 791 Messanaque
1122 735 1316 778 tendunt.

1528 599 1614 641 420

151 869 233 900 gera
256 859 449 893 bestiarum.-
475 861 601 903 (ἔφη-Μ
624 860 729 892 studet
759 860 888 901 implere
914 859 1080 901 pharetras
1100 858 1252 899 sagittis.-
1283 858 1390 891 Lerna
1412 860 1519 899 tegere
1537 867 1615 899 pon-

152 902 265 934 demo
283 906 373 935 scuta
392 904 523 944 pellibus
543 904 712 935 occisorum
733 906 910 934 taurorum.
963 902 1090 935 AEtolus
1117 905 1149 933 et
1174 902 1272 941 seros:
1297 903 1444 933 Acarnan
1474 901 1616 942 prebent

152 945 275 986 pedite·
294 947 336 978 ad
357 946 488 979 beuum:
519 946 626 986 Argos
654 946 740 977 ducit
762 945 898 986 equites.-
931 954 1046 986 pascua
1079 945 1233 985 opulentoe
1253 943 1405 976 Arcadioe
1437 943 1618 984 relinquun-

154 990 227 1020 tur.-
247 988 492 1030 Epirossroenat
503 989 621 1021 veloces
634 998 747 1038 equos:
765 988 880 1020 Phocis
893 989 924 1019 et
930 988 1035 1037 sylvae
1044 986 1158 1019 Aonie
1170 987 1349 1019 decrescitis
1362 978 1399 1019 «lt
1412 986 1617 1028 conficiantur

146 1028 274 1069 §wala-
295 1031 396 1074 Pylos
408 1035 441 1064 et
456 1032 607 1064 Messana
622 1030 860 1064 subministrant
875 1029 1006 1062 balistas
1019 1031 1062 1062 ad
1077 1031 1239 1062 evertenda
1253 1029 1378 1062 Μία.
1415 1029 1516 1062 Nulla
1530 1032 1617 1061 terra

765 1114 844 1127 0000
847 1113 982 1126 ‘coece‘
986 1113 1005 1126 0

148 1179 264 1223 ³Bnrg.
266 1182 375 1213 -416
394 1180 504 1214 Vetus
519 1152 716 1213 Bernartii·
738 1180 858 1223 apin-are
868 1180 1044 1222 pharetras.
1045 1181 1154 1212 —418
1176 1179 1267 1212 Dant
1277 1179 1355 1212 bello
1366 1179 1490 1221 pedites
1504 1178 1615 1211 codex

148 1223 195 1256 -T-
209 1223 300 1257 kin
316 1223 421 1256 obss.
436 1224 539 1256 Misc.
553 1225 650 1257 Tom.
673 1233 721 1256 ιν.
738 1233 774 1265 p.
789 1226 851 1255 395
855 1226 974 1256 .-422
997 1223 1053 1255 Me
1227 1224 1358 1254 tradunt
1382 1222 1472 1253 Dan.
1490 1222 1615 1254 Petav.

156 1270 229 1298 tres
256 1267 443 1306 Bernartii‚
472 1276 590 1300 ornnes
609 1267 760 1308 Barthii‚
791 1272 827 1298 et
848 1266 928 1298 edd.
950 1270 1038 1298 vett.
1068 1266 1275 1307 Messanaque
1299 1266 1428 1298 indunt
1452 1264 1616 1297 Petrens.

149 1308 200 1342 Τ.
215 1309 257 1342 R.
274 1309 359 1344 Exn.
373 1309 482 1351 Bnrg.
502 1310 586 1343 Put.
597 1319 685 1342 nnus
698 1309 885 1351 Reman-tii,
901 1309 1052 1342 Gronov.
1065 1309 1186 1341 Barth.
1201 1309 1311 1342 Veen.
1326 1313 1364 1341 et
1378 1308 1617 1350 Delph.—429

813 1411 958 1453 Nous

135 2383 141 2389 ,
154 2343 254 2377 dedit
282 2352 417 2375 nomen.

156 1491 326 1523 ursorum,
356 1482 479 1526 quihus
510 1483 586 1516 haec
621 1484 717 1526 sylva
755 1484 859 1526 plena

155 1537 242 1566 erat.
276 1533 430 1576 rev-gom]
458 1534 525 1566 Vel
543 1533 587 1566 ad
603 1534 770 1576 tegendos
786 1535 859 1576 cly-

155 1592 251 1625 peos,
268 1583 322 1615 vel
341 1584 420 1627 quia
431 1584 581 1626 pellibus
597 1584 709 1617 induti
725 1584 858 1628 antiqui

154 1634 253 1667 ibant
268 1635 302 1666 in
318 1644 479 1676 pugnam.

195 1687 262 1717 416
284 1684 424 1728 Cyrrha]
440 1684 617 1727 Oppidum
633 1685 796 1718 Phocidis
811 1685 855 1718 si-

119 1763 122 1765 .
155 1738 229 1768 tum
244 1735 286 1767 ad
304 1734 439 1767 radices
451 1736 612 1767 Parnassi
626 1736 762 1768 montis.

197 1788 262 1819 417
284 1784 406 1827 Lerna]
430 1785 561 1818 Civitas
588 1785 780 1828 Argolidis3
803 1790 859 1820 est

153 1839 192 1870 et
219 1837 317 1879 palus
341 1835 496 1879 ejusdem
519 1835 664 1868 nominis
686 1837 721 1868 in
734 1836 858 1869 eadem

154 1887 306 1930 regione.
357 1887 459 1919 Caris
483 1887 599 1920 vestire
614 1886 775 1928 juvencis]
799 1887 857 1920 Sic

152 1939 262 1972 Theb.
288 1947 348 1972 ιιι.
374 1939 474 1971 ‘Nee
497 1939 609 1981 pudor
623 1939 768 1972 emerito
784 1940 858 1982 cly-

154 1999 259 2032 peum
274 1988 427 2022 vestisse
429 1988 607 2031 jnvenco.'

196 2042 262 2073 ⁴18
285 2038 424 2080 motas,
437 2042 470 2071 et
481 2049 574 2082 asper
586 2039 751 2081 Acarnan]
764 2040 856 2073 AEto-

153 2089 180 2122 li
195 2094 231 2122 et
245 2089 442 2122 Acarnanes
459 2089 577 2131 populi
593 2089 742 2122 Graeeiae
767 2090 857 2123 occi-

154 2139 323 2180 dentales,
334 2139 424 2172 inter
437 2148 522 2182 quos
533 2139 665 2171 medius
678 2143 733 2172 est
745 2139 858 2173 Ache-

155 2191 231 2223 lous
243 2189 385 2228 fluvius:
403 2189 580 2222 adherent
597 2189 716 2232 Epiro.
746 2192 799 2223 Ex
815 2191 856 2224 iis

155 2241 317 2285 gentihus
333 2240 470 2283 pedites
491 2240 687 2273 veniebant.

197 2295 265 2326 419
295 2291 412 2333 Argon]
438 2291 552 2333 Caput
581 2290 769 2333 Argolidis,
800 2293 857 2325 cui

477 2340 625 2382 Tur-mas]
655 2342 765 2384 Bene,
794 2353 856 2376 sen

150 2393 314 2436 Equites,
332 2392 413 2435 qnia
432 2390 524 2424 illinc
539 2391 662 2432 optimi
685 2393 766 2435 equi
781 2394 860 2426 mit-

155 2444 332 2485 tebantur,
343 2442 436 2475 unde
449 2441 561 2484 Argos
574 2442 585 2460 ‘
597 2442 784 2484 Hippium'
800 2453 858 2476 vo·

154 2494 312 2535 abatur,
323 2494 367 2526 ad
381 2491 611 2525 differentiam
623 2493 757 2525 urbium
770 2494 858 2536 ejus.

153 2545 237 2579 dem
251 2544 411 2577 nominis.
462 2543 589 2575 Pascua
601 2543 681 2575 ditis
694 2543 858 2587 Arcadioe]

154 2595 307 2630 Arcadia
321 2604 403 2637 pars
419 2593 672 2626 mediterranea
686 2593 858 2636 Pelopon-

155 2647 251 2680 nesi:
280 2645 410 2678 dicitnr
436 2644 447 2663 ‘
461 2642 581 2684 dives:
595 2643 630 2675 id
647 2647 713 2684 est,
726 2643 858 2677 fertilis.

153 2697 280 2731 Strabo
304 2696 396 2728 enim
422 2693 533 2727 refert
554 2694 590 2726 in
618 2694 767 2728 Arcadia
788 2695 859 2729 fer-

154 2747 230 2780 tilia
241 2746 349 2780 fnisse
363 2745 483 2788 pecori
499 2754 640 2787 pascua,
664 2747 857 2787 praesertim

154 2798 269 2842 equis,
289 2801 326 2830 et
341 2797 442 2830 asinis
456 2805 617 2839 equarum
633 2798 858 2839 suppositori-

912 1484 990 1517 bns.

953 1538 1019 1568 420
1045 1533 1173 1577 Epiros]
1190 1533 1315 1576 Epirus
1337 1533 1433 1576 regio
1455 1533 1616 1566 occiden-

912 1587 1015 1619 talior
1047 1585 1205 1619 Graeciae.
1259 1584 1316 1617 Ab
1353 1583 1617 1616 Acrocerauniis

912 1637 1041 1679 occipit
1067 1635 1242 1669 montibus
1257 1645 1267 1676 ;
1284 1635 1319 1667 in
1339 1644 1381 1667 ea
1395 1634 1494 1676 primi
1510 1634 1618 1666 Chao·

911 1697 986 1728 nes,
999 1687 1124 1720 deinde
1137 1685 1333 1728 Thesproti,
1353 1684 1619 1726 Antigonenses.

912 1739 1001 1772 Hoec
1029 1739 1125 1780 regio
1147 1739 1212 1771 alit
1234 1747 1341 1780 equas
1374 1736 1616 1778 praestantissi-

912 1799 998 1831 mas,
1018 1799 1093 1832 qnae
1118 1789 1162 1821 ab
1182 1798 1224 1822 ea
1245 1787 1474 1830 ‘Epiroticae’
1496 1787 1616 1829 appel-

911 1840 1036 1872 lantur.
1073 1839 1241 1882 Virgilius
1252 1838 1416 1881 Georga.
1433 1839 1444 1858 ‘
1458 1838 1618 1871 Eliadum

911 1891 1043 1932 palmas
1067 1890 1192 1932 Epiros
1207 1891 1396 1931 eqnarum.’
1440 1889 1544 1921 Nunc
1558 1889 1617 1921 Az-

911 1940 1005 1973 bunia
1016 1941 1118 1982 vulgo
1131 1944 1281 1973 vocatur.
1328 1939 1453 1973 Celeres
1462 1938 1617 1981 alumnos]

912 1992 1030 2034 Equos
1045 1991 1189 2024 celeres.

953 2044 1016 2074 421
1041 2042 1170 2084 Phocis]
1204 2041 1331 2074 Phocis
1344 2042 1440 2083 regio
1456 2040 1617 2081 Graeciae,

911 2091 1055 2123 celebris
1078 2092 1250 2124 Parnasso
1271 2096 1388 2124 monte
1407 2096 1444 2124 et
1458 2091 1619 2133 Delphis,

911 2141 1004 2174 inter
1035 2142 1203 2174 Boeotiam
1229 2145 1266 2174 et
1289 2146 1418 2174 terram
1450 2141 1616 2176 Atticam.

911 2192 1040 2234 Aoniae]
1062 2192 1106 2225 Id
1131 2196 1198 2233 est,
1220 2193 1378 2233 Boeotiae,
1394 2192 1437 2224 ab
1460 2192 1618 2226 Aonihus

912 2243 1060 2285 populis,
1075 2242 1132 2285 qui
1146 2243 1316 2275 Boeotiam
1325 2242 1522 2275 incolebant
1535 2247 1618 2276 ante

912 2292 1097 2325 adventum
1124 2292 1258 2325 Cadmi.
1302 2292 1441 2334 Jaculis]
1464 2292 1551 2327 Quae
1567 2293 1618 2326 ibi

909 2343 1144 2377 caedebantnr.

955 2397 1020 2428 422
1043 2394 1157 2438 Pylos]
1172 2393 1264 2427 Urbs
1280 2394 1476 2436 Messeniae,
1493 2394 1617 2428 Nesto-

913 2444 961 2477 ris
977 2445 1101 2488 patria.
1145 2443 1309 2485 Messana]
1337 2445 1427 2477 Urbs
1455 2445 1620 2487 primaria

913 2495 1111 2536 Messeniae,
1140 2495 1197 2528 cui
1234 2494 1332 2527 dedit
1356 2504 1492 2528 nomen.
1540 2496 1621 2528 Ten·

911 2546 991 2578 dunt
1005 2544 1165 2588 [tradunt]
1203 2543 1271 2577 Alii
1291 2545 1410 2586 legunt
1426 2545 1557 2577 tendunt
1572 2555 1618 2578 ex

912 2596 1068 2638 pluribus
1093 2596 1179 2628 Mss.
1203 2595 1292 2628 haud
1309 2596 1413 2629 dubie
1429 2596 1472 2628 ad
1487 2607 1618 2630 morem

911 2649 1075 2691 priscum,
1100 2658 1168 2690 quo
1183 2646 1322 2680 funibus
1338 2648 1503 2681 machinae
1520 2649 1619 2681 tendi

913 2699 1036 2731 solent.
1082 2698 1248 2740 Vegetius
1269 2698 1328 2731 lib.
1345 2707 1399 2731 lv.
1444 2699 1535 2731 Vide
1549 2703 1620 2731 tor-

912 2753 1104 2782 mentorum
1114 2749 1231 2782 icones
1243 2749 1377 2782 notitiae
1385 2749 1527 2792 Imperii
1539 2750 1620 2783 sub·

909 2800 1037 2842 jectas.
