1846 3120
406 515 504 591 P.
536 572 537 575 κ
584 515 1088 593 PAPINII
1165 518 1566 596 STATII
1616 481 1620 484 ’

634 708 692 767 Τ
712 709 778 767 Η
807 709 860 766 Ε
883 710 942 802 Β
964 709 1026 767 Α
1048 709 1082 768 Ι
1108 710 1167 768 D
1189 709 1249 769 O
1271 710 1316 770 S

778 891 997 941 LIBER
1044 890 1177 940 XII.

792 1195 1162 1229 ARGUMENTUM.

257 1279 441 1320 Titianam,
456 1282 532 1311 orto
558 1278 627 1319 die,
649 1277 733 1311 urbe
749 1277 982 1320 effunduntur,
998 1283 1035 1311 et
1050 1279 1147 1321 justa
1172 1279 1241 1312 suis
1267 1275 1493 1322 persolvunt.'
1520 1280 1701 1315 crematur

299 1332 459 1366 Eteocles
474 1332 610 1374 plebeio
623 1331 732 1364 busto.
777 1331 826 1364 At
841 1332 1040 1364 Menoeceus
1056 1342 1138 1372 rogo
1157 1341 1199 1364 ex
1226 1334 1327 1365 armis
1342 1333 1539 1377 exuviisque
1553 1335 1699 1367 hostium

300 1390 478 1418 exstructo
495 1385 692 1427 imponitur,
708 1395 809 1427 super
837 1395 937 1427 quem
953 1386 1063 1418 Creon
1081 1390 1179 1427 pater
1204 1386 1296 1418 vivos
1320 1387 1474 1428 captivos
1489 1391 1526 1419 et
1539 1386 1700 1420 frenatos

299 1444 403 1481 equos
419 1443 579 1480 tanquam
595 1435 731 1469 inferias
751 1438 913 1470 immolat.
957 1438 1114 1470 Renovat
1129 1438 1256 1479 edicta,
1271 1433 1478 1480 quibusssnb
1493 1440 1612 1472 mortis
1628 1450 1699 1482 poe-

297 1501 355 1532 na,
372 1490 532 1532 Argivos,
547 1501 629 1533 quos
645 1490 735 1522 inter
750 1494 946 1522 numeratur
960 1491 1157 1532 Polynices,
1172 1496 1330 1525 vetuerat
1351 1493 1516 1532 comburi,
1530 1497 1567 1526 et
1587 1498 1700 1526 custo·

297 1544 357 1575 des
374 1544 550 1576 servandis
566 1553 683 1575 eorum
698 1543 895 1585 corporibus
912 1544 1066 1585 apponit.
1110 1544 1249 1577 Interea
1265 1549 1425 1578 matronae
1441 1546 1578 1589 Argivae
1593 1547 1700 1589 passis

297 1597 457 1638 crinibus,
473 1601 547 1628 atra
570 1601 678 1637 veste,
702 1600 737 1628 et
757 1596 884 1628 laniato
908 1597 1015 1637 vultu,
1031 1602 1206 1638 praeeunte
1229 1596 1347 1639 Argia,
1361 1598 1495 1630 Theba·
1510 1603 1646 1640 petunt,
1661 1603 1700 1632 ut

299 1660 433 1682 suorum
462 1650 621 1694 exequias
638 1650 825 1682 celebrent.
870 1649 1016 1694 Obviam
1031 1650 1157 1682 habent
1173 1650 1332 1682 Ornitum
1357 1660 1400 1683 ex
1416 1651 1489 1684 acie
1503 1651 1703 1695 fugientem,

299 1704 357 1745 qui
372 1703 652 1735 inhumanitatem
668 1704 825 1736 Creontis
839 1703 905 1735 illis
921 1707 1056 1735 narrat:
1080 1703 1169 1736 hunc
1185 1705 1218 1735 in
1235 1704 1306 1735 illas
1321 1704 1540 1746 saeviturum3
1556 1705 1700 1738 redeant

297 1756 427 1798 potius,
451 1760 488 1788 et
508 1756 650 1788 mortuis
667 1756 814 1788 tumulos
837 1756 955 1788 inanes
976 1756 1202 1797 constituant3
1226 1762 1286 1789 aut
1308 1763 1388 1789 eant
1404 1756 1568 1800 Athenas,
1579 1758 1698 1792 Thesei

297 1809 473 1850 auxilium,
485 1810 542 1852 qui
558 1819 600 1842 ex
616 1809 821 1841 Amazonum
836 1809 926 1842 bello
941 1810 1050 1842 victor
1061 1809 1309 1851 revertebatur,
1322 1810 1566 1852 imploraturae.
1610 1812 1699 1844 Con·

296 1865 370 1896 silio
386 1864 513 1904 habito,
528 1864 562 1895 in
578 1863 714 1895 diversa
730 1864 919 1895 trahuntur.
962 1864 1030 1896 Hae
1044 1864 1173 1895 Thebas
1190 1873 1344 1906 pergere,
1360 1864 1425 1896 illae
1438 1864 1591 1897 Athenas
1602 1875 1613 1904 ς
1626 1869 1698 1897 tnr-

297 1926 340 1959 pe
356 1917 508 1949 omnibus
525 1916 645 1956 visum,
660 1915 770 1956 Argos
786 1916 924 1948 reverti.
970 1915 1073 1957 Argia
1087 1926 1182 1957 vero,
1203 1917 1298 1958 cujus
1314 1917 1424 1959 pietas
1447 1917 1502 1950 vel
1526 1917 1697 1950 minimam

297 1980 424 2002 moram
441 1969 511 2011 pati
528 1979 593 2000 non
610 1973 760 2010 poterat,
776 1969 958 2002 comitibus
973 1969 1093 2002 suadet
1107 1969 1149 2002 ad
1165 1970 1330 2002 Theseum
1345 1969 1566 2012 confugiant;
1583 1970 1697 2011 etilla,

298 2028 451 2056 assumto
466 2033 581 2055 secum
603 2023 673 2054 solo
696 2023 862 2065 Menoete,
876 2023 933 2065 qui
948 2028 1063 2055 custos
1089 2023 1167 2055 olim
1183 2028 1218 2055 et
1234 2023 1426 2056 moderator
1445 2024 1601 2065 juventae
1625 2025 1698 2066 ejus

298 2076 425 2114 fuerat,
441 2076 611 2118 praecipiti
626 2074 731 2117 gradu
748 2075 837 2107 viam
857 2076 1084 2118 persequitur.
1128 2076 1293 2108 Pervenit
1316 2076 1453 2109 tandem
1469 2086 1598 2110 summo
1621 2087 1698 2110 cum
1730 2121 1733 2123 -

294 2130 412 2162 labore
430 2130 473 2161 ad
490 2139 612 2171 pugnae
628 2130 750 2161 locum.
795 2130 842 2162 Et
857 2139 946 2166 cum,
962 2129 1006 2161 ob
1027 2129 1136 2161 noctis
1152 2129 1323 2169 tenebras,
1339 2139 1462 2171 corpus
1477 2130 1591 2163 mariti
1605 2131 1699 2163 inve-

295 2184 370 2216 nire
385 2193 451 2216 non
468 2187 596 2225 posset,
612 2182 701 2216 Juno
717 2182 806 2214 illius
820 2181 971 2219 miserta,
986 2182 1097 2214 lunam
1113 2186 1225 2223 rogat,
1239 2186 1278 2214 ut
1288 2181 1395 2224 jubar
1408 2191 1502 2214 sunm
1520 2180 1699 2225 accendat,

297 2242 333 2270 et
349 2236 510 2270 custodes
526 2235 650 2278 sopiat.
695 2236 809 2277 Hujus
825 2235 910 2267 lucis
926 2245 991 2277 ope
1008 2235 1219 2276 chlamydem
1236 2235 1378 2277 primum
1394 2239 1430 2267 et
1445 2235 1568 2268 deinde
1584 2237 1698 2269 mariti

296 2299 420 2332 corpus
437 2290 586 2331 agnovit.
629 2288 757 2320 Eodem
773 2293 928 2330 tempore
943 2287 1115 2330 Antigone
1131 2288 1216 2320 clam
1232 2287 1315 2319 urbe
1330 2297 1480 2329 egressa,
1494 2288 1536 2320 ed
1552 2290 1698 2322 eundem

296 2344 407 2376 locum
422 2343 524 2384 venit,
538 2347 577 2375 ut
591 2342 690 2374 fratri
713 2342 867 2384 Polynici
891 2342 1101 2383 sepulturam
1123 2340 1233 2372 daret.
1276 2341 1401 2382 Stupet
1417 2341 1536 2373 videns
1550 2341 1699 2384 incogni-

296 2401 365 2428 tam
382 2396 535 2437 Argiam,
549 2405 624 2437 quae
641 2404 765 2436 corpus
780 2394 855 2435 ejus
868 2393 958 2426 inter
980 2394 1121 2426 brachia
1148 2393 1299 2425 tenebat.
1343 2393 1423 2425 Non
1448 2394 1557 2426 minus
1580 2400 1698 2438 stupet

296 2448 414 2491 Argia,
427 2448 557 2490 ignara,
573 2457 649 2490 quae
676 2450 767 2479 esset
794 2446 963 2488 Antigone
977 2457 984 2478 :
1017 2456 1095 2478 mox
1122 2456 1158 2478 se
1185 2445 1248 2478 sibi
1275 2446 1420 2478 invicem
1447 2447 1699 2488 cognoscendas

294 2502 461 2543 praebent.
506 2501 591 2533 Cum
608 2504 720 2532 autem
737 2504 872 2541 tempus
889 2500 922 2531 in
937 2499 1073 2531 fletibus
1089 2503 1125 2531 et
1137 2499 1306 2539 lamentis,
1318 2509 1356 2531 ac
1371 2503 1504 2532 mortuo
1515 2501 1698 2533 osculando

296 2559 424 2595 terunt,
441 2563 498 2585 eas
514 2552 679 2585 festinare
695 2552 855 2584 admonet
869 2552 1051 2593 Menoetes,
1066 2551 1121 2583 die
1137 2552 1446 2593 appropinquante,
1460 2552 1516 2594 qui
1531 2553 1605 2585 illas
1621 2563 1697 2595 pro-

297 2608 407 2640 deret.
452 2607 584 2648 Corpus
610 2606 715 2647 igitur
738 2606 779 2637 ad
807 2606 977 2638 Ismenum
992 2604 1129 2637 fluvium
1145 2605 1340 2646 praecipites
1355 2603 1483 2646 ferunt,
1499 2609 1538 2638 et
1551 2606 1632 2638 illud
1649 2607 1696 2638 la-

293 2666 400 2700 vant;
423 2670 464 2692 ac
479 2664 657 2701 postquam
671 2659 852 2691 novissima
868 2659 984 2692 oscula
1000 2659 1032 2691 ei
1059 2658 1245 2699 dedissent,
1270 2657 1305 2689 id
1330 2657 1430 2690 busto
1455 2659 1646 2700 imponunt,
1662 2660 1696 2691 in

294 2723 362 2756 quo
379 2713 490 2745 tenuis
504 2712 563 2744 lux
577 2711 687 2744 adhuc
704 2711 856 2753 vivebat,
870 2721 946 2743 eum
962 2715 1152 2753 precantes,
1166 2711 1260 2752 cujus
1275 2710 1357 2742 illud
1374 2711 1430 2752 sit,
1444 2711 1590 2752 supremi
1605 2712 1698 2745 cine-

296 2768 341 2799 ris
359 2770 485 2799 socium
502 2765 636 2807 placide
666 2765 837 2798 admittat.
883 2765 952 2797 Vix
968 2765 1127 2807 imposito
1141 2773 1294 2806 corpore,
1317 2762 1450 2796 flamma
1464 2763 1576 2797 subito
1591 2774 1697 2798 erum-
