1858 3112
431 278 472 308 P.
507 275 697 307 eumn
731 273 897 306 s'rA'rn
932 273 1080 306 sym.
1114 273 1208 306 ms.
1231 274 1307 304 111.
1338 263 1378 305 1.

171 375 293 414 unet
318 370 515 414 appellatur
544 370 699 403 Virbius.
753 369 877 411 virgil.

171 420 182 453 ἔ
196 421 246 455 At
259 421 378 454 Trivia
389 421 621 464 Hippolytum
633 421 776 454 seeretis
789 421 878 453 alma

170 472 334 506 recondit
351 471 523 507 sedibus!
568 473 678 504 Lacus
699 481 783 513 ergo
795 478 877 503 con-

169 522 262 556 scius
283 529 338 556 est
358 522 544 565 Hippolyti
566 522 720 563 latentis,
741 521 878 553 scilicet

168 572 266 606 illio:
296 582 374 605 narn
403 573 533 606 conscii
563 572 701 614 proprie
731 571 878 604 dicimur

110 621 119 628 '
172 632 287 661 rerum
302 623 528 656 occultarum.
552 623 653 656 Idem.

215 676 260 706 ⁵8
283 673 442 709 Enna«
455 673 582 714 Diam]
619 672 738 706 Diana
759 671 878 704 crede·

172 723 276 757 batur
300 723 371 756 suis
397 717 511 765 festis,
540 733 620 767 quae
644 723 766 756 Idibus
788 722 878 764 Aug.

172 772 452 812 celebrabantur,
466 773 598 815 feriari,
611 783 783 816 canesque
799 783 878 806 suos

173 833 342 858 coronare
371 829 414 866 et,
433 834 454 857 a
481 830 609 862 venatu
634 825 800 857 immunes
822 825 880 856 ha-

174 873 271 916 bere,
287 874 380 917 quod
403 875 506 909 Statii
530 885 646 908 versus
670 875 814 916 indicat,
845 879 881 906 et

173 927 356 963 coufirmat
391 926 535 960 Gratius
569 927 603 959 iu
640 927 879 970 cynegetico:

174 980 185 998 ‘
197 978 431 1021 Spieatasque
448 977 542 1011 faces
558 987 692 1011 sacrum
708 978 750 1010 ad
765 987 881 1010 nemo-

176 1030 248 1063 rale
267 1029 392 1062 Diauae
404 1029 629 1071 Sistimus,et
648 1029 749 1061 solito
766 1028 881 1061 Catuli

176 1080 334 1112 velantur
362 1078 513 1112 bonore.'
554 1079 704 1114 Turneb.
728 1078 788 1111 lib,
812 1087 880 1111 vn.

173 1141 208 1164 e.
235 1130 302 1168 ult.
348 1129 443 1163 Male
479 1139 563 1172 ergo
598 1130 800 1162 Paschalius
836 1129 882 1162 de

175 1179 324 1214 Coronis
341 1179 399 1213 lib.
414 1189 448 1215 ,1.
474 1179 619 1222 exponit
642 1181 697 1212 bic
717 1189 882 1212 coronare

174 1240 241 1273 pro
271 1230 401 1263 vincire
429 1235 467 1262 et
491 1231 741 1272 constringere.
786 1231 884 1273 Legi-

176 1289 252 1313 mus
265 1286 300 1312 et
315 1280 422 1312 boves
437 1285 620 1314 coronatos
636 1279 743 1312 fuisse
759 1280 882 1312 diebus

175 1330 325 1364 feriatis.
348 1329 454 1364 Ovid.
469 1331 562 1364 Fast.
578 1340 612 1364 v.
638 1331 752 1363 Tibul.
770 1331 829 1363 lib.
843 1340 884 1364 ιι,

177 1381 277 1423 Eleg.
293 1383 325 1413 l.
351 1381 499 1414 emen.

218 1434 262 1464 62
275 1430 345 1462 Rus
353 1431 528 1472 proprium,
537 1432 704 1473 magnique
714 1431 819 1464 Ducis
827 1432 884 1463 mi-

177 1481 488 1533 binnanerecurtm
507 1481 617 1523 Unda]
640 1483 808 1524 Papinius
825 1482 885 1515 Al-

177 1534 306 1568 banum
334 1542 393 1565 rus
415 1541 438 1566 a
465 1532 662 1565 Domitiano
687 1538 886 1575 acceperat,

176 1584 232 1617 cui
247 1584 276 1617 si
291 1584 405 1617 minus
421 1583 622 1626 gratuitum,
635 1587 732 1616 certe
749 1589 885 1625 gratum

174 1641 215 1669 et
242 1635 352 1677 εὔχαρι
388 1634 621 1672 testimonium
659 1634 787 1667 reddit.
833 1636 886 1667 Ex

178 1695 296 1719 eorum
313 1685 403 1718 enim
428 1695 572 1724 numero
594 1691 671 1718 erat
696 1686 754 1728 qui
777 1686 886 1718 multa

178 1736 331 1780 principi
343 1735 529 1769 debebant.
553 1737 680 1770 Mareu.

222 1789 268 1820 69
289 1787 620 1829 Angustam-aesna,
632 1791 814 1830 assuetaque
826 1791 886 1820 tec·

177 1842 214 1872 ta
246 1848 419 1881 gruem
447 1839 644 1882 Fraudibus]
669 1841 819 1874 Frustra,
833 1846 887 1872 est

184 1890 371 1931 Domitius,
384 1890 487 1923 etalii
502 1890 614 1932 ipsum
626 1891 748 1932 secuti,
759 1891 816 1934 qui
831 1891 886 1923 hic

178 1943 287 1974 assuta
319 1944 406 1974 tecta
450 1940 549 1973 nobis
590 1943 888 1982 consarcinatum,

179 1993 278 2035 quasi
302 1992 392 2024 male
415 1992 630 2025 coliaerenti'a
647 1998 688 2026 et
714 1993 888 2026 hiantibus

181 2043 276 2075 rimis
304 2047 483 2075 contexta.
538 2044 628 2075 Nam
663 2043 794 2076 Statius
823 2044 887 2076 hoc

179 2093 260 2126 loco
288 2092 564 2134 augustissimum
600 2098 638 2126 et
670 2093 888 2135 magnificum

179 2143 304 2176 Dianas
331 2141 486 2175 Aricina
512 2143 679 2185 templum
703 2144 889 2176 etiamnum

182 2194 358 2232 describit,
387 2199 425 2227 et
453 2194 603 2227 necdum
631 2194 814 2227 descendit
846 2195 890 2227 ad

179 2247 308 2280 hun-ile
337 2251 375 2278 et
411 2251 586 2279 vetustum
616 2246 780 2279 Herculis
807 2251 891 2279 tem-

181 2298 292 2340 plum,
306 2297 398 2340 quod
414 2307 435 2329 a
450 2297 566 2330 Pollio
582 2302 811 2330 restauratum
826 2301 890 2329 est.

183 2348 274 2381 Nam
303 2347 348 2380 de
385 2356 427 2380 eo
458 2348 612 2390 loquitur
640 2348 746 2389 paulo
777 2354 855 2390 post
881 2359 891 2380 :

181 2401 195 2419 ⁴
208 2400 330 2433 Stabat
344 2399 440 2432 dicta
451 2399 541 2431 sacri
558 2399 670 2431 tenuis
683 2409 774 2437 casa,
787 2399 892 2431 nomi-

180 2460 229 2484 ne
242 2449 385 2492 templi:
402 2453 469 2483 δια.
516 2449 614 2482 Dixit
639 2454 752 2481 autem
767 2453 894 2482 assueta

180 2504 280 2542 mla,
308 2500 388 2543 quia
408 2500 512 2532 moris
534 2505 613 2533 erat
638 2500 760 2533 diebus
783 2500 892 2537 festis,

184 2553 303 2595 quales
324 2550 381 2583 hic
404 2550 571 2583 describit
596 2551 722 2591 Poeta,
748 2552 892 2593 templo-

186 2612 262 2635 rum
291 2600 384 2634 fores
409 2599 588 2633 frondibus
613 2611 747 2634 ornare.
791 2603 893 2634 Unde

180 2653 236 2686 ait
252 2653 383 2694 templa
406 2656 549 2693 propter
571 2652 664 2685 illam
679 2654 895 2685 consuetudi·

185 2713 264 2737 nem
285 2703 361 2745 jam
388 2707 514 2735 usmeta
536 2712 613 2735 esse
642 2703 747 2735 velari
779 2704 893 2736 ramis.

182 2755 352 2788 Similiter
375 2753 465 2785 dixit
487 2763 508 2785 a
529 2754 705 2786 contrario
731 2754 892 2787 Claudia-

187 2814 251 2838 nus
266 2813 317 2838 vs.
330 2804 434 2836 Cous.
450 2802 596 2836 Honor-ii
612 2815 621 2836 t
646 2804 656 2822 ‘
673 2804 892 2846 Desuetaque

183 2855 298 2898 cingit
327 2855 456 2896 Regius
485 2855 614 2886 auratis
642 2854 716 2888 fora
743 2855 892 2889 fascibus

275 2908 392 2950 Delph.
402 2911 435 2941 et
450 2909 527 2942 Var.
542 2909 627 2942 Clas.

881 2909 966 2942 Stat.

1521 263 1635 306 1697

927 369 1032 411 Ulpia
1060 369 1185 402 lictor.'
1229 369 1377 401 Causam
1404 368 1530 400 erroris
1557 368 1637 400 viris

927 419 1041 451 doctis
1058 418 1156 451 dedit
1171 419 1329 452 confusio
1348 419 1485 461 Templi
1502 419 1637 459 Diauae,

928 474 963 501 et
977 469 1113 510 Templi
1136 469 1312 511 Herculis,
1338 480 1414 512 quae
1438 470 1539 502 ambo
1558 470 1638 502 Sta-

928 519 996 552 tius
1011 519 1067 552 hic
1083 520 1207 562 tangit.
1251 521 1452 563 Legendum
1472 525 1585 554 autem
1601 521 1638 553 in

929 572 1106 613 proposito
1120 572 1223 604 Statii
1238 573 1328 613 loco,
1347 572 1571 614 Augustusque
1582 571 1637 611 so-

927 631 978 654 res
989 632 1002 659 ,·
1018 631 1086 654 nou
1099 622 1278 664 Augustas,
1292 626 1331 654 ut
1346 623 1434 654 male
1451 622 1640 654 ediderunt

928 681 1058 713 operae.
1084 672 1217 704 Gevart.
1254 671 1574 714 Augustusquesores
1587 681 1639 704 as-

927 726 1074 764 suetaque
1103 726 1187 755 tecta
1213 723 1402 764 gravamur]
1447 723 1505 755 Ita
1534 722 1640 755 habet

929 774 1131 814 conjectura
1145 773 1179 804 M
1185 772 1457 805 aximiSalmasii
1469 782 1568 815 quam
1577 782 1640 804 nos

930 824 1096 856 ambabus
1121 825 1209 856 ulnis
1231 825 1484 866 amplectimur.
1532 825 1638 865 Dum,

930 877 1054 919 inquit,
1082 876 1174 908 diem
1197 875 1325 908 festum
1356 876 1480 909 Diauae
1509 876 1544 908 in
1572 876 1641 907 udo

931 926 1032 958 litore
1048 926 1218 966 ducimus,
1238 931 1274 958 et
1290 931 1453 968 augustas
1469 925 1574 958 Pollii
1591 925 1642 957 fo-

931 986 1001 1017 res,
1017 981 1180 1018 tectaque
1195 981 1332 1008 assueta
1349 986 1545 1017 gravamur,
1560 976 1641 1009 solis

932 1033 1049 1060 autem
1073 1026 1252 1059 frondibus
1274 1028 1328 1059 vel
1350 1027 1509 1059 arborum
1525 1028 1641 1069 opaci-

933 1080 1137 1112 tatesoiem
1160 1088 1327 1111 arcemus.
1383 1079 1480 1111 Tecta
1500 1089 1641 1119 gravan-

931 1133 999 1171 tur,
1007 1129 1130 1172 quibus
1141 1133 1310 1171 grave-est
1321 1129 1427 1162 tectis
1438 1129 1642 1162 succedere.

932 1182 1076 1213 Sueton.
1102 1181 1112 1198 ‘
1127 1181 1241 1222 ampla
1263 1185 1302 1212 et
1317 1189 1462 1222 operosa
1477 1179 1643 1221 praetoria

933 1231 1164 1274 gravabatur)
1198 1231 1337 1263 Gronov.
1355 1230 1468 1263 Βίων.
1482 1241 1550 1272 cap.
1564 1233 1620 1262 23.

976 1285 1019 1314 76
1042 1281 1264 1322 Redimitaque
1285 1281 1376 1322 vina]
1408 1282 1570 1323 Respicit
1598 1280 1643 1312 ad

934 1333 1140 1365 cor-ollarum
1170 1332 1243 1374 ejus
1268 1332 1386 1364 saeculi
1413 1334 1450 1364 in
1475 1331 1642 1364 conviviis

934 1384 1067 1423 luxum,
1089 1392 1156 1425 quo
1173 1392 1240 1414 non
1257 1382 1376 1424 capita
1391 1382 1517 1423 solum,
1538 1381 1643 1419 colla,

936 1435 1093 1477 adeoque
1137 1434 1295 1466 humeros
1338 1433 1643 1473 discumbentium,

937 1494 1052 1518 verum
1069 1485 1173 1517 etiarn
1192 1485 1270 1517 vina
1283 1489 1387 1526 atque
1403 1484 1531 1517 calices
1545 1476 1644 1516 coro·

936 1535 1080 1567 nabunt.
1126 1535 1206 1567 Non
1222 1535 1382 1567 exscribo
1395 1545 1473 1577 quae
1489 1534 1571 1567 alibi
1584 1544 1645 1566 no-

936 1587 1022 1629 tavi,
1045 1587 1192 1629 adjunge
1205 1587 1459 1620 Tertullianum
1489 1592 1643 1620 nostrum

936 1637 1025 1670 libro
1037 1637 1081 1669 de
1098 1638 1222 1669 Resur.
1236 1637 1370 1670 Carnis.
1393 1638 1547 1670 Bernart.

980 1690 1022 1719 77
1048 1688 1102 1719 Ne
1117 1697 1177 1728 quo
1191 1688 1335 1720 convivia
1349 1689 1503 1730 migrent]
1535 1689 1646 1721 Vetus

936 1740 1045 1772 editio
1058 1739 1264 1771 Parisiensis
1276 1739 1383 1772 habet
1397 1751 1404 1770 :
1417 1750 1473 1772 nee
1486 1750 1544 1781 quo
1558 1749 1648 1772 conv.

936 1801 979 1823 m.
994 1801 1068 1833 quae
1078 1789 1207 1830 γνήσια,
1219 1800 1312 1831 vera,
1328 1800 1559 1832 germanaque
1575 1791 1645 1823 lec-

939 1842 987 1874 tio
1003 1841 1152 1883 videtur,
1164 1842 1232 1874 imo
1248 1842 1395 1883 lampas,
1404 1852 1470 1884 qua
1487 1843 1644 1876 tenebrae

935 1902 1072 1935 opacae,
1084 1903 1161 1935 quae
1183 1893 1238 1924 hic
1250 1892 1356 1925 Statii
1373 1898 1522 1925 mentem
1536 1894 1645 1926 invol-

939 1944 1081 1984 vebant,
1090 1943 1343 1976 discutiuntur:
1368 1944 1486 1986 utjam
1499 1945 1646 1977 maxime

937 1996 1080 2038 liqueat,
1096 2000 1132 2027 et
1154 2000 1273 2037 pateat
1290 1995 1344 2027 bic
1359 2005 1497 2027 sensus:
1526 1996 1647 2028 Famu-

937 2045 974 2086 l-i,
992 2046 1117 2088 inquit,
1139 2047 1320 2078 esculenta
1335 2052 1371 2078 et
1389 2046 1573 2087 poculenta
1586 2047 1645 2079 ab·

939 2096 1090 2138 ripiunt:
1111 2106 1176 2128 nec
1190 2102 1306 2128 tamen
1321 2097 1417 2128 locus
1434 2096 1576 2128 idoneus
1589 2107 1647 2130 oc-

940 2146 1116 2186 currebat,
1153 2156 1221 2188 quo
1258 2145 1489 2178 transferrent
1515 2148 1648 2188 epulas.

940 2197 1019 2229 Hoc
1043 2196 1115 2228 viro
1141 2196 1258 2237 docto,
1283 2196 1393 2229 aniico
1417 2200 1537 2229 nostro
1560 2197 1647 2231 Adr.

939 2247 1119 2286 Berraum,
1133 2252 1277 2279 venerat
1299 2247 1333 2278 in
1347 2253 1514 2285 mentem,
1542 2248 1647 2280 etiam

940 2297 1138 2340 priusquam
1161 2303 1314 2330 veterem
1339 2298 1432 2330 illam
1459 2298 1648 2331 editionem

938 2348 1180 2381 consuluisset.
1204 2349 1332 2381 Mos-eu.

985 2401 1027 2430 84
1045 2398 1320 2441 Smutatoresque]
1337 2399 1647 2432 Piscatores.'Mul-

940 2453 980 2481 ta
994 2449 1059 2481 huc
1081 2448 1248 2481 facientia
1265 2450 1447 2492 Oppianus
1473 2451 1508 2482 in
1531 2451 1649 2483 Pisca-

939 2501 1073 2533 tionum
1109 2502 1217 2541 libris,
1249 2501 1440 2542 Alciphron
1469 2502 1650 2543 Epistulis-

942 2552 1046 2584 Paria
1062 2552 1164 2584 etiam
1183 2553 1345 2593 leguntur
1358 2553 1451 2595 apud
1467 2553 1649 2585 Manilium

942 2607 979 2634 et
996 2602 1193 2635 Firmicum.
1218 2603 1336 2635 Barth.

995 2655 1038 2684 02
1060 2653 1215 2685 Juvenem
1249 2654 1377 2694 replesti
1411 2654 1649 2696 Parthenopen]

943 2703 1152 2735 Instaurasti
1191 2709 1342 2736 nostram
1376 2705 1558 2746 Neapolim
1573 2716 1582 2736 ι
1614 2711 1651 2737 et

941 2754 1099 2786 Stertinii
1109 2754 1232 2786 medici
1246 2753 1367 2795 frater,
1377 2755 1432 2787 cui
1440 2761 1651 2787 sexcentena

943 2805 1109 2837 sestertia
1137 2804 1172 2836 in
1201 2811 1334 2847 quaestu
1358 2805 1499 2838 fuerunt
1513 2806 1649 2838 Claudii

944 2855 1172 2898 liberalitate,
1194 2855 1352 2889 aedificiis
1379 2857 1563 2898 Neapolim
1592 2865 1651 2887 ex-

1490 2913 1508 2940 5
1534 2909 1562 2940 P
