1846 3120
263 235 376 283 1408
736 245 803 289 1ι».
836 242 1028 278 esrum-1
1061 242 1224 273 s'rA'ru
1674 248 1689 265 ι

265 340 319 382 In
339 339 488 381 media
507 350 626 379 arma
648 336 837 379 cadant:
869 349 956 378 non
975 337 1014 378 si
1031 337 1131 391 ipse
1147 338 1203 379 ad
1224 337 1345 380 heila
1365 339 1510 380 ruenti

265 406 441 456 Obstet‚
465 410 511 446 et
530 404 747 446 extinctos
768 403 906 456 galeae
928 407 1053 458 pater
1075 404 1247 457 ingerat
1267 405 1415 456 orbes,
1467 427 1471 431 -

266 473 498 530 Deficiam7
557 470 686 512 Anne
706 470 858 512 bibam
880 474 1081 525 superest
1101 471 1412 527 quodcumque
1433 472 1605 514 cruoris

265 539 467 581 Inachii?
498 542 542 580 et
560 538 721 580 vestris
741 537 976 579 etiamnum
998 538 1209 579 mortibus
1228 530 1356 580 utar?
1494 548 1497 551 ·

264 606 372 647 Vidi
391 609 559 659 egomet
578 607 763 660 propter·
775 609 929 658 ruptos
949 604 1118 646 telluris
1138 604 1304 655 hiatus,
1621 605 1726 654 ⁴175

264 672 365 715 Nec
387 673 528 715 subii:
559 672 653 726 vidi
671 671 936 721 exanimum,
952 672 1376 726 -fecique'nocentem

264 740 445 794 Tydea:
476 753 546 782 me
565 739 714 792 Tegee
732 751 881 792 regem
898 738 1119 780 indefessa
1139 740 1342 793 reposcit,

265 806 478 861 Orbaque
506 805 753 849 Parrhasiis
774 806 916 848 ululat
935 806 1042 847 mihi
1063 811 1204 848 mater
1223 807 1267 847 in
1288 808 1438 849 antrisa

264 874 372 929 Ipse
392 887 472 916 nec
492 867 653 915 Ismeni
676 873 813 927 ripas,
835 873 936 914 dum
959 877 1113 926 stagna
1132 877 1333 916 cruentat
1517 916 1522 924 ,

263 941 598 996 Hippomedon,
618 940 779 995 Tyrias
800 941 927 996 potui
945 954 1028 983 nec
1049 941 1261 983 scandere
1281 946 1439 993 turres,
1639 943 1724 986 180

265 1009 386 1051 Dum
409 1012 549 1058 tonat,
574 1011 619 1049 et
639 1011 796 1056 tecum,
819 1006 1049 1063 Capaneu,
1069 1009 1255 1051 miscere
1274 1008 1474 1052 furores?

265 1075 382 1126 Quis
401 1078 548 1117 tantus
569 1075 769 1129 pro-luce
785 1075 946 1116 timor?
977 1074 1059 1117 sed
1079 1075 1213 1129 digna
1231 1076 1486 1131 rependam.

263 1142 540 1184 Conveniant
557 1142 823 1195 ubicumque
844 1154 997 1193 nurus,
1019 1146 1271 1197 matresque
1292 1142 1512 1198 Pelasgae,-
1554 1158 1567 1170 ⁸

263 1209 563 1264 Longaevique
583 1214 750 1263 patres,
772 1213 1042 1263 quorum-tot
1061 1209 1225 1263 gaudia
1242 1210 1404 1264 carpsi,

265 1277 522 1331 Orbavique
539 1276 696 1318 domos
714 1289 723 1318 :
754 1275 876 1318 fratri
898 1289 1132 1318 concurro:
1164 1276 1270 1332 quid
1290 1277 1405 1319 ultra
1420 1278 1522 1323 est?
1636 1279 1721 1322 185

263 1394 295 1424 et
308 1390 449 1431 infelices
463 1403 583 1427 sorores
597 1395 751 1427 irruerent
764 1395 796 1426 in
811 1396 912 1427 media
922 1405 1009 1427 arma
1019 1406 1030 1426 .·
1045 1405 1116 1432 non,
1130 1396 1161 1427 si
1172 1395 1237 1437 ipse
1248 1395 1376 1436 genitor
1388 1395 1536 1428 retinent
1545 1398 1722 1430 oumnbem

263 1434 304 1465 ad
316 1444 465 1476 pugnam,
476 1440 508 1468 et
521 1442 685 1478 opponeret
701 1439 815 1469 cassidi
827 1441 965 1476 mortuos
978 1439 1091 1477 oculos,
1102 1439 1260 1471 desistam.
1284 1439 1375 1470 Anne
1387 1438 1544 1478 hauriam,
1556 1439 1721 1479 quodum-

263 1486 322 1517 que
332 1476 484 1519 reliquum
499 1482 545 1511 est
558 1481 724 1520 sanguinis
739 1481 804 1520 Arg
811 1482 854 1512 ivi
865 1484 878 1511 P
898 1484 929 1513 et
944 1480 1118 1521 impendam
1131 1481 1227 1512 etiam
1236 1484 1357 1513 vestrae
1370 1481 1481 1512 vitas?
1497 1480 1572 1518 Viae
1583 1482 1720 1520 (goser-

261 1529 330 1551 ram
344 1521 550 1553 dehiscentem
562 1527 692 1564 propter
706 1533 766 1563 me,
787 1533 841 1555 nec
855 1523 998 1554 intravi:
1020 1523 1130 1564 aspexi
1145 1523 1247 1565 Tydea
1261 1532 1458 1563 exsanguem,
1473 1527 1505 1555 et
1520 1533 1590 1559 eum
1602 1526 1722 1561 mim

261 1562 406 1594 reddidi:
433 1565 532 1603 Tegee
546 1566 661 1606 repetit
675 1576 694 1597 a
709 1576 757 1597 me
769 1566 913 1597 continuo
926 1575 1017 1598 suum
1034 1566 1221 1607 principem,
1243 1568 1275 1597 et
1295 1575 1409 1607 parens
1430 1565 1498 1605 ejus
1515 1565 1624 1599 orbata
1642 1565 1730 1597 mihi

262 1603 450 1645 imprecatur
462 1608 608 1639 ululando
623 1608 656 1639 in
670 1609 822 1650 speluncis
832 1608 1023 1640 Parrhasiis.
1047 1608 1160 1639 Nonne
1175 1609 1239 1649 ipse
1251 1609 1340 1649 potui
1350 1608 1454 1644 subire
1464 1608 1578 1644 littora
1591 1606 1721 1648 Ismeni,

261 1646 337 1678 dum
354 1647 569 1689 Hippomedon
584 1650 739 1693 inficiebat
751 1653 815 1691 ejus
827 1661 924 1691 aquas
934 1650 1097 1690 sanguine,
1113 1654 1143 1682 et
1154 1652 1353 1682 conscendere
1361 1651 1472 1682 moenia
1484 1650 1638 1690 Thebana,
1645 1652 1720 1682 dum

263 1689 402 1731 tonabat,
419 1695 449 1723 et
464 1702 546 1723 meos
561 1691 701 1732 furores,
719 1694 876 1733 Capaneu,
889 1693 953 1724 tuis
965 1691 1116 1724 miscere?
1148 1693 1228 1729 Quis
1247 1696 1355 1725 tantus
1372 1696 1472 1724 metus
1484 1702 1540 1734 pra
1555 1693 1646 1724 vita?
1665 1693 1721 1724 sed

259 1733 433 1772 persolram
447 1735 577 1766 meritas
593 1745 711 1776 paenas.
757 1736 793 1766 N
796 1745 868 1766 urus
883 1739 913 1767 et
925 1738 1069 1775 parentes
1085 1736 1242 1776 Pelasga,
1262 1738 1291 1767 et
1305 1738 1411 1776 patres
1424 1735 1571 1774 seniores,
1591 1737 1735 1776 ‹paor-um,⁴

262 1777 310 1806 tot
325 1776 427 1817 carpsi
436 1777 566 1818 gaudia,
581 1781 628 1809 tot
641 1777 748 1823 orbavi
762 1780 878 1819 domos,
892 1781 1122 1819 congregentur
1135 1788 1175 1810 ex
1189 1778 1330 1820 omnibus
1338 1778 1492 1819 partibus.
1526 1777 1731 1826 Cunifratreff

868 1872 968 1886 mn
971 1872 1107 1885 OOOOOOO

262 1934 356 1967 inter
370 1933 592 1969 Πυθικῇ-175
622 1938 700 1971 Vide
710 1948 767 1978 ego
782 1948 830 1970 me
848 1939 950 1976 Lanoe.
967 1938 1067 1970 Laur.
1083 1938 1212 1969 Buslid.
1225 1937 1374 1979 Lipsian.
1390 1936 1483 1969 Dan.
1499 1936 1582 1968 Pnt.
1594 1936 1728 1971 Petam·

262 1979 406 2011 Venett.
423 1981 455 2011 3.
471 1982 502 2011 4.
526 1979 629 2011 Aldd.
645 1981 754 2013 Coliu.
770 1981 902 2022 Grypln.
916 1981 1020 2013 Basil.
1036 1981 1150 2012 Plant.
1166 1979 1396 2020 Lindenbrog.
1409 1980 1511 2012 Crnc.
1524 1983 1561 2011 et
1575 1979 1717 2012 Gevart.

267 2020 343 2052 Vidi
355 2025 475 2062 egomet
499 2023 623 2054 Behot.
641 2026 671 2055 1.
699 2024 847 2055 Gronov.
863 2024 981 2056 Barth.
995 2024 1103 2055 Veen.
1115 2028 1151 2054 et
1170 2023 1298 2064 Delph.
1323 2022 1412 2053 Vide
1429 2022 1513 2054 Not.
1527 2022 1718 2056 Van—17⁷

262 2063 347 2095 Pnt.
362 2064 525 2103 indefensa
548 2066 799 2107 reposcit-182
822 2067 918 2098 Unus
933 2066 1057 2097 Behot.
1072 2075 1135 2107 pro
1163 2075 1194 2095 v.
1209 2066 1230 2097 l.
1248 2065 1374 2096 habet:
1400 2074 1458 2105 pro
1480 2065 1546 2096 luce
1565 2063 1718 2103 furor.—

263 2108 325 2138 185
348 2107 488 2140 Behott.
507 2111 537 2141 1.
553 2111 585 2141 2.
609 2109 683 2150 quid
708 2110 806 2150 ultra,
819 2109 943 2141 omisso
958 2110 1003 2149 τῷ
1017 2110 1184 2141 est.—·188
1207 2108 1303 2140 Actu
1321 2106 1424 2139 Aldd.
1448 2106 1559 2139 Colin.
1585 2106 1718 2150 Gr'yph.

306 2260 368 2297 172
395 2265 518 2306 Galeoe]
542 2266 683 2308 Sumne,
695 2277 791 2299 meae.
1017 2271 1132 2299 autem
1162 2266 1236 2298 liaee
1265 2266 1358 2298 clara
1384 2275 1427 2297 ex
1450 2265 1716 2307 precedentibus

307 2319 369 2348 174
392 2317 551 2348 Mortibus
565 2318 653 2358 utar]
688 2319 820 2360 Supra:
838 2317 848 2335 ‘
861 2317 963 2350 Coeli-
1016 2316 1122 2347 libris.
1172 2316 1280 2347 Ululat
1292 2315 1383 2356 mihi]
1406 2316 1446 2354 ln
1463 2325 1531 2356 me,
1544 2325 1621 2347 mea
1635 2325 1715 2347 cau-

264 2375 331 2408 que
348 2366 494 2397 tumultu
511 2367 652 2398 Utitur?
1017 2377 1066 2408 sa,
1081 2376 1140 2399 seu
1156 2367 1235 2398 mihi
1248 2367 1469 2409 imprecatur,
1493 2367 1618 2408 Mater]
1633 2366 1715 2399 Ata-

306 2417 367 2447 175
392 2415 530 2456 Hiatus]
568 2416 766 2458 Amphiarai
783 2422 896 2448 ‘casum
912 2417 961 2448 ln·
1016 2417 1119 2448 lanta.
1671 2417 1673 2419 ’

262 2465 399 2506 telligit.
1061 2469 1122 2498 179
1146 2467 1215 2508 Ipse
1228 2476 1282 2498 nec
1298 2466 1415 2498 Ismeni
1430 2465 1530 2507 ripas]
1570 2466 1724 2508 Supple„

305 2515 369 2545 176
390 2513 539 2555 Fecitque
552 2512 711 2547 nocentem
726 2515 846 2557 Tydea]
878 2505 963 2548 Cum
1017 2516 1070 2547 vel
1096 2513 1256 2556 ‘subire,'
1283 2517 1338 2548 vel
1363 2514 1571 2556 ‘invade're‚’
1597 2523 1656 2555 aut
1672 2517 1714 2548 si-

261 2573 326 2605 pro
343 2563 537 2603 me,furore
562 2570 752 2607 correptus,
766 2566 887 2598 hostile
906 2576 962 2598 ca·
1017 2567 1096 2598 mile
1127 2567 1288 2599 verbum:
1314 2577 1389 2599 narn
1420 2570 1429 2585 ‘
1450 2560 1636 2599 scandere'
1663 2578 1714 2599 se-

262 2617 326 2655 put
341 2613 523 2646 voraverit.
924 2629 927 2637 ν
1017 2617 1151 2660 quentis
1182 2627 1298 2649 versus
1321 2626 1385 2648 non
1409 2621 1524 2657 potest
1549 2617 1713 2650 inservire

307 2665 369 2694 177
396 2663 507 2705 Tegee]
522 2663 695 2701 ‘Arcadian
721 2675 740 2696 a
765 2666 879 2707 Tegea
904 2676 961 2707 op·
1017 2667 1153 2709 utrique
1167 2667 1405 2706 membro‚nisi
1416 2666 1612 2708 improprie,
1623 2668 1719 2710 quod>

262 2713 355 2754 pido.
401 2713 534 2754 Regem]
559 2714 861 2755 Parthenop-apum.
1018 2723 1130 2750 tamen
1146 2718 1221 2750 fieri
1239 2722 1364 2759 potest.

308 2763 371 2795 178
393 2763 592 2805 Parrhasiis]
626 2763 795 2798 Arcadiis.
840 2766 963 2798 Omnia
1060 2770 1122 2800 183
1148 2768 1305 2810 Pelasgae]
1328 2767 1603 2809 Peloponnesioe.
