1858 3112
218 265 330 308 1734

216 380 342 403 messes
356 374 391 402 et
406 380 536 402 merces
548 371 734 413 plusquam
745 381 914 413 gemmeas

218 422 311 454 Plin.
326 421 544 462 prosequitur
556 421 614 453 lib.
627 431 675 453 vr.
690 431 720 454 c.
733 424 787 453 19.
799 427 834 453 et
846 430 914 454 xn-

218 481 239 502 α
264 481 295 503 c.
319 474 352 502 4.
378 471 420 502 ad
448 473 501 503 26.
523 475 558 503 et
579 471 639 504 lib.
661 480 792 504 xxxvi.
814 472 917 514 Vin-g:

219 521 349 562 Georg.
364 529 406 552 11.
429 521 532 552 ‘Sola
551 521 653 554 India
676 522 809 563 nigrum
833 523 922 553 Fert‘

219 572 388 611 Ebenum,
405 571 484 603 solis
510 576 565 604 est
590 572 710 604 thurea
735 573 831 614 virga
855 574 914 604 Sa-

218 619 325 660 baeis:
341 623 405 652 &c.
434 620 534 653 Mens
549 627 622 654 est:
640 624 689 655 Ut
705 624 820 665 Leptis
837 623 915 655 urbs

219 680 308 711 pene
322 671 468 703 barbara
488 671 521 703 in
538 673 720 714 longinqua
736 679 840 716 atque
856 683 914 705 ex-

219 725 318 753 terna
329 721 421 753 orbis
438 726 537 763 parte
553 723 631 762 sita,
645 727 680 755 te
696 723 916 764 civili,polito

219 781 260 804 ac
275 771 391 804 divino
415 782 521 813 prope
543 773 678 813 ingenio
703 774 810 805 virum
837 783 916 815 pro-

219 822 363 861 creavit,
384 831 449 853 non
473 821 590 854 diffido
616 823 697 864 quin
725 823 844 855 eadem
868 824 916 855 ci-

220 872 308 904 vitas
324 876 361 904 et
375 873 469 913 regio
485 882 562 903 mox
584 873 594 890 ‘
608 873 738 915 Libyco
752 874 919 906 conderet

219 922 343 954 horreo
360 923 532 965 Quicquid
547 924 588 955 de
604 923 699 955 Indis
715 928 751 957 et
777 924 917 957 thurife-

218 972 265 1003 ris
284 972 432 1004 verritur
447 972 560 1005 areis!
584 974 684 1006 Idem,

262 1025 304 1054 32
320 1023 496 1064 Cynnama]
513 1024 723 1064 cynnamum
738 1024 772 1056 in
788 1025 918 1057 AEthio·

219 1073 277 1113 pia
309 1074 462 1105 nascitur
487 1075 518 1104 T
522 1075 711 1115 roglodytis
748 1075 917 1108 connubio

222 1124 413 1164 permixta:
445 1125 523 1156 inde
553 1130 744 1157 mercantes
775 1127 918 1158 veniunt

220 1182 283 1215 per
299 1175 405 1206 maria
416 1175 557 1207 navibus
570 1175 643 1208 sine
659 1175 761 1207 remis
777 1181 812 1208 et
829 1177 918 1217 velo,

210 1225 364 1267 ⁴solisque
378 1226 489 1258 ventis
506 1226 575 1259 acti
590 1225 804 1259 deferuntur.
832 1228 919 1259 Tan-

219 1272 297 1307 dem
313 1276 347 1306 in
362 1281 498 1316 portum
515 1276 762 1309 Gebenitarum
784 1278 920 1310 Ocilam

220 1326 356 1357 nomine
370 1326 426 1357 vix
448 1326 569 1367 quinto
583 1317 672 1358 anno
688 1337 730 1358 es.
745 1327 920 1368 navigatio

219 1374 399 1416 perficitur
410 1385 419 1406 t
433 1375 523 1408 idem
536 1376 758 1408 cinamomum
770 1377 918 1425 dicitur:

219 1426 264 1458 de
282 1437 348 1467 quo
365 1431 443 1459 ante
459 1432 512 1459 est
527 1427 670 1460 dictum.
696 1428 814 1461 Domit.

264 1480 305 1509 38
336 1478 493 1509 Ausonum
519 1482 640 1519 pot-lm,
666 1478 737 1520 ξω]
776 1480 920 1521 Dionys.

220 1526 434 1569 Περιηγήσεως
450 1538 499 1560 vs.
514 1531 581 1561 78.·
601 1529 657 1560 Ἐκ
670 1528 742 1561 Διὸς
755 1529 922 1569 Αὐσονίηες

219 1579 267 1610 ἀεὶ
280 1577 363 1619 μέγα
386 1577 604 1620 κοιρανέοντες.
658 1580 856 1613 Eustatiiius
879 1591 920 1613 eo

219 1629 286 1661 1οοί
300 1634 370 1661 stat
387 1639 448 1670 pro
471 1630 511 1661 iis
534 1630 590 1671 qui
615 1635 738 1671 putant
765 1630 920 1663 Ausonas

220 1680 330 1711 dictos
355 1689 431 1711 esse
458 1680 502 1711 ab
523 1679 663 1712 Ausono
684 1687 871 1722 proautore
886 1688 922 1714 et

222 1731 376 1771 principe
388 1732 486 1763 Rom.
496 1734 499 1736 ’
509 1732 640 1773 Ulyssis
653 1732 701 1764 fil.
715 1742 734 1764 e
745 1733 856 1773 Circe,
869 1733 922 1765 vel

222 1781 374 1814 Atlantis
391 1792 434 1813 ex
446 1782 606 1824 calypso.
655 1783 777 1816 Vadosa
799 1784 924 1823 Africa,

223 1832 316 1873 quia,
332 1833 546 1864 utSalustius
563 1833 598 1864 in
613 1833 694 1875 Jug.
707 1834 749 1866 de
765 1834 923 1876 Syrtibus

222 1889 333 1924 notat,
349 1886 358 1902 ‘
373 1885 438 1916 Ubi
450 1883 542 1916 m'are
555 1895 714 1926 magnum
728 1894 804 1917 esse
814 1891 850 1918 et
862 1896 921 1918 sae-

223 1935 295 1966 vire
311 1935 432 1966 ventus
446 1936 564 1976 coepit,
580 1935 693 1967 limum
715 1945 921 1976 arenamque

221 1990 260 2017 et
271 1995 354 2017 saxa
371 1985 523 2027 ingentia
537 1984 661 2017 fluctus
671 1985 831 2018 trallunt!
857 1986 922 2017 Ca-

222 2035 311 2067 vesis
325 2035 380 2066 hic
396 2035 591 2067 Philomuse
614 2035 656 2066 ab
682 2034 863 2067 immundis
886 2040 923 2067 et

221 2086 331 2117 noxiis
357 2086 452 2128 aquis
476 2087 658 2117 Lutrarum
683 2086 780 2118 nimis
797 2086 922 2118 calida-

223 2146 297 2167 rum
324 2136 509 2176 Calderini,
533 2136 567 2167 in
591 2146 675 2178 quas
698 2136 851 2168 fervidus
871 2137 921 2168 in-

221 2186 317 2224 siliit,
332 2187 465 2218 nescius
482 2186 609 2227 mendi,
625 2187 714 2229 quod
731 2187 862 2219 latebat
888 2188 921 2219 in

221 2237 358 2276 κιβδήλῳ
374 2242 409 2268 et
425 2236 538 2268 fallaci
555 2246 639 2268 voce
651 2237 772 2270 nesciit.
787 2238 921 2270 Morell.

264 2290 304 2318 41
329 2287 474 2326 Pignora
488 2286 598 2327 curioe]
623 2287 699 2318 Filii
715 2293 921 2319 senatorum.

220 2337 406 2379 Dionysius
428 2337 541 2368 Halic.
568 2336 603 2368 in
628 2337 742 2378 μεθόδῳ
762 2337 923 2377 γαμηλίων

220 2383 347 2421 liberos
365 2388 499 2429 patriae,
521 2387 623 2429 ὥσπερ
647 2387 756 2430 ὅμηρα,
778 2390 922 2430 pignora

221 2439 294 2470 dari
313 2450 332 2470 a
353 2438 549 2478 parentibus
571 2438 688 2470 tradit.
735 2439 834 2471 Quod
863 2449 920 2470 au-

222 2494 291 2520 tem
319 2489 372 2519 liic
400 2489 444 2520 de
475 2488 632 2528 Septimii
659 2489 776 2528 proavi
801 2489 920 2520 Severi

221 2539 313 2579 Imp.
353 2539 521 2570 modestia
565 2537 683 2576 refert,
717 2538 920 2570 Paterculus

222 2589 315 2620 ΗΝ.
335 2590 431 2621 Rom.
452 2589 511 2620 lib.
528 2598 568 2620 ιι.
584 2588 626 2619 de
642 2589 836 2620 Maecenate
853 2599 920 2620 rne-

220 2645 344 2678 morat,
366 2639 453 2680 quod
482 2639 514 2669 in
543 2638 695 2680 equestri
710 2638 827 2670 ordine
844 2639 920 2670 sub-

221 2690 379 2722 stitisset.
404 2689 502 2719 Idem.

264 2744 306 2772 47
332 2740 457 2771 Turmis
480 2738 644 2779 Romanis]
666 2738 765 2770 Inter
788 2739 920 2780 equites

223 2792 402 2823 Romanos.
429 2788 548 2820 Domit-

264 2843 307 2872 48
330 2839 471 2872 Doceant
484 2838 631 2879 Libyam]
654 2837 751 2871 Alios
774 2839 922 2881 Libycos

679 276 822 309 ³0⁹1·AE
852 277 1119 312 VARJORUM
1153 280 1205 311 IN

964 372 1094 413 possint
1109 373 1245 406 erudire
1271 375 1420 408 moribus
1442 372 1603 419 Romanis
1624 379 1669 411 et*

964 423 1090 465 lingua.
1144 424 1290 466 Alumni]
1329 426 1376 458 Ut
1399 423 1586 469 Septimius
1602 427 1668 471 qui*

965 473 1116 504 alumnus
1130 479 1204 505 erat
1219 474 1349 516 Libyae.
1371 476 1468 508 Idem.

1006 527 1046 554 61
1062 524 1217 565 Ensisque
1229 525 1345 564 vagina
1358 527 1500 567 quiescit,
1514 527 1583 570 ἕνα]
1598 527 1664 560 Vel

965 572 1132 614 Princeps
1155 574 1295 616 insignis
1319 576 1447 615 pietate
1469 583 1505 609 et
1526 586 1665 610 servan-¹

964 622 1114 654 tissimus
1133 624 1236 665 aequi,
1262 629 1301 656 ut
1314 625 1483 667 Trajanus
1505 627 1670 660 strictum·

965 682 1080 705 ensem
1118 684 1232 706 coram
1269 677 1468 717 proceribus
1491 677 1666 712 Praefeew

966 723 1127 755 Proetorii
1156 725 1309 766 tradens,
1335 729 1345 745 ‘
1363 727 1457 769 Cape
1486 729 1576 761 hune
1604 736 1669 761 eti-¹

966 772 1060 813 sem,'
1077 773 1200 816 inquit,
1223 779 1231 793 ‘
1249 780 1298 816 et,
1314 776 1342 807 si
1353 776 1491 818 quidem
1507 781 1602 810 recte
1613 777 1663 811 fe-

967 832 1060 861 cero,
1081 834 1143 865 pro
1165 834 1233 868 me,
1253 826 1306 857 sin
1327 827 1452 865 minus,
1475 827 1516 859 in'
1529 837 1583 860 me
1597 826 1665 860 uti'-

968 872 1046 905 tor.'
1070 874 1196 907 Morell.

1009 926 1049 954 55
1087 923 1246 956 Frondem
1276 935 1383 966 supra,
1410 926 1479 968 ξω]
1519 927 1665 960 Hernici

967 972 1065 1014 dicti,
1086 982 1106 1004 a
1128 975 1233 1014 saxis,
1255 985 1330 1017 quae
1353 977 1462 1008 Marsi
1477 977 1596 1010 Herna
1607 986 1675 1010 voa·

968 1027 1060 1055 cant.
1084 1023 1205 1055 Festus
1216 1025 1272 1056 lib.
1289 1035 1354 1057 vu.
1370 1026 1461 1058 unde
1475 1032 1511 1059 et
1528 1033 1666 1069 petrosa

968 1074 1119 1106 Hernica
1129 1074 1198 1106 dici
1212 1081 1291 1116 pote
1297 1081 1383 1108 rant.
1417 1077 1553 1110 curibus
1562 1081 1667 1110 vetus-

968 1124 1026 1165 tis]
1047 1124 1163 1156 Sabini
1179 1135 1260 1165 gens
1284 1123 1525 1168 antiquissima'
1541 1127 1669 1168 Itauae,

969 1183 1109 1214 quorum
1124 1174 1205 1206 urbs
1222 1177 1394 1216 praecipua
1409 1177 1529 1210 Cures.
1565 1178 1670 1219 Virga

969 1225 1042 1256 AEn.
1057 1234 1123 1258 vn.
1146 1226 1156 1243 ⁴
1170 1226 1262 1258 Ecce
1277 1227 1478 1259 Sabinorum
1495 1228 1614 1269 prisco
1611 1228 1671 1294 de

969 1274 1134 1314 sanguine
1147 1279 1288 1315 regum!
1310 1278 1455 1309 Cruceus.
1513 1299 1515 1304 ι

1012 1328 1053 1356 57
1079 1326 1143 1357 Hic
1153 1327 1246 1366 plura
1257 1337 1385 1368 panges,
1394 1329 1466 1370 Epa]
1492 1328 1624 1361 Vocibus
1635 1332 1669 1362 et

969 1375 1066 1405 modis
1077 1376 1196 1416 passim
1204 1377 1314 1408 solutis
1330 1387 1395 1409 non
1410 1378 1511 1410 aliter
1522 1379 1671 1420 accipio,

971 1435 1069 1468 quam
1088 1426 1177 1467 apud
1201 1426 1404 1459 Horatium:
1427 1429 1668 1471 ‘numerisque

970 1476 1080 1508 fertur
1110 1478 1186 1518 lege
1211 1476 1354 1510 solutis!
1397 1478 1477 1511 vid.
1500 1479 1608 1512 Gron.
1632 1479 1669 1511 in

972 1527 1056 1559 Obs.
1072 1527 1129 1559 lib.
1145 1537 1204 1563 ιιι,
1216 1538 1247 1560 c.
1262 1531 1315 1560 16.

1015 1578 1138 1609 Csmm
1153 1587 1202 1610 vr.
1226 1582 1244 1610 5
1269 1579 1338 1611 Nec
1353 1580 1436 1611 enim
1449 1579 1584 1612 ludibria
1597 1585 1670 1612 van*-

971 1629 1044 1669 tris]
1060 1630 1112 1660 De
1125 1631 1265 1662 saburra
1277 1631 1421 1670 ventris,
1430 1632 1560 1672 arvina,
1570 1636 1606 1664 et
1615 1638 1668 1665 sa-

973 1680 1053 1720 gina
1067 1680 1155 1711 idem
1168 1681 1271 1713 sentit
1283 1682 1509 1714 Callimachus
1524 1683 1558 1714 in
1568 1682 1673 1726 Epigd

973 1729 1056 1762 ὅσσα
1082 1731 1107 1762 δ’
1134 1730 1266 1763 ὀδόντων
1285 1731 1418 1769 Ἔνδοθι,
1446 1732 1580 1776 νειαίραν
1609 1733 1671 1772 τὴν

973 1780 1142 1823 ἀχάριστον
1166 1781 1229 1822 ἔδυ,
1263 1783 1322 1815 Καὶ
1344 1784 1526 1818 τῶνοῦδὲν
1553 1784 1671 1825 ἔμεινεν

974 1833 1006 1865 ἐς
1027 1833 1138 1874 αὔριον.
1185 1834 1264 1870 Quae
1280 1835 1358 1867 bona
1377 1837 1411 1867 in
1422 1836 1584 1876 ingratum
1597 1847 1671 1869 con-

970 1883 1056 1923 gessi
1088 1884 1225 1924 plurima
1258 1889 1410 1925 ventrem,
1438 1886 1611 1925 Confestim
1634 1887 1672 1918 in*

972 1937 1077 1965 ventos
1086 1937 1198 1965 cuncta
1210 1934 1314 1966 abiere
1324 1936 1416 1968 leves.
1446 1937 1582 1970 Morell.

1014 1986 1034 2015 8
1057 1983 1208 2015 Hmsidis
1219 1985 1297 2026 ales]
1310 1985 1500 2023 Phasioenus.
1515 1987 1668 2019 celeber-

971 2033 1057 2065 rima
1085 2039 1240 2066 veterum
1268 2036 1434 2068 conviviis
1460 2037 1543 2069 avis.
1578 2037 1674 2071 'Vim

972 2084 1064 2116 Guil.
1084 2084 1263 2116 Stuckium
1279 2086 1322 2117 ad
1341 2086 1476 2118 Arriani
1493 2087 1673 2129 Periplum»

971 2134 1074 2165 Ponti
1090 2135 1229 2175 Euxini,
1249 2135 1464 2177 Interpretes
1487 2137 1668 2170 Petronis-

970 2194 1042 2224 nos,
1054 2190 1090 2216 et
1106 2185 1246 2216 aliorum
1263 2186 1409 2227 copiam.
1441 2187 1605 2221 Barthius.

1014 2238 1035 2267 9
1060 2235 1148 2267 Grue
1161 2236 1341 2277 Rhodopes]
1355 2238 1560 2279 Strymonia.
1583 2239 1670 2272 Cor·

973 2286 1081 2317 nelius
1100 2286 1216 2327 Nepos
1239 2287 1371 2326 scribit,
1393 2288 1541 2320 ciconias
1561 2289 1670 2330 magis

973 2336 1143 2376 placuisse
1174 2336 1383 2376 temporibus
1408 2336 1576 2378 Angusti3
1609 2337 1671 2369 sed

974 2386 1182 2427 temporibus
1210 2387 1410 2427 Vespasiani
1439 2397 1540 2428 grues
1577 2388 1670 2420 inter

971 2436 1098 2477 primas
1124 2447 1203 2468 aves
1231 2437 1502 2477 expetebantur:
1524 2438 1670 2472 ciconias

971 2495 1070 2517 nemo
1085 2485 1222 2517 volebat
1238 2486 1427 2526 attingere:
1452 2497 1471 2519 e
1486 2488 1671 2531 longinquo

972 2541 1067 2567 certe
1082 2536 1234 2574 veniunt,
1248 2542 1284 2568 ut
1301 2538 1349 2569 ait
1363 2538 1454 2570 Plin.
1492 2539 1603 2571 Locus
1613 2545 1670 2573 'est

973 2586 1005 2617 in
1023 2586 1118 2626 Asia,
1134 2596 1233 2627 quem
1249 2588 1424 2627 appellant
1439 2588 1603 2629 Pythonis
1613 2599 1671 2621 co-

972 2646 1059 2667 mem
1075 2647 1083 2667 :
1101 2637 1156 2667 nbi
1172 2646 1273 2676 grues
1289 2636 1489 2669 discessum
1505 2648 1670 2671 commur-

973 2691 1104 2718 murant
1119 2696 1127 2717 :
1153 2692 1388 2728 apparentque
1400 2687 1433 2718 in
1451 2693 1569 2719 nostro
1583 2689 1667 2721 orbe

974 2741 1040 2767 tam
1058 2741 1212 2777 repente,
1227 2743 1263 2768 ut
1277 2747 1374 2768 nemo
1391 2737 1515 2769 viderit
1538 2739 1674 2777 venite,¹

972 2786 1032 2819 sed
1050 2787 1191 2818 venisse.
1216 2787 1389 2818 Domitius.

1015 2839 1056 2869 10
1079 2836 1183 2877 Exta]
1205 2836 1246 2869 Id
1262 2841 1328 2878 est,
1335 2836 1448 2878 jecur.
1485 2838 1538 2871 De
1547 2839 1668 2881 jecore
