1846 3120
287 237 402 279 1544

780 248 819 277 Ρ.
851 247 1041 278 ΡΑΡΙΝΙῙ
1075 247 1242 279 STATH

287 341 489 391 Verrere,
510 341 727 394 virgineos
750 341 787 383 si
807 341 985 397 Jupiter
1005 338 1148 385 induit
1167 338 1299 394 artus,

286 409 384 451 Nec
405 421 606 461 magnum
627 408 819 462 ambigui
837 409 1058 463 fregerunt
1072 409 1237 453 Caenea
1256 423 1388 452 sexus
1405 425 1417 463 3

287 475 390 523 Has
412 475 518 524 sine,
539 487 706 529 quaeso,
726 476 869 517 minas
884 489 1128 530 numenque
1148 477 1270 519 exire
1283 478 1546 531 malignum.-

1606 474 1610 477 ’
1639 477 1727 549 ²⁶⁵

286 541 402 582 Mox
421 542 575 583 iterum
597 554 790 596 campos,
810 543 969 585 iterum
990 543 1253 586 Centaurica
1270 544 1451 587 reddam

285 608 445 649 Lustra
467 608 574 650 tibi:
604 621 683 663 per
702 621 783 662 ego
800 609 884 651 hoc
905 610 1056 661 decus,
1075 615 1121 652 et
1139 615 1320 653 ventura
1333 611 1532 665 juventae

284 673 476 725 Gaudia,
498 675 538 716 si
554 678 703 726 terras,
723 675 1018 730 humilemque
1037 679 1218 730 experta
1236 677 1440 719 maritum

283 740 349 782 Te
368 745 565 796 propter,
586 742 626 783 si
643 743 919 796 progenitum
940 743 1103 797 Stygos
1124 756 1251 785 amne
1273 756 1428 786 severo

280 806 479 859 Armavi,
499 808 752 863 (totumque
772 810 939 851 utinam
951 808 990 864 !)
1008 823 1119 865 cape
1137 814 1229 852 tuta
1248 822 1482 865 parumper

282 873 509 926 Tegmina,
528 874 590 915 nil
608 875 805 917 nocitura
826 876 993 919 animo:

1635 813 1723 884 2⁷9

1023 889 1099 919 cur
1118 889 1194 919 ora
1210 876 1380 918 reducis
1393 878 1414 919 ’ἒ

284 939 461 991 Quidve
480 944 636 994 parant
656 941 809 983 oculi‘l
839 943 973 996 pudet
992 942 1076 985 hoc
1092 943 1320 986 mitescere
1340 944 1464 986 cultu
1474 945 1498 986 ‘l-

280 1081 409 1121 Jupiter
425 1083 535 1114 sumsit
549 1083 723 1123 virgineam
736 1084 886 1123 formum,
910 1095 966 1116 nec
983 1084 1070 1116 dubii
1087 1095 1179 1117 sexus
1192 1086 1404 1120 emolliam-une
1418 1088 1538 1127 fortem
1553 1089 1697 1122 C'oenenn
1707 1100 1721 1127 ,-

276 1124 412 1163 patiaris
425 1125 489 1162 hcet:
501 1127 657 1165 proesagisz
672 1130 703 1157 et
718 1128 903 1158 voluntatem
929 1127 1052 1158 adversi
1065 1129 1202 1160 numinis
1217 1131 1390 1170 proeterire.
1432 1131 1514 1164 Mox
1526 1141 1650 1165 rurum
1661 1131 1721 1165 tibi

279 1165 447 1197 restituam
463 1177 555 1207 agros
569 1172 600 1199 et
613 1168 727 1199 cubilia
745 1169 906 1200 centum-i.
950 1170 1032 1210 Ego,
1045 1180 1110 1207 oro,
1122 1181 1179 1211 per
1199 1171 1277 1202 hanc
1292 1171 1442 1213 somam,
1453 1177 1484 1205 et
1495 1183 1552 1215 per
1565 1172 1720 1215 laturam,

281 1217 373 1246 quam
387 1218 427 1239 ex
439 1208 603 1247 juventute
616 1214 670 1242 tua
682 1214 843 1252 receptura
856 1221 936 1249 sum,
948 1212 976 1242 si
987 1216 1112 1252 propter
1126 1216 1156 1244 te
1168 1213 1300 1252 dignata
1312 1223 1379 1245 sum
1393 1218 1504 1255 terras,
1514 1219 1547 1248 et
1559 1217 1719 1249 mortalem

279 1249 391 1288 vin-um,
405 1251 435 1281 si
449 1254 491 1290 te,
506 1255 540 1282 ut
555 1256 649 1284 natus
665 1263 712 1291 -es,
726 1253 843 1285 munivi
860 1254 997 1294 (utinam
1010 1257 1108 1286 totum
1120 1254 1153 1295 l)
1166 1257 1300 1287 austeris
1318 1256 1432 1299 Stygis
1450 1258 1553 1298 aquic,
1571 1267 1657 1290 atarto
1677 1259 1721 1290 ad

281 1290 372 1323 breve
386 1296 504 1335 tempus
518 1303 638 1326 securos
651 1295 794 1335 amictus,
815 1295 895 1326 nihil
907 1296 1066 1334 fracturos
1090 1300 1176 1328 tuum
1197 1298 1345 1330 animum.
1391 1300 1458 1331 Cur
1468 1303 1553 1332 nero
1567 1301 1722 1334 muer&

279 1334 420 1366 vtdtum?
465 1336 585 1372 Quidue
599 1338 679 1369 oculi
689 1347 755 1378 prce
769 1348 801 1370 se
819 1336 955 1376 serunt?
973 1339 1069 1379 pudet
1083 1342 1115 1370 te
1130 1349 1332 1372 mansuescere
1346 1340 1401 1372 1100
1414 1345 1527 1374 mutu
1536 1346 1550 1375 1
1561 1343 1639 1382 juo
1659 1350 1721 1385 per·

1055 1454 1114 1467 m

279 1544 366 1573 nett.
380 1543 413 1573 3.
428 1543 460 1572 4.
473 1541 666 1582 animumque
679 1542 885 1575 πίνω-267
908 1543 994 1575 Exc.
1010 1543 1113 1582 Burg.
1125 1552 1182 1583 per
1193 1552 1249 1582 ego
1263 1528 1365 1581 decue,
1380 1542 1504 1575 omisso
1519 1542 1716 1583 pronomine

278 1582 344 1614 hoc.
387 1583 396 1600 ‘
410 1583 503 1614 Male
521 1584 758 1623 Lindenbrogii
773 1585 877 1616 editio
896 1586 1047 1617 voculam
1064 1595 1131 1624 ego,
1145 1594 1273 1624 errore,
1289 1589 1384 1625 puto,
1398 1585 1614 1627 typographi,
1633 1586 1715 1617 omi-

278 1624 347 1656 sit.'
367 1625 592 1658 Barth.-—269
604 1625 641 1657 Si
652 1627 792 1666 genitum
801 1627 931 1669 Stygeos
951 1637 1097 1669 amneque
1110 1636 1212 1659 seuero
1228 1627 1312 1659 Exc.
1324 1627 1533 1669 Burg.—2⁷2
1544 1627 1586 1659 ln
1594 1627 1715 1660 iisdem

925 1733 1065 1766 NOTAE

271 1812 342 1846 fert
362 1812 535 1845 Bacchum
559 1812 715 1844 muliebri
733 1813 856 1845 amictu
872 1813 968 1846 indu·
1022 1822 1148 1855 genere
1162 1812 1332 1845 vulnerari
1353 1815 1481 1854 posset,
1495 1791 1531 1844 et
1553 1812 1589 1844 in
1612 1813 1717 1846 ceni-

274 1869 347 1895 tum
362 1873 448 1902 esse,
462 1867 631 1905 vocatque
646 1865 656 1882 ⁶
669 1863 871 1897 Maenalamss
886 1865 967 1896 Pal·
1021 1863 1097 1895 dem
1125 1872 1221 1895 avem
1250 1871 1430 1894 conversus
1459 1866 1524 1902 est,
1551 1866 1590 1894 ut
1619 1863 1717 1896 eanit‘

271 1914 306 1945 la
321 1918 435 1946 autem
451 1917 526 1945 erat
549 1913 788 1946 vestimentum
810 1915 965 1946 honesta-
1007 1913 1122 1946 ιΟνίἀ.
1134 1914 1222 1945 Met.
1240 1922 1306 1945 ΧΠ.
1328 1912 1380 1944 ‘O
1397 1913 1488 1944 salve
1548 1913 1712 1955 Maxima,

273 1973 346 1995 rum
359 1963 536 1996 mulierum
550 1973 559 2002 ;
576 1962 702 1995 tunicae
715 1964 964 2005 imponebatur,

272 2017 310 2046 et
321 2012 553 2045 descendebat
567 2022 672 2055 usque
687 2013 729 2045 ad
743 2014 858 2055 pedes.

314 2064 377 2095 263
399 2062 565 2102 Virgineus
573 2063 602 2094 st*
610 2063 737 2104 Jupiter
746 2065 851 2097 induit
860 2066 964 2106 artus]

270 2112 421 2154 Jupiter,
443 2122 520 2144 cum
546 2113 723 2146 adamaret
744 2115 964 2155 Calistonem,

269 2163 389 2195 sumsit
403 2163 531 2195 vultum
555 2168 591 2195 et
610 2164 762 2197 habitum
775 2165 910 2206 Dianae,
925 2170 964 2198 ut

268 2212 404 2245 facilius
442 2222 482 2245 ea
509 2212 693 2246 frueretur.
737 2213 825 2247 Vide
856 2215 962 2249 Ovid.

268 2262 357 2295 Met.

309 2314 375 2345 264
398 2312 525 2353 Coenea]
559 2312 670 2345 Caenis
690 2313 884 2346 Thessalica
899 2314 964 2346 vir-

269 2372 325 2404 go,
342 2371 363 2393 a
388 2363 553 2404 Neptuno
578 2372 641 2404 per
665 2364 732 2396 vim
759 2374 964 2406 compressa,

268 2412 311 2444 ab
327 2422 369 2445 eo
395 2412 562 2444 mercedis
577 2414 655 2445 loco
678 2413 839 2454 obtinuit,
860 2420 907 2446 ut·
925 2415 962 2446 in

266 2462 375 2494 virum
399 2467 601 2499 mutaretur,
628 2472 668 2495 ae
691 2464 790 2495 nullis
816 2473 960 2506 unquam

265 2511 459 2544 vulneribus
488 2515 606 2553 posset
631 2512 796 2544 sauciari:
830 2517 961 2545 mutato

265 2561 372 2602 igitur
387 2570 482 2602 sexu,
497 2562 642 2594 mutavit
664 2566 700 2594 et
715 2572 850 2602 nomen,
866 2567 902 2594 et
917 2572 960 2594 ex

266 2611 406 2643 Caenide
421 2610 532 2643 factus
548 2616 602 2643 est
616 2612 770 2644 Caeneus.
801 2612 868 2644 Hic
883 2622 959 2644 cum

265 2661 424 2702 Lapithis
447 2670 601 2702 pugnans
622 2666 742 2694 contra
771 2662 960 2694 Centauros

265 2712 362 2744 vivus
377 2710 559 2744 suffocatus
575 2716 641 2752 est,
660 2717 820 2753 congesta
833 2712 867 2743 in
885 2722 961 2744 eum

264 2770 387 2804 magna
402 2761 559 2796 arborum
574 2761 685 2804 copia,
701 2771 777 2794 cum
793 2762 884 2794 nullo
899 2762 961 2794 teli

1018 1965 1070 1996 vir
1091 1964 1272 2005 quondam,
1294 1963 1354 1995 sed
1380 1972 1468 1994 nunc
1490 1962 1562 1994 avis
1586 1964 1713 1996 unica?

1016 2014 1179 2055 Virgilius
1212 2017 1326 2045 tamen
1357 2011 1501 2045 affirmat
1528 2012 1565 2044 in
1593 2012 1711 2046 mulie-

1016 2064 1110 2096 brem
1124 2074 1242 2096 sexum
1258 2063 1399 2096 rediisse
1419 2063 1494 2095 AEn.
1509 2072 1560 2096 vl.
1583 2064 1593 2082 ‘
1604 2063 1640 2097 It
1653 2072 1711 2098 eo-

1016 2123 1087 2145 mes
1111 2117 1148 2146 et
1165 2113 1306 2155 juvenis
1328 2108 1509 2155 quondam,
1533 2122 1622 2146 nunc
1648 2112 1710 2147 foe-

1017 2163 1120 2204 mina,
1135 2162 1292 2203 Caeneus,
1308 2162 1435 2194 Rursus
1449 2166 1487 2194 et
1506 2160 1541 2194 ln
1556 2167 1715 2196 veterem·

1017 2212 1089 2245 fato
1104 2213 1257 2245 revoluta
1268 2210 1433 2253 figuram)
1628 2231 1632 2235 ·

1057 2266 1120 2295 265
1151 2261 1276 2301 Minas]
1321 2262 1495 2301 Fatorum,
1531 2270 1607 2303 qun
1643 2260 1708 2294 tibi

1016 2313 1226 2355 portendunt
1240 2311 1405 2344 exitium.
1448 2311 1630 2352 Namque
1642 2321 1709 2344 ma-

1013 2362 1148 2403 lignum]
1169 2362 1212 2393 Id
1236 2365 1300 2402 est,
1319 2360 1457 2401 maligni
1477 2361 1624 2392 numinis
1649 2371 1708 2394 vo·

1012 2414 1193 2452 imitatem,
1232 2420 1291 2443 seu
1337 2409 1512 2442 invidiam.
1575 2410 1706 2453 Supra:

1013 2462 1024 2481 ‘
1038 2461 1279 2502 Plaeandaque
1293 2459 1420 2492 Divum
1435 2459 1594 2491 Invidia?
1659 2466 1666 2474 ·

1053 2514 1118 2543 268
1141 2511 1361 2552 Humilemque
1383 2510 1547 2551 maritum]
1575 2510 1706 2543 Morta-

1013 2563 1091 2595 lem.

1057 2614 1121 2644 269
1143 2611 1182 2643 Sa·
1195 2610 1391 2652 progenitum
1406 2609 1526 2650 Stygos
1545 2618 1634 2641 amne
1655 2618 1704 2640 se-

1012 2671 1083 2694 vero
1108 2660 1256 2701 Amavi]
1290 2659 1383 2692 Vide
1412 2668 1516 2700 supra
1549 2668 1598 2692 vs.
1629 2661 1703 2706 234.

1012 2713 1112 2745 Amne
1124 2709 1244 2750 severo]
1265 2709 1387 2750 Styge.

1053 2762 1116 2795 271
1145 2758 1305 2801 Tegmina]
1326 2756 1534 2791 Muliebrem
1548 2761 1689 2793 vestem.
