1846 3120
266 229 380 272 1242

267 334 441 377 Ulcisci
460 334 626 383 socioS‚
645 337 941 387 moestamque
961 333 1200 387 rependere
1218 339 1410 377 noctem.

267 403 353 444 Ille
373 415 453 456 ego
471 400 712 454 inexpletis
727 401 857 442 solus
877 400 954 455 qui
974 401 1171 443 caedibus
1190 401 1322 447 hausi

266 469 602 522 Quinquaginta
619 468 815 511 animas:
847 469 1046 520 totidem,
1066 469 1336 524 totidemque
1355 471 1518 524 gregati

266 535 396 577 Ferte
415 548 569 577 manus
586 536 790 579 :nulline
808 541 977 591 patres,
998 537 1164 579 nulline
1178 537 1407 594 jacentum

266 602 478 645 Unanimi
498 603 685 645 fratres‘e
716 617 816 658 quae
835 608 959 647 tanta
978 605 1146 648 ob‘livia
1164 605 1310 647 luctus
1321 606 1343 648 ‘l-

267 671 417 722 Quam
435 671 571 727 pudet
591 671 795 714 Inachias
815 668 1250 716 contentum‘abiisse
1270 672 1511 727 Mycenas!

267 739 388 781 Hine
407 752 541 794 super
559 739 726 781 Thebis
739 740 760 795 'lv
788 739 885 782 haec
904 741 1064 783 robora
1082 741 1197 794 regis
1213 741 1232 782 ‘l
1262 740 1342 783 ubi
1362 746 1511 783 autem

265 807 475 862 Egregius
495 807 587 848 dux
606 807 680 849 ille
700 806 838 849 mihi'l
870 808 1000 850 simul
1021 804 1170 850 ordine
1188 808 1304 850 laevo

266 875 425 930 Ipsum
445 874 753 917 exhortantem
775 888 957 927 cuneos,
978 877 1227 932 capitisque
1248 876 1428 931 superbi

761 238 802 270 P.
833 239 1023 271 PAPlNil
1056 240 1220 272 STA‘ril

1625 605 1712 654 679

264 1014 380 1047 occisos
392 1014 473 1046 cives
487 1017 518 1046 et
531 1015 696 1055 rependere
710 1014 831 1046 tristem
845 1018 975 1047 noctem.
1019 1016 1081 1048 Ille
1094 1025 1152 1057 ego
1165 1026 1234 1048 sum
1247 1016 1300 1057 qui
1313 1017 1395 1048 solus
1412 1015 1571 1049 intulistis
1588 1015 1713 1048 necibus

263 1058 363 1089 occidi
375 1057 602 1099 quinquaginta
617 1058 719 1090 viros.-
741 1058 871 1090 totidem
885 1058 1070 1100 totidemque
1083 1059 1216 1098 conserti
1238 1061 1396 1093 admovete
1416 1068 1537 1093 manus.
1581 1057 1713 1094 Nulli-e

264 1103 455 1132 mortuorum
480 1104 647 1141 parentes?
667 1100 784 1133 nulline
795 1101 920 1139 fratres
943 1101 1176 1133 amantissimi?
1220 1102 1299 1138 Qua
1325 1105 1416 1135 tanta
1440 1101 1553 1134 oblivio
1577 1100 1715 1134 doloris?

265 1153 357 1183 quam
381 1144 476 1183 pudet
499 1143 629 1175 rediisse
652 1146 828 1175 contentum
849 1145 890 1175 ad
911 1144 1063 1185 Mycenas
1085 1143 1251 1177 Inachias?
1296 1145 1423 1177 Tulesne
1434 1154 1491 1186 pre
1507 1143 1641 1178 Thebis:
1662 1143 1712 1176 lus

264 1186 347 1217 vires
359 1185 445 1225 regis
454 1189 468 1217 ‚⁹
488 1186 542 1217 ubi
564 1189 666 1217 autem
682 1186 759 1217 mihi
773 1186 908 1218 eximius
923 1187 976 1218 ille
990 1190 1141 1228 tyrannus
1154 1190 1222 1219 est?
1263 1187 1382 1219 Statim
1403 1187 1503 1220 cernit
1522 1187 1612 1221 iillum
1626 1185 1712 1224 esci·

263 1231 383 1260 tanlem
395 1228 499 1270 copias
513 1230 546 1260 in
558 1229 687 1260 sinistro
700 1238 805 1270 cornu,
827 1233 857 1261 et
871 1229 1067 1271 conspicuum
1083 1230 1170 1270 regio
1190 1229 1375 1272 diademate,
1387 1238 1446 1275 quo
1460 1233 1551 1272 capul
1565 1226 1712 1272 dagoba-

870 1322 1108 1337 ‘eamme

264 1395 373 1436 Lang.
396 1395 499 1426 Lanr.
513 1394 645 1426 Buslid.
665 1393 815 1435 Lipsian.
833 1395 935 1428 Aldd.
958 1395 1066 1427 Colin.
1083 1395 1215 1437 Gryph.
1227 1395 1332 1427 Basil.
1348 1395 1463 1428 Plant.
1480 1394 1676 1427 Lindenbro
1701 1418 1712 1429 .

265 1438 369 1470 Cruc.
396 1442 431 1469 et
459 1437 603 1469 Gevart.
623 1438 806 1477 gregalim,·
843 1438 982 1471 Behott.
1007 1441 1038 1470 1.
1054 1441 1086 1470 2.
1112 1439 1273 1470 Petrens.
1297 1439 1381 1472 Exe.
1409 1437 1712 1470 Cantnb.Amste.

263 1481 417 1512 Gronov.
431 1480 552 1512 Barth.
570 1480 677 1512 Veen.
694 1486 733 1511 et
748 1480 874 1520 Deiph.
894 1481 1140 1521 gregati.-—669
1162 1482 1268 1522 Lang.
1293 1481 1394 1513 Lam.
1410 1480 1541 1513 Busiid.
1559 1480 1710 1522 Lipsian.

263 1523 352 1554 Dan.
369 1523 452 1554 Put.
468 1523 588 1554 Petav.
604 1528 640 1554 et
651 1522 729 1554 edd.
744 1523 830 1555 uett.
849 1524 982 1564 nullique
998 1523 1174 1562 jacentem5
1207 1524 1347 1556 Behott.
1362 1525 1392 1555 1.
1409 1527 1441 1556 2.
1464 1523 1609 1556 Amstei.
1626 1522 1712 1555 Gro-

262 1575 342 1597 nov.
371 1565 492 1596 Barth.
521 1566 629 1596 Veen.
655 1571 691 1596 et
716 1566 839 1606 Delph.
859 1566 977 1598 nulline
993 1567 1269 1606 jacentem-670
1295 1567 1601 1606 Unanimessratres
1621 1566 1710 1598 nan.

260 1608 347 1640 Put.
364 1609 485 1640 Petav.
499 1609 604 1648 Laug.
623 1609 723 1640 Laur.
740 1608 872 1641 Buslid.
887 1609 1040 1649 Lipsian.
1053 1615 1090 1641 et
1114 1608 1193 1640 edd.
1209 1613 1296 1641 vett.
1334 1609 1483 1641 Unanimi
1496 1609 1622 1647 fratres
1643 1609 1711 1640 Be·

262 1651 350 1682 hott.
367 1654 396 1682 l.
413 1654 443 1683 2.
471 1651 627 1682 Petrens.
656 1653 738 1682 Exc.
768 1651 908 1683 Cantalr.
938 1656 974 1683 et
1002 1661 1118 1683 omnes
1141 1651 1332 1691 Bai-thiani,
1355 1662 1430 1683 cum
1453 1651 1531 1683 edd.
1557 1651 1710 1683 Gronov.

262 1693 384 1726 Barth.
411 1694 520 1726 Veen.
549 1699 587 1725 et
612 1694 845 1736 nemin-6⁷1
871 1694 973 1730 Quam
995 1695 1088 1736 pudet
1105 1694 1270 1726 Inachidas
1285 1704 1370 1726 umis
1387 1694 1510 1729 Beiiot.
1524 1697 1710 1726 contemtum

918 1782 1057 1815 No'rAE

1014 1866 1286 1904 propugnatores
1299 1862 1366 1894 iliis
1381 1862 1534 1894 residuos
1546 1861 1710 1904 feceram,

1013 1923 1110 1954 quam
1127 1922 1267 1954 quorum
1294 1913 1462 1953 ignaviam
1480 1913 1554 1954 jam
1571 1915 1707 1955 experi-

305 1865 369 1894 666
392 1862 596 1903 Moestamque
634 1863 800 1904 rependere
824 1862 959 1903 noctem]

265 1914 346 1947 Qua
361 1912 495 1944 scilieet
513 1913 598 1950 iilos,
613 1913 670 1953 qui
687 1912 752 1944 sibi
781 1913 891 1952 Argos
908 1922 960 1944 re-

260 1962 410 1994 vertenti
427 1962 564 1993 insidias
580 1968 790 2002 struxerant,
819 1961 959 1994 interfe-

262 2013 324 2045 cit.
370 2012 459 2048 Vide
474 2013 582 2044 Theb.
600 2022 639 2044 11.

305 2065 367 2095 667
390 2062 451 2094 Ille
461 2073 517 2102 ego
529 2063 708 2104 inexpletis,
723 2063 790 2105 &fc-J
807 2064 874 2096 Hic
885 2073 959 2095 ver-

261 2122 319 2144 sus
333 2122 544 2155 sequensque
560 2114 655 2144 nothi
668 2114 829 2146 videntur
842 2115 958 2156 Guye·

262 2168 310 2196 to.
336 2163 511 2204 Inexplelis
523 2163 671 2204 caedibus]
680 2164 770 2197 Quia
780 2174 839 2196 sua
851 2164 958 2196 virtus

261 2223 325 2256 par
340 2219 414 2246 erat
430 2214 503 2245 aliis
518 2215 692 2255 militibus,
717 2225 780 2247 nec
795 2219 863 2247 tam
880 2225 959 2257 pau·

261 2265 372 2296 riores
388 2264 500 2296 caedes
524 2274 617 2296 suam
643 2264 877 2297 fortitudinem
900 2276 958 2298 ex-

261 2315 357 2357 plere
375 2315 427 2346 vel
443 2316 622 2347 exhaurire
639 2317 837 2356 potuerunt.

301 2369 363 2398 671
393 2366 494 2402 Quam
505 2367 602 2407 pudet
618 2367 767 2398 Inachias
779 2370 958 2399 contentum

258 2416 370 2448 abiisse
399 2417 564 2459 Mycenas]
611 2418 680 2450 Hic
711 2427 826 2450 versus
853 2419 957 2451 etiam

257 2466 540 2507 spurinsvidetur
557 2467 707 2509 Guyeto.
754 2467 955 2508 Contentum]

259 2517 367 2550 Quasi
385 2517 482 2549 dicat
505 2518 653 2558 Tydeus,
670 2518 776 2560 pudet
794 2519 956 2560 pigetque

258 2571 458 2598 contentum
490 2567 584 2599 caede
621 2569 754 2601 iliorum
792 2570 955 2611 qninqua-

259 2616 355 2658 ginta
376 2616 610 2649 insidiatorum
633 2619 842 2652 discessisse.
885 2621 954 2652 De-

258 2666 318 2699 bui
345 2666 498 2708 protinus
522 2667 635 2720 redire
657 2668 805 2709 Thebas,
835 2670 956 2711 ipsum-

259 2727 325 2759 que
340 2727 454 2759 regem
481 2719 635 2761 aggredi,
651 2720 838 2762 urbemque
863 2721 955 2753 inva-

258 2767 341 2800 dere
358 2767 460 2800 facile
477 2767 611 2810 fuisset,
629 2770 763 2812 quando
779 2780 847 2803 non
870 2771 955 2806 aiios

1013 1973 1098 1995 mur.
1143 1963 1270 1994 Noster
1285 1962 1342 1995 lib.
1357 1971 1411 1995 xi.
1435 1964 1444 1980 ‘
1459 1963 1505 1995 Ut
1521 1973 1599 1995 cum
1614 1964 1710 1998 Mss-

1012 2014 1083 2055 syla
1101 2023 1163 2054 per
1184 2022 1267 2044 arva
1281 2011 1437 2045 Arineuti
1461 2022 1558 2054 reges
1585 2004 1708 2054 niagno

1014 2064 1068 2095 leo
1083 2062 1187 2104 fregit
1213 2063 1319 2101 hiatu,
1343 2063 1387 2094 Et
1405 2066 1585 2095 contentus
1609 2061 1708 2102 abit?

1014 2113 1104 2146 Aliae
1117 2114 1285 2146 editiones
1294 2113 1422 2144 liabent
1432 2116 1636 2146 contemtum:
1648 2123 1710 2146 cu-

1008 2167 1066 2209 jus
1084 2167 1185 2198 etiarn
1197 2175 1315 2198 sensns
1327 2165 1475 2205 optimus
1489 2176 1501 2205 ς
1513 2165 1610 2208 qussi
1626 2175 1708 2209 que-

1014 2221 1109 2248 ratur
1134 2216 1283 2257 Tydeus,
1308 2215 1399 2258 quod
1435 2219 1516 2247 tunc
1544 2216 1708 2258 tempor-Is

1012 2271 1205 2299 contemtus
1240 2265 1362 2297 fuisset
1390 2263 1432 2297 ab
1461 2266 1619 2306 Eteocle,
1643 2275 1708 2298 nee

1012 2326 1085 2348 eam
1101 2316 1144 2348 de
1159 2315 1266 2357 ipsius
1292 2314 1493 2347 fortitudine
1515 2315 1708 2357 opinionem

1012 2366 1223 2407 concepisset
1258 2375 1359 2407 quam
1407 2364 1588 2406 debuerat,
1629 2376 1708 2398 cnm

1011 2416 1258 2459 quinquaginta
1273 2420 1422 2447 armatos
1438 2415 1480 2447 ad
1502 2415 1613 2458 ipsum
1635 2417 1709 2449 vin·

1010 2467 1155 2500 cendum
1185 2475 1225 2498 ac
1249 2465 1523 2498 interficiendum
1550 2465 1709 2498 sufficere

1010 2517 1156 2560 putavit.
1202 2515 1358 2558 Mycenae]
1375 2516 1466 2548 Urbs
1481 2515 1668 2557 Argon-iis.

1051 2570 1114 2599 672
1138 2567 1227 2600 Hine
1241 2577 1334 2607 super
1352 2566 1478 2607 Thebis]
1501 2567 1659 2605 Tale-ne,
1674 2570 1709 2601 et

1009 2622 1078 2650 tam
1093 2617 1204 2657 ignavi
1218 2616 1392 2648 Thebanis
1406 2617 1613 2658 supersunt?

1051 2670 1115 2701 673
1140 2666 1316 2708 Egregius]
1337 2666 1486 2701 Ironice.
1516 2666 1612 2708 Dux]
1628 2668 1710 2700 Ete-

1009 2719 1113 2751 ocles.

1051 2772 1115 2802 674
1139 2768 1317 2811 Capitisque
1326 2767 1452 2810 superbi
1467 2768 1706 2810 Insignemsul-
