1846 3120
264 250 378 294 1138

267 357 378 398 Plus
400 361 538 411 pater,
560 355 675 397 hunc
697 353 799 395 olim
814 353 945 407 juvat
969 356 1015 394 et
1035 356 1218 394 ventura
1237 354 1457 402 senectus.

266 424 531 464 Tercentum
545 422 737 475 genitor,
758 420 1031 472 totidemque
1052 419 1095 460 in
1115 418 1271 473 praelia
1291 426 1421 460 natus
1476 461 1479 463 ,

765 259 805 290 Ρ.
838 256 1029 289 PAPan
1063 257 1230 290 STATu

267 492 488 533 Exercent
508 490 680 544 equites
699 502 710 530 :
740 488 784 529 hi
807 487 1058 529 deseruisse
1079 486 1277 531 seruntur

267 558 441 600 Exilem
465 556 688 606 Glisanta,
711 554 1050 608 Coroniamque‚
1080 553 1270 595 feracem

268 624 421 666 Messe
441 624 692 673 Coroniam,
714 622 893 663 Baccho
915 621 1125 663 Glisanta
1141 621 1353 663 colentes.

268 691 355 733 Sed
378 691 524 745 potius
546 691 693 732 celsos
714 683 989 731 umbrantem
1011 687 1124 729 hunc
1146 687 1299 741 aspice
1319 687 1408 729 late

268 758 460 813 Hypsea
481 756 782 811 quadrijugos,
805 755 954 810 clypei
975 755 1266 809 septemplice
1286 758 1413 811 tauro

1636 753 1727 797 310

268 825 420 875 Laeva,
443 829 508 865 ter
526 824 675 865 insuto
696 825 944 864 servantem
960 821 1155 874 ingentia
1174 821 1289 863 ferro

268 880 483 934 Pectora-z
512 904 613 932 nam
634 895 758 942 tergo
779 900 999 942 nunquam
1018 892 1189 930 metus:
1218 887 1352 931 hasta
1370 889 1592 931 vetustum

267 959 503 1013 Sylvarum
524 958 679 1007 decus,
699 956 874 998 emissae
897 954 971 996 cui
990 955 1147 1008 pervia
1167 967 1339 1012 semper
1617 955 1622 960 ”

266 1078 341 1107 tunc
358 1074 497 1114 genitor,
518 1074 598 1106 hunc
618 1075 770 1115 quondam
794 1077 826 1105 et
848 1071 1012 1105 delectabit
1033 1075 1174 1111 senet-tus
1185 1071 1314 1110 sutura.
1359 1071 1459 1104 Pater
1473 1075 1596 1120 exercet
1609 1074 1728 1105 trecen-

267 1120 317 1148 tos
339 1118 455 1158 equites
476 1119 517 1148 ad
539 1117 720 1155 certamina,
744 1120 774 1148 et
797 1116 926 1147 totidem
937 1114 1042 1156 filius.
1087 1115 1138 1146 Hi
1151 1114 1300 1146 dicuntur
1314 1114 1475 1155 reliquisse
1500 1122 1629 1154 parvum
1654 1115 1728 1147 Glix

267 1163 372 1200 santa,
395 1163 427 1191 et
452 1159 630 1199 Coroniam,
656 1163 783 1190 arantes
808 1162 946 1198 segetum
959 1157 1103 1196 fertilem
1121 1157 1300 1197 Coroniam,
1321 1159 1353 1188 et
1377 1157 1540 1189 vlnearum
1561 1156 1726 1197 Glisantm

268 1201 333 1234 Sed
350 1203 457 1242 potius
470 1202 542 1233 vide
557 1202 636 1233 hunc
652 1202 829 1242 Hypseum,
854 1202 916 1232 late
941 1203 1122 1239 opacantem
1145 1200 1282 1240 corporis
1302 1199 1490 1240 proceritate
1505 1199 1587 1231 altas
1601 1199 1727 1245 quodvi-

266 1254 336 1283 gas,
359 1248 390 1276 et
404 1247 561 1283 tegentem
574 1244 735 1276 sinistram
755 1247 878 1284 partem
893 1242 1030 1282 corporis
1043 1246 1129 1274 scuto
1144 1241 1282 1280 confecto
1302 1247 1344 1273 ex
1363 1241 1552 1282 septemplici
1572 1240 1669 1282 corio,
1691 1250 1728 1273 σε

269 1288 374 1327 ampla
393 1290 517 1326 pectora
530 1290 578 1318 ter
592 1287 698 1318 insuta
705 1286 796 1325 ferro
810 1286 925 1317 lorica:
948 1294 1022 1316 nam
1037 1294 1190 1325 nunquam
1205 1283 1312 1316 timuit
1326 1287 1426 1324 tergo.
1469 1283 1579 1316 Hasta
1589 1286 1655 1316 erat
1670 1293 1727 1316 an-

266 1329 387 1370 tiquum
400 1330 557 1370 sylvarum
571 1332 794 1367 ornamentum,
807 1329 858 1359 cui
869 1328 996 1359 intortae
1008 1327 1214 1369 penetrabilia
1228 1336 1345 1368 semper
1355 1337 1444 1358 arma
1457 1336 1493 1358 ac
1503 1329 1631 1368 pectora
1644 1330 1730 1368 sunt,

879 1415 1119 1430 eeeeeeeeeeee

268 1487 351 1527 cher,
367 1486 490 1518 omisso
504 1487 549 1528 τῷ
562 1489 713 1518 ete-303
742 1486 784 1517 Et
797 1495 877 1517 nuno
891 1484 1049 1523 sifi-atres
1064 1485 1261 1517 Dani—304
1283 1485 1293 1503 ‘
1308 1486 1516 1526 Cori-aptum
1531 1483 1566 1517 in
1581 1483 1633 1516 his
1655 1492 1730 1516 vera

270 1529 320 1561 bis
337 1529 512 1571 quidpiam
532 1531 605 1570 jam
621 1529 700 1560 olim
725 1527 908 1560 arbitratus
930 1538 1017 1560 sum.
1039 1529 1166 1560 Forte:
1183 1528 1277 1567 Juvat
1294 1538 1355 1560 iana
1369 1529 1403 1559 in
1418 1531 1549 1568 utu-om
1563 1529 1729 1564 senectus:

272 1572 347 1603 vel:
371 1572 451 1603 hunc
465 1572 538 1603 olim
552 1573 649 1610 Juvat
663 1571 789 1602 unitura
804 1573 945 1602 senectus
955 1581 968 1608 ‚·
993 1571 1066 1603 vel:
1090 1581 1152 1602 una
1167 1570 1241 1601 olim
1255 1570 1350 1609 Juvat
1368 1573 1515 1602 eventura
1537 1573 1732 1601 senectus.-

270 1617 333 1646 307
361 1614 486 1645 Exilem
513 1614 679 1646 Glissanta
703 1612 922 1644 scribendum
951 1617 1051 1654 putat
1078 1613 1282 1645 Hermolaus
1305 1613 1481 1645 Barbarus
1496 1612 1530 1644 in
1546 1611 1732 1652 Plio-pagi

269 1656 323 1688 7'0.
347 1657 473 1689 Exilem
490 1657 633 1688 Glisanta
649 1657 742 1688 Dan.
759 1655 842 1688 Pur.
859 1651 980 1688 Petav.
1009 1655 1251 1696 Choroniamque
1274 1655 1606 1687 rinnandins—sos
1627 1653 1733 1686 Messe

273 1699 460 1730 Charoniam
487 1699 520 1730 in
545 1700 653 1730 altero
670 1698 793 1730 Behot.
821 1697 994 1729 Coroneam
1010 1697 1088 1729 edd.
1111 1703 1198 1730 vett.
1223 1698 1364 1730 Glisanta
1390 1698 1480 1730 Dan.
1508 1697 1589 1730 Put.
1606 1696 1732 1728 Petav.

273 1741 437 1773 Glissanta
461 1741 665 1772 Hermolaus
690 1740 994 1772 Barbarum—309.
1019 1743 1082 1772 310
1106 1740 1186 1772 Nic.
1204 1740 1369 1772 Heinsius
1391 1740 1426 1772 in
1446 1737 1670 1772 Adve1·s.lib.⁴
1685 1746 1731 1770 na.

272 1793 348 1824 cap.
362 1786 413 1815 16.
428 1794 460 1823 p.
475 1786 549 1814 341.
564 1784 647 1822 legit
661 1794 669 1814 :
692 1784 772 1814 hunc
785 1782 886 1822 aspice
899 1793 1007 1814 currus
1020 1783 1153 1824 Hypsea
1163 1781 1479 1823 quadrijugum—311
1507 1782 1615 1822 Lang.
1630 1781 1734 1813 Laur.

273 1826 405 1858 Buslid.
430 1825 580 1865 Lipsian.
597 1827 684 1856 Dan.
701 1826 784 1857 Put.
811 1823 934 1855 Petav.
951 1825 1091 1857 Beliott.
1118 1828 1151 1856 1.
1168 1828 1199 1856 2.
1218 1825 1320 1856 Aldd.
1347 1825 1458 1856 Colin.
1476 1823 1610 1865 Gryph.
1627 1822 1732 1856 Basil-

270 1869 386 1901 Plant.
412 1868 637 1909 Lindenbmg.
660 1868 762 1900 Cruc.
779 1867 921 1899 Gevart.
939 1867 1098 1900 Grasser.
1117 1871 1155 1899 et
1169 1867 1314 1899 Amstel.
1334 1870 1458 1901 servant
1481 1866 1634 1908 ingentia.
1651 1865 1731 1899 Nic.

939 1943 1081 1977 NOTAE

315 2012 379 2043 304
404 2009 482 2041 Plus
492 2009 598 2050 pater]
621 2009 704 2041 Plus
721 2011 820 2050 pater
834 2007 974 2041 laetatur

273 2053 438 2092 affinitate
458 2061 586 2099 aeratis,
600 2070 701 2102 quam
716 2059 818 2093 filius.
865 2058 975 2099 Hunc]

273 2111 394 2142 Filium
410 2111 556 2150 scilicet,
570 2111 628 2152 qui
643 2121 720 2143 cum
737 2109 900 2148 senuerit,
915 2110 974 2141 lae-

273 2160 406 2191 tabitur
422 2164 560 2192 aetatem
584 2160 657 2192 fere
678 2170 807 2202 aequam
823 2169 898 2191 cum
916 2169 975 2201 pa-

273 2217 326 2244 tre
341 2211 482 2252 habere,
495 2213 615 2254 sicque
630 2215 747 2254 sperat
763 2211 813 2242 illi
830 2211 975 2243 morien-

274 2262 300 2293 ti
316 2271 351 2293 se
368 2271 433 2293 non
458 2261 730 2303 superfuturum.
774 2262 830 2293 De
856 2262 975 2293 iisdem

273 2311 401 2343 Noster
424 2311 482 2343 lib.
501 2320 541 2343 11.
566 2311 821 2353 ‘Juvenemque
845 2315 977 2353 patrem

275 2371 360 2403 puer
375 2367 487 2403 aequat
499 2360 682 2393 Alathreus
700 2372 709 2400 ;
726 2361 857 2393 Felices
868 2361 979 2400 ambo,

273 2412 333 2444 sed
362 2411 569 2444 fortunatior
599 2413 656 2444 ille
683 2413 794 2446 Quem
822 2413 977 2454 genuisse

269 2462 397 2502 juvat.'

295 2536 297 2538 .
317 2514 379 2543 307
418 2512 566 2544 Glisanta
577 2535 584 2544 .
597 2535 604 2543 .
619 2535 626 2544 .
640 2512 821 2554 Coroniam]
864 2511 977 2545 Glisas

273 2568 310 2594 et
327 2563 472 2596 Coronia
488 2563 616 2604 oppida
633 2564 791 2596 Boeotiae.

316 2608 378 2645 31'1
404 2613 515 2654 Loeva]
540 2613 580 2644 Id
593 2618 658 2653 est,
675 2613 796 2647 laevam
810 2609 870 2654 aut
882 2613 978 2651 siuis-

277 2668 362 2696 tram
380 2668 510 2704 partem
522 2665 686 2704 corporis.
706 2663 886 2696 servantem
898 2665 976 2706 [ser-

275 2712 366 2754 vant]
386 2714 475 2754 Lege
499 2718 615 2751 servat,
640 2718 697 2745 aut
713 2714 739 2744 si
755 2713 818 2745 hoe
834 2722 977 2746 caesurae

275 2774 394 2805 negas,
403 2768 588 2803 servantem,
602 2770 637 2796 ut
646 2765 813 2805 jungatur
823 2774 899 2797 cum
912 2775 976 2796 um-

277 2815 427 2848 brantem.
453 2815 580 2847 Sensus
594 2824 673 2847 vero
688 2815 790 2847 totius
802 2815 901 2856 hujus
911 2814 977 2847 loci

1029 2013 1080 2040 est
1094 2020 1102 2039 :
1127 2008 1207 2049 Ipse
1230 2007 1347 2051 ntique
1363 2003 1526 2050 Hypseus
1542 2006 1670 2040 dicitur
1683 2006 1734 2039 'la-

1029 2063 1063 2091 te
1080 2059 1235 2091 umbrare
1247 2059 1354 2091 celsas
1366 2058 1562 2100 quadrigas,
1572 2058 1647 2099 ipse
1662 2066 1734 2090 ser-

1029 2120 1111 2142 vare
1130 2110 1230 2150 laeva,
1256 2119 1316 2141 seu
1334 2109 1456 2141 laevam
1475 2109 1631 2149 corporis
1646 2116 1734 2148 ,ρει-ε·

1028 2163 1110 2199 tem,
1133 2159 1269 2201 clypeo,
1294 2158 1367 2200 ipse
1381 2166 1520 2190 servare
1536 2162 1659 2200 pectus
1675 2156 1734 2190 tri-

1029 2209 1111 2251 plici
1131 2210 1249 2242 lorica.
1295 2209 1483 2241 Gronovius.

1073 2263 1137 2293 312
1154 2262 1239 2292 Nam
1254 2264 1344 2300 tergo
1358 2257 1514 2300 nunquam
1528 2259 1641 2301 metus]
1650 2258 1730 2292 Sive

1032 2311 1111 2354 quia
1123 2320 1293 2353 nunquam
1307 2309 1462 2351 fugiebat
1469 2308 1733 2351 Hypseus‚l1inc

1034 2370 1198 2404 nusquam
1221 2364 1332 2393 metus
1355 2360 1496 2392 vulnera
1519 2368 1620 2400 posse
1636 2364 1734 2400 tergo

1036 2411 1207 2453 accipere,
1222 2420 1298 2452 quae
1323 2415 1420 2447 erant
1445 2409 1628 2450 indecora;
1663 2410 1734 2442 sive

1033 2462 1113 2504 quia
1143 2466 1242 2493 vetus
1267 2469 1338 2498 mos
1362 2463 1449 2500 erat,
1471 2463 1511 2491 ut
1535 2459 1640 2492 lorica
1669 2459 1735 2491 nisi

1034 2517 1155 2554 pectus
1183 2515 1329 2553 tegeret,
1355 2510 1398 2542 sd
1426 2509 1612 2542 tollendam
1637 2519 1735 2552 spem

1033 2561 1124 2603 fugae
1150 2560 1395 2603 pugnantibus,
1419 2559 1503 2592 alias
1526 2559 1734 2601 exposituris

1033 2616 1127 2653 terga
1142 2612 1274 2644 nudata
1288 2609 1544 2652 insequentibus
1567 2609 1734 2642 hostibus.

1033 2662 1137 2693 Hasta
1150 2663 1305 2693 vetustum
1315 2659 1480 2701 Sylparum
1490 2659 1597 2700 decus]
1615 2658 1654 2690 Id
1668 2663 1734 2698 est,

1031 2712 1129 2743 hasta
1153 2710 1311 2743 confecta
1342 2714 1420 2741 erat
1444 2717 1488 2742 ex
1514 2709 1642 2741 arbore
1658 2717 1734 2750 quae.

1032 2767 1107 2796 erat
1121 2762 1228 2796 decus
1241 2762 1423 2805 sylvarum.
