1846 3120
255 247 370 291 1188

255 356 577 409 Amissumque
598 353 749 395 odisse
770 351 917 394 diem?
939 351 1132 406 pandam
1149 350 1298 394 om'nia
1315 362 1463 407 regna,
1500 353 1527 410 J
1606 403 1611 408 A
1678 351 1714 384 ’ἱ

255 425 305 466 Si
327 424 492 478 placet,
512 426 557 463 et
576 421 732 475 Stygio
753 423 1017 474 praetextam
1038 420 1303 475 Hyperiona
1313 422 1455 463 coelo.

253 490 432 533 Arcada
451 502 533 531 nec
549 487 737 542 Superis
756 486 889 542 (quid
910 488 1026 530 enim
1042 488 1149 530 mihi
1167 489 1350 531 nuntius·
1362 489 1524 532 ambas

253 559 384 612 Itque
403 557 605 611 reditque
626 555 787 597 domos
798 553 842 610 ¹2)
861 556 1072 606 emittam,
1091 560 1136 597 et
1156 560 1388 611 utrumque
1406 554 1570 599 tenebo

254 624 564 680 Tyndariden„
595 622 687 664 Gur
706 626 854 664 autem
875 623 1017 666 avidis
1037 623 1203 666 Ixiona
1217 623 1370 678 frango
1626 622 1714 667 ·--50

253 693 545 736 Vorticibus?
577 703 652 732 cur
671 702 758 732 non
778 693 1017 746 expectant
1034 690 1258 733 Tantalon
1275 690 1406 733 undae
1419 691 1441 733 'i
1649 706 1652 710 ’

251 760 383 802 Anne
398 759 676 814 profanatum
695 758 827 800 toties
847 757 997 800 Chaos
1016 758 1192 812 hospite
1208 758 1313 801 vivo

742 257 788 288 Ρ.
821 253 1016 287 PAPINII
1049 256 1218 289 STATn
1249 258 1255 263 '

253 893 326 926 odio
350 892 508 934 perditam
528 892 647 924 luem?
667 890 820 932 Aperiam
839 891 986 923 universa
1000 900 1120 931 regna,
1141 891 1171 923 si
1191 891 1277 924 cordi
1299 894 1358 932 eet,
1380 894 1413 924 et
1436 890 1602 924 omer-bo
1620 891 1716 924 uk-

251 936 370 978 Stygia
380 936 528 975 caligine,
541 944 596 966 nec
609 934 768 966 remittam
783 935 903 975 superis
911 935 1076 975 Arcadem,
1090 933 1180 975 (quid
1195 933 1278 966 enim
1291 933 1369 966 mihi
1383 933 1512 971 nuntius
1525 932 1608 966 ultro
1620 926 1715 966 ciero-
1777 941 1778 945 ’
1835 951 1838 959 =

252 989 311 1019 que
326 978 482 1010 discurrit
495 987 551 1018 per
565 981 726 1018 utramque
742 976 891 1008 ditionem
900 975 932 1016 5³)
946 980 977 1009 et
991 977 1129 1009 retinebo
1144 977 1247 1008 ambos
1262 977 1403 1019 Tyndari
1407 976 1508 1019 filios.
1551 976 1618 1018 Cur
1631 976 1717 1008 enim

253 1022 354 1053 lacero
376 1021 521 1053 Ixionem
542 1019 723 1061 irrequietis
741 1019 858 1061 gyris?
881 1021 947 1051 Cur
972 1028 1034 1052 non
1058 1029 1146 1061 aquoe
1165 1020 1390 1061 praestolantur
1414 1019 1605 1054 Tantalum!
1624 1019 1716 1069 Anu(

865 1115 1103 1128 eeeeeeeeeeee

251 1182 459 1215 membrana*
485 1186 522 1214 et
537 1182 660 1214 Behot.
675 1184 705 1214 1.
725 1182 961 1222 perferre—46
982 1181 992 1200 ‘
1010 1182 1089 1214 Non
1106 1185 1158 1214 est
1172 1180 1404 1222 librariorum,
1419 1179 1481 1212 sed
1495 1178 1716 1214 omnino'Pa·

251 1226 335 1268 pinii
359 1226 465 1267 ipsius
481 1225 638 1266 scriptio,
661 1234 738 1265 quae
755 1230 912 1257 servatur
927 1235 947 1257 a
962 1225 1087 1257 nostris
1104 1225 1241 1266 optimis
1257 1223 1486 1256 membranis:
1508 1223 1644 1264 pandam
1659 1221 1713 1254 «ἰπ-

249 1269 328 1300 tima
342 1268 461 1308 regna!
483 1268 602 1300 Barth.
647 1268 656 1286 ‘
669 1268 835 1301 Quaenam
859 1268 936 1299 haec
961 1268 1065 1299 omnia
1085 1265 1212 1308 regna?
1236 1277 1280 1298 ex
1300 1276 1404 1298 sensu
1425 1264 1645 1298 manifestum
1659 1268 1716 1297 est

249 1311 402 1343 Plutona
422 1311 466 1342 de
494 1311 641 1343 Tartaro
666 1311 721 1343 hic
744 1311 836 1353 loqui
853 1321 863 1350 ;
882 1311 958 1351 lege
982 1311 1086 1352 igitur
1099 1311 1218 1350 orrida,
1241 1310 1263 1342 i.
1280 1319 1312 1342 e.
1335 1308 1462 1341 horrida
1475 1317 1595 1348 regna.-
1617 1307 1628 1326 ‘
1642 1307 1716 1348 pal-

250 1354 324 1385 lida
351 1353 479 1394 regna'
505 1359 608 1386 vocat
634 1354 759 1394 Virgil.
782 1355 967 1385 vr11.'245.
1002 1357 1129 1394 ‘regna
1157 1352 1287 1394 opaca'
1320 1352 1451 1384 Noster
1469 1351 1579 1383 Theb.
1597 1351 1713 1382 r.294.

247 1396 258 1414 ‘
272 1396 439 1428 horrifera
454 1406 561 1437 regua
573 1396 583 1412 '
606 1397 740 1428 Seneca
756 1396 899 1438 Hippol.
917 1406 966 1427 vs.
981 1398 1057 1428 932.
1082 1397 1135 1427 vel
1152 1396 1272 1427 saltem
1286 1395 1373 1426 invia
1386 1392 1506 1433 regna-⁹
1548 1393 1607 1426 Ita
1631 1391 1716 1424 scri-

249 1438 302 1471 bit
318 1439 544 1471 Marklaudus
560 1439 603 1471 ad
622 1439 717 1481 Sylv.
742 1448 792 1470 xv.
816 1442 846 1470 1.
874 1441 1011 1472 14.-47
1037 1439 1178 1471 Behott.
1195 1441 1226 1470 1.
1241 1440 1273 1470 2.
1289 1436 1382 1470 Dan.
1397 1437 1480 1469 Put.
1497 1436 1621 1469 Petu.
1633 1435 1716 1468 Lin-

251 1482 417 1524 denbrog.
436 1488 472 1514 et
488 1483 590 1514 Cruc.
604 1484 878 1523 praetexam—48
899 1481 1027 1514 Arcada
1048 1492 1130 1514 nunc
1150 1482 1259 1522 Lang.
1283 1481 1388 1513 Lam.
1408 1479 1546 1512 Buslid.
1562 1478 1715 1520 mpsim.

247 1529 287 1556 et
303 1525 382 1556 edd.
398 1530 487 1558 vett.
506 1526 634 1557 Arcada
763 1524 892 1566 Superis
907 1525 1030 1557 Behot.
1045 1527 1077 1556 1.
1100 1534 1185 1556 voce
1207 1524 1341 1555 neo-sel
1363 1532 1445 1555 nunc
1463 1531 1568 1554 erasa
1584 1532 1595 1561 ;
1617 1522 1653 1553 in
1667 1521 1715 1553 al·

249 1572 326 1599 tero
343 1578 423 1600 vero
439 1567 563 1601 Behot.
580 1578 644 1600 vox
659 1577 715 1599 nec
730 1567 861 1610 scripta
881 1572 956 1600 erat
980 1568 1013 1599 in
1036 1568 1178 1600 alterIus
1205 1566 1453 1607 vestigiis—51
1480 1563 1657 1598 Ver-einim
1677 1564 1714 1597 in

909 1662 1054 1696 NOTAE

1009 1738 1165 1770 mortalis
1179 1749 1189 1778 ;
1205 1746 1272 1781 quo
1285 1736 1381 1769 facto
1395 1736 1535 1769 alternis
1543 1735 1631 1768 mori
1643 1734 1711 1768 tra-

1008 1788 1138 1821 duntur
1153 1793 1188 1821 et
1204 1788 1422 1821 reviviscere.
1455 1786 1620 1828 Virgilius
1634 1787 1711 1819 AEu.

292 1743 334 1772 47
359 1739 562 1782 Hyperiona]
594 1740 719 1772 Solem.
765 1738 881 1781 Stygio
895 1748 953 1770 σω-

247 1789 293 1830 ῖο]
316 1789 419 1822 Pluto
450 1790 534 1822 dicit
561 1799 597 1821 se
625 1789 778 1821 immissis
805 1789 955 1821 tenebris

249 1842 355 1873 solem
371 1846 408 1873 et
429 1841 566 1872 numina
581 1840 808 1872 turbaturum.
855 1839 952 1880 Coelo]

248 1891 291 1923 Id
309 1897 376 1931 est,
392 1890 690 1933 tenebris,quibus
707 1890 798 1932 apud
815 1890 953 1922 Inferos

248 1943 370 1975 coelum
401 1942 618 1984 praetexitur.
662 1942 752 1974 Nam
778 1945 814 1973 et
843 1940 953 1974 Inferi

244 1988 346 2024 'suum
375 1994 497 2025 coelum
534 1993 718 2026 habebant.
763 1989 890 2025 Posset
917 1997 954 2024 et

249 2044 315 2085 legi
328 2053 423 2076 coeno.

291 2095 335 2124 48
356 2093 500 2135 Arcada]
523 2093 564 2126 Id
581 2097 647 2135 est,
661 2092 875 2125 Mercurium
891 2102 951 2131 na-

246 2146 319 2174 tum
334 2143 367 2174 in
381 2142 544 2184 Arcadia,
560 2143 617 2185 qui
630 2153 720 2175 nunc
734 2143 826 2185 apud
843 2142 953 2185 Supe-

249 2203 304 2225 ros
321 2197 388 2234 est,
402 2202 494 2226 nunc
511 2195 603 2236 apud
620 2193 776 2233 Inferos3
789 2193 879 2225 unde
895 2202 952 2225 na·

178 2271 184 2274 .
248 2246 320 2276 tum
337 2244 556 2284 proverbium
573 2243 674 2276 κοινὸς
683 2243 806 2286 Ἑρμῆς,
820 2253 953 2275 commu-

247 2294 297 2330 nis
325 2295 517 2327 Mercurius.
560 2296 607 2327 Et
633 2304 723 2327 nunc
749 2300 837 2338 atra,
862 2303 952 2326 nunc

249 2354 353 2376 aurea
369 2344 458 2377 facie
474 2345 645 2387 depictus.

291 2398 334 2427 49
358 2396 447 2437 Itque
463 2396 604 2437 reditque
614 2395 735 2436 domos]
751 2395 843 2427 Hinc
857 2395 953 2427 Mer-

248 2445 362 2476 curius
394 2445 542 2487 Apuleio
566 2446 715 2477 dicitur:
737 2446 826 2483 ‘Ille
843 2446 952 2487 Supe-

249 2504 321 2526 rum
340 2500 549 2527 commeator
561 2500 595 2527 et
605 2494 783 2528 Inferum!
825 2496 953 2527 Utrum-

248 2554 305 2585 que
321 2545 427 2576 tenebo
443 2545 658 2586 Tyndariden]
693 2545 735 2577 Id
756 2550 822 2585 est,
838 2545 952 2578 Pollu·

248 2605 322 2628 cem
339 2600 376 2627 et
391 2596 582 2636 Castorem,
604 2595 756 2636 Tyndari
777 2594 878 2632 filios,
895 2595 953 2637 qui

250 2651 345 2677 tanto
371 2655 486 2677 amore
511 2655 546 2677 se
573 2646 721 2677 invicem
744 2646 951 2686 dilexerunt,

247 2700 286 2727 ut
303 2696 439 2732 Pollux,
456 2695 514 2738 qui
530 2695 732 2728 immortalis
747 2700 846 2727 natus
862 2699 950 2736 erat,

248 2751 382 2788 partem
409 2756 480 2779 suoe
502 2746 767 2778 immortalitatis
788 2755 864 2778 cum
881 2744 951 2776 fra-

246 2803 299 2830 tre
316 2798 618 2830 communicaverit
632 2797 788 2838 Castore,
801 2797 859 2839 qui
874 2801 950 2829 erat

1010 1848 1062 1871 vr.
1086 1841 1096 1858 ‘
1112 1840 1148 1872 Sl
1162 1838 1304 1871 fratrem
1314 1838 1443 1870 Pollux
1457 1838 1591 1870 alterna
1602 1840 1713 1882 morte

1008 1890 1173 1930 redemit,
1188 1890 1293 1932 Itque
1309 1886 1469 1930 reditque
1484 1887 1573 1919 viam
1589 1885 1715 1919 toties?

1008 1940 1072 1972 Cui
1096 1940 1222 1973 fabulas
1246 1940 1359 1971 locum
1377 1937 1473 1970 dedit
1483 1937 1713 1970 Geminorum

1007 1994 1142 2030 natura,
1155 1999 1296 2032 quorum
1304 1989 1416 2021 altero
1427 1988 1573 2028 oriente,
1589 1991 1628 2020 ut
1643 1987 1713 2019 vul-

1008 2050 1052 2082 go
1065 2040 1231 2081 creditur,
1244 2040 1332 2072 alter
1339 2039 1483 2079 oceidit,
1497 2042 1533 2070 et
1546 2048 1565 2071 e
1575 2037 1714 2070 contrai-

1006 2091 1069 2123 rio.
1106 2091 1173 2123 Sed
1197 2090 1390 2132 Empiricos
1405 2088 1600 2130 mavult-,id
1617 2088 1710 2130 quod

1007 2140 1051 2172 de
1069 2141 1248 2173 Dioscuris
1261 2140 1426 2178 traditum
1438 2143 1502 2181 est,
1518 2138 1712 2181 intelligere

1008 2191 1052 2223 de
1074 2191 1207 2223 duobus
1231 2190 1508 2232 Hemisphaeriis,
1529 2198 1606 2222 cum
1626 2190 1711 2231 ipsis

1009 2243 1151 2284 geminis
1178 2252 1244 2274 non
1265 2245 1442 2283 competat
1462 2240 1496 2272 in
1508 2239 1617 2282 parvo
1635 2248 1711 2280 spa-

1008 2293 1071 2334 tio,
1099 2293 1190 2334 quod
1218 2294 1400 2332 occupant,
1427 2295 1468 2323 ut
1491 2299 1559 2332 uno
1576 2289 1711 2322 oriente

1007 2343 1092 2375 alius
1106 2342 1257 2383 occidat,
1272 2341 1449 2374 occidente
1465 2341 1610 2373 oriatur.

1049 2396 1092 2424 50
1115 2392 1245 2433 Ixiona]
1261 2391 1391 2433 Tangit
1401 2389 1553 2422 fabulum
1567 2389 1711 2430 Ixionis,

1006 2447 1107 2483 rotae,
1137 2452 1211 2484 quae
1236 2451 1373 2483 semper
1399 2440 1623 2482 convertitur,
1639 2438 1721 2486 alli-l,

1008 2493 1091 2535 gaii.
1135 2492 1226 2524 Vide
1240 2492 1346 2524 Theb.
1362 2500 1412 2523 ιν.
1428 2493 1504 2523 ⁵89.

1049 2548 1090 2577 51
1118 2545 1183 2576 Cur
1210 2553 1272 2575 non
1296 2546 1461 2585 expectant
1486 2542 1638 2576 Tantalon
1653 2550 1712 2574 un-

1005 2596 1070 2638 dae]
1090 2594 1181 2626 Vide
1197 2593 1281 2626 ibid.
1299 2603 1347 2626 vs.
1363 2596 1440 2627 538.
1651 2604 1653 2606 ·

1048 2648 1091 2677 52
1113 2645 1252 2686 Hospite
1262 2645 1348 2686 vivo]
1369 2644 1536 2685 Hercule,
1552 2643 1709 2685 Orpheo,

996 2695 1176 2736 Pirithoo,
1191 2700 1227 2727 et
1242 2695 1388 2736 Theseo,
1409 2695 1467 2737 qui
1489 2694 1557 2726 vivi
1571 2692 1707 2726 Inferos

997 2745 1149 2787 ‘ingressi
1165 2749 1257 2778 sunt.

1822 1995 1846 2234 *inhumatum
1828 1839 1846 1981 >assir-*vs
1836 1804 1841 1820 „.
1836 1786 1837 1790 „
1831 1721 1837 1735 ›-
1829 1688 1837 1705 ’·-
1838 1649 1841 1652 .
1834 1572 1846 1579 ,

1808 2562 1846 2966 ·*fist’ffywfflm
1823 2429 1846 2558 ὠὸ-*τςιῑιρ-
1823 2395 1843 2415 ‘lt
1820 2356 1846 2389 ’Ἀ
1821 2307 1846 2350 ζέων
1828 2268 1846 2299 εικ-
