1846 3120
303 249 415 292 1490
784 260 828 289 P.
862 258 1050 290 nemu
1083 259 1248 291 s'rA'ru

303 355 483 404 Praelia,
504 354 718 408 laurigero
736 353 999 395 subeuntem
1019 353 1193 395 Thesea
1212 367 1343 397 curru

303 421 491 463 Laetifici
510 422 711 475 plausus,
730 420 980 474 missusque
999 420 1057 462 ad
1079 421 1228 462 sidera
1247 423 1367 475 vulgi

304 488 498 538 Clamor,
521 492 566 528 et
585 488 776 529 emeritis
797 487 949 528 hilaris
969 488 1078 528 tuba
1095 489 1271 534 nuntiat
1289 491 1437 532 armis.

304 554 422 596 Ante
443 554 602 596 ducem
623 554 771 608 spolia
792 559 839 596 et
859 554 957 596 duri
979 554 1197 597 Mavortis
1217 556 1382 610 imago,

302 620 502 674 Virginei
523 634 691 671 currus,
711 621 1022 675 cumulataque
1042 621 1213 664 fercula
1232 624 1393 675 cristis,

301 687 360 729 Et
376 689 523 730 tristes
543 688 758 731 ducuntur
777 689 899 742 equi,
919 692 1171 742 truncaeque
1191 690 1421 743 bipennes,

305 753 420 805 Quis
441 768 615 797 nemora
630 759 674 797 et
694 754 882 796 solidam
904 754 1123 796 Maeotida
1142 756 1312 797 caedere
1330 760 1487 806 suetae,
1549 756 1552 760 ’

303 820 542 877 Corytique
560 823 680 864 leves
701 825 941 875 portantur,
960 823 1005 862 et
1024 821 1153 874 ignea
1173 822 1356 874 gemmis

1665 662 1752 732 525

297 938 402 979 populi
419 939 461 969 ad
474 941 562 970 astra
585 937 725 976 sublatae,
747 941 778 969 et
801 937 927 969 buccina
947 938 1021 968 loetu
1042 938 1178 976 consecto
1201 938 1288 975 bello,
1310 939 1456 971 nuntiant
1474 940 1624 972 The-’etun
1637 942 1750 974 trium-

299 981 386 1021 phali
401 990 496 1011 curru
508 979 635 1020 ingredi
647 980 768 1019 patrias
781 982 873 1017 aedes,
887 984 958 1020 post
970 981 1049 1011 dura
1063 981 1232 1012 certamina
1246 991 1314 1012 cum
1328 981 1475 1023 Scythica
1487 982 1621 1018 ventione.
1659 984 1748 1025 Eu-

301 1023 361 1054 viae
375 1032 411 1053 ac
425 1022 543 1065 effigies
557 1022 655 1054 trucis
667 1021 788 1053 Martis
802 1026 833 1053 et
847 1022 1006 1061 virginum
1019 1032 1128 1054 currus
1152 1033 1188 1053 ac
1212 1024 1314 1055 lancee
1327 1028 1460 1056 oneratae
1474 1025 1583 1056 criseis
1595 1028 1629 1058 et
1643 1020 1750 1058 tristes

301 1065 371 1106 equi
384 1066 562 1105 praecedunt
576 1065 692 1096 ducem.
733 1065 778 1096 Et
790 1064 943 1102 feruntur
956 1073 1077 1096 secures
1081 1064 1210 1103 [ναι-ιω,
1226 1066 1334 1106 quibus
1342 1067 1389 1097 Ιιιε
1402 1070 1599 1100 assueverant
1613 1077 1751 1101 resecare

301 1107 415 1149 sylvas,
427 1110 455 1139 et
467 1106 665 1148 perfringere
671 1107 805 1139 Moeotin
817 1107 918 1148 glacie
931 1107 1142 1148 constrictam,
1151 1110 1181 1139 et
1196 1108 1277 1139 leves
1286 1108 1455 1151 pharetrae,
1468 1119 1504 1141 ae
1517 1109 1613 1142 Zona
1620 1109 1751 1155 fulgen-

908 1203 911 1207 *
928 1199 1025 1212 “O“
1029 1200 1123 1213 ‘000‘
1127 1201 1145 1212 Ο

302 1266 441 1308 bipennis
455 1266 660 1298 Rom—52⁷
682 1267 777 1299 Unus
796 1267 918 1298 Behot.
935 1270 966 1299 et
990 1267 1082 1307 ignea
1097 1267 1358 1309 fiammis.——529
1379 1268 1461 1302 Put.
1480 1277 1617 1311 sexuque
1627 1279 1641 1308 ,·
1664 1279 1749 1302 unus

958 1363 991 1395 N
996 1362 1099 1395 OTAE

300 1426 445 1465 Theseo,
473 1426 505 1457 in
521 1435 641 1457 navem
658 1425 764 1466 ipsius
780 1425 998 1457 conscendis-

300 1480 368 1517 set,
383 1477 500 1509 statim
514 1477 647 1508 solvere
662 1476 767 1517 jussit
781 1476 942 1516 Theseus,
957 1486 997 1508 ac

300 1528 350 1560 sic
365 1537 439 1559 eam
456 1526 579 1568 rapuit.
623 1526 711 1558 Haec
727 1536 828 1558 causa
842 1526 906 1558 fuit
922 1536 998 1567 gra·

300 1577 428 1609 vissimi
452 1577 552 1609 belli:
577 1576 739 1618 Orithyia
761 1577 850 1608 enim
880 1586 997 1609 earum

300 1627 433 1668 regina,
456 1627 514 1659 ubi
530 1627 698 1667 comperit
721 1631 895 1669 raptorem
921 1637 997 1660 esse

295 1676 560 1709 ‘Atheniensium
603 1686 730 1718 regem,
765 1687 841 1708 cum
877 1687 997 1719 magno

300 1730 454 1761 exercitu
468 1727 621 1773 Athenas
639 1728 776 1769 petivit,
786 1732 820 1760 et
831 1733 998 1769 occupata

299 1788 425 1820 magna
440 1778 532 1809 urbis
547 1782 659 1819 parte,
673 1787 714 1810 ac
732 1778 806 1810 acie
821 1778 999 1818 instructa,

300 1829 473 1860 sinistrum
489 1838 595 1862 cornu
616 1828 875 1860 Atheniensium
891 1828 998 1869 gradu

300 1883 478 1910 moverunt
503 1879 706 1919 Amazones,
739 1879 799 1910 sed
827 1889 847 1911 a
875 1879 998 1911 dextro

299 1937 406 1960 cornu
421 1927 546 1968 fugatae
564 1928 702 1960 fuerunt
718 1937 840 1969 magna
854 1932 998 1968 accepta

297 1977 408 2018 clade,
428 1978 516 2009 acin
543 1982 657 2010 castra
684 1979 843 2019 repulsae,
869 1983 906 2010 et
923 1983 996 2011 tan-

298 2027 377 2059 dem
394 2036 484 2068 aegre
497 2027 607 2060 victae.

342 2079 408 2107 520
430 2077 604 2116 Laurigero
617 2077 795 2109 subeuntem
806 2078 921 2110 Thesea
930 2087 999 2108 cur-

298 2126 353 2167 ru]
378 2127 553 2159 Describit
569 2126 680 2159 Poe'ta
694 2128 930 2170 triumphalem
946 2129 997 2160 in-

300 2186 453 2218 gressum
484 2177 517 2208 in
553 2177 670 2209 urbem
700 2177 923 2219 Athenarum,
953 2188 997 2210 ex

289 2227 393 2258 ‘more
419 2227 583 2269 Romano,
618 2228 764 2261 Poe'tica
794 2229 935 2261 licentia
964 2234 999 2260 et

300 2277 452 2309 lascivia.

342 2331 407 2359 522
431 2329 559 2360 Hilaris
581 2329 670 2371 tuba]
695 2330 773 2362 No'n
790 2329 924 2369 bellica,
939 2323 997 2361 sed

299 2376 479 2410 festivalis,
522 2379 592 2411 Vet.
631 2378 734 2412 Senot.
793 2379 996 2419 Calpurnius

298 2427 373 2459 Ecl.
386 2436 411 2457 1.
433 2429 443 2444 ‘
457 2427 560 2459 Pacis
576 2437 662 2470 opus
677 2428 807 2469 docuit,
824 2429 995 2470 jussitque

298 2477 476 2508 silentibus
505 2477 607 2509 armis
631 2478 729 2510 Inter
758 2487 853 2510 sacra
882 2477 995 2518 tubas,

297 2535 365 2557 non
382 2526 473 2558 inter
490 2527 578 2558 bella
591 2527 736 2559 sonare!
779 2528 831 2559 De
857 2527 867 2545 ‘
882 2527 997 2559 trium-

297 2575 454 2616 phalibus
469 2576 559 2607 tubis
569 2576 579 2591 ’
590 2577 719 2618 triplici
732 2578 808 2609 loco
822 2577 857 2608 in
873 2587 996 2619 pompa

297 2624 544 2666 prodeuntibus
567 2627 704 2658 notavit
730 2626 915 2658 Panvinius
935 2627 994 2658 lib.

297 2674 341 2706 de
368 2674 563 2716 Triumpho.
610 2676 663 2707 Ad
690 2675 919 2708 differentiam
949 2677 995 2716 al-

297 2725 404 2756 terius
433 2725 569 2757 ‘civilis
599 2725 701 2758 tuba’
731 2725 861 2758 dicitur
889 2727 995 2759 Petro

295 2774 510 2817 chrysologo
525 2775 634 2808 Serm.
651 2779 682 2808 9.
704 2776 870 2810 Barthius.

1093 1429 1156 1458 523
1179 1426 1263 1458 Ante
1275 1428 1382 1458 ducem
1401 1427 1515 1467 spolia,
1535 1426 1607 1468 ξω]
1643 1427 1750 1461 Arma

1052 1476 1142 1508 enim
1172 1475 1320 1511 hostium
1346 1477 1380 1508 iu
1401 1477 1570 1519 triumpho
1592 1476 1750 1511 fereban-

1051 1529 1120 1565 tur,
1134 1529 1173 1557 ut
1191 1530 1307 1557 notum
1321 1530 1391 1558 estr
1724 1528 1737 1555 ‘-

1092 1578 1154 1607 525
1181 1575 1315 1617 Tristes]
1353 1576 1460 1609 Quasi
1480 1576 1671 1611 sentientes
1687 1578 1750 1611 do-

1050 1626 1213 1657 minarum
1227 1626 1466 1658 calamitatem.
1485 1627 1655 1660 Ducuntur
1663 1629 1750 1671 equi]

1051 1675 1140 1717 Equi
1155 1676 1258 1707 etiam
1275 1676 1308 1707 in
1325 1676 1495 1718 triumpho
1510 1677 1619 1710 ducti.
1647 1679 1747 1712 Tm-

1050 1735 1153 1766 coeque
1189 1725 1348 1766 bipennes]
1400 1726 1494 1759 Hinc
1525 1728 1536 1747 ‘
1562 1727 1749 1770 Amazonia

1053 1776 1201 1808 securis'
1232 1777 1379 1810 Horatio
1408 1786 1458 1810 lv.
1484 1778 1553 1812 od.
1580 1781 1613 1812 4.
1657 1780 1750 1812 Hinc

1053 1827 1184 1859 Plinius
1199 1828 1258 1859 lib.
1275 1837 1339 1860 vn.
1356 1838 1433 1870 cap.
1445 1832 1500 1861 56.
1520 1829 1617 1872 hujus
1633 1830 1749 1863 inven-

1054 1878 1179 1909 tionem
1207 1877 1327 1909 tribuit
1354 1879 1579 1911 Penthesileae
1604 1875 1751 1912 Amano·

1052 1937 1130 1959 num
1140 1928 1281 1968 reginae.
1298 1927 1503 1960 Plutarchus
1514 1929 1640 1960 Rerum
1651 1929 1749 1963 Grae-

1051 1987 1168 2010 carum
1181 1987 1258 2019 cap.
1271 1980 1327 2010 45.
1349 1978 1454 2010 tradit
1466 1978 1664 2019 Herculem,
1681 1980 1750 2012 vic-

1052 2030 1088 2058 ta
1094 2027 1284 2068 Hippolyte
1293 2026 1503 2059 Amazonum
1515 2028 1750 2069 tegminum·

1049 2077 1111 2108 rim
1148 2077 1221 2118 ejus
1257 2077 1436 2119 Omphalae
1472 2077 1561 2110 dono
1597 2077 1748 2116 dedis-e,

1050 2136 1233 2168 omnesque
1263 2126 1435 2168 Lydorum
1460 2136 1560 2169 reges
1584 2128 1682 2165 hauc,
1711 2134 1749 2160 ut

1051 2187 1123 2208 rem
1147 2187 1291 2213 sacram,
1307 2182 1458 2218 gestasse
1479 2187 1584 2220 usque
1600 2177 1643 2211 ad
1661 2179 1750 2211 Can-

1053 2227 1200 2259 daulem.
1223 2228 1270 2259 Et
1279 2227 1354 2259 fere
1367 2237 1485 2260 omnes
1497 2228 1629 2270 Poetae‚
1643 2239 1749 2271 quan·

1052 2278 1097 2309 do
1113 2277 1155 2309 de
1173 2278 1397 2309 Amazonibus
1423 2278 1618 2319 loquuntur,
1639 2277 1746 2310 Secu-

1054 2331 1099 2361 ris
1130 2329 1324 2361 Amazoniae
1362 2329 1569 2361 mentionem
1600 2329 1746 2362 faciunt.

1043 2379 1120 2411 Alii
1135 2389 1269 2421 quoque
1284 2379 1401 2420 populi
1416 2379 1592 2412 securibus
1603 2379 1744 2412 uteban-

1051 2434 1118 2469 tur,
1129 2435 1165 2460 et
1179 2439 1267 2460 nunc
1282 2434 1435 2460 utuntur.

1066 2493 1067 2496 ¹
1091 2481 1155 2510 526
1177 2478 1318 2510 solidam
1360 2478 1530 2520 Maeotida]
1573 2479 1746 2520 Intelligit

1049 2528 1194 2560 Maeotin
1231 2528 1388 2568 paludem
1420 2529 1543 2568 hyeme
1569 2528 1746 2571 congelas-

1050 2582 1197 2616 centem,
1225 2578 1362 2609 Tanaim
1389 2579 1648 2620 innumerosque
1671 2578 1745 2610 fere

1047 2627 1168 2659 fluvios
1185 2628 1422 2668 recipientem.
1466 2629 1581 2660 Hodie
1603 2633 1746 2663 vocatur

1047 2687 1132 2710 mare
1152 2677 1242 2709 d’elle
1271 2677 1425 2711 Zubaehe.
1470 2676 1625 2719 solidam]
1656 2678 1745 2710 Con-

1049 2728 1243 2770 glaciatam.
1520 2744 1523 2748 ·

1091 2779 1155 2810 52⁷
1180 2778 1224 2808 Et
1238 2777 1332 2817 ignea
1343 2776 1478 2817 gemmis
1501 2775 1652 2818 Cingula]
1685 2776 1745 2809 In-
