1858 3112
446 235 489 265 P.
520 233 714 266 naemu
748 233 918 267 su'rn
951 234 1098 268 svnv.
1131 236 1227 270 ΜΒ.
1250 238 1314 268 ιν.
1343 228 1388 270 4.

155 363 160 367 ,
183 326 399 364 Πο,ιοιὶνὶσ
426 327 589 362 messium
629 328 727 362 feriis
758 329 892 363 Gellius

182 378 244 415 lib.
258 387 318 412 ιι..
335 379 524 412 Plin.vrn.
547 380 614 421 Ep.
626 382 680 412 21.
725 381 783 412 De
797 379 892 412 feriis

182 429 431 464 vindemiarum
471 430 588 462 Divus
624 430 816 472 Cyprianus
846 430 891 463 ad

182 479 484 516 Dmtnminitio.
505 511 508 513 ,
522 481 579 513 De
593 479 686 512 feriis
702 480 891 513 vindemia-

183 538 259 576 mm
281 535 319 563 et
343 529 443 563 festis
458 530 634 572 Lamprid.
651 529 686 562 in
703 530 889 572 Heliogab-

182 585 223 615 et
231 579 366 623 {Paulas
379 581 483 615 Diae.
498 582 651 624 Longob.
665 581 727 614 lib.
739 590 796 614 111.
813 591 890 625 cap.

182 634 221 667 6.,
240 631 389 665 &aens-

192 684 269 717 »u
285 684 366 721 Qua
388 682 447 716 tibi
469 683 612 726 sublimi]
635 684 726 716 Nam
742 683 891 716 Marcel-

182 733 322 767 luafuit
338 738 502 776 patronus
521 735 558 766 in
574 735 686 767 causis
701 734 793 775 apud
810 744 892 766 cen-

183 785 375 819 tumviros:
397 795 540 829 quorum
552 786 688 828 judicia
710 796 800 818 niune
817 796 891 818 ces-

183 829 318 869 sabant.
353 835 403 868 Hi
418 835 518 868 hasta
533 836 736 878 utebantur,
752 841 791 869 ut
806 836 892 869 dixi-

182 893 260 918 mus
273 885 367 928 apud
378 886 595 928 Suetonium,
618 892 788 930 erantque
811 897 891 919 cen·

183 940 257 977 tum
272 940 311 969 et
324 937 490 980 quinque,
503 942 542 969 ut
557 937 659 970 docet
673 937 811 979 Festus,
828 937 891 970 sed

183 992 299 1021 nmen
310 993 450 1021 centnm
464 987 560 1020 dicti.
583 988 708 1021 Domit.

184 1041 201 1064 '-
222 1037 408 1072 OE·'1'halaes
420 1038 543 1080 κίρνη]
567 1038 771 1080 caligantis.
816 1041 894 1077 Do->

183 1088 349 1122 mitianus
395 1089 518 1121 habuit
555 1090 713 1122 Orcadas
761 1090 890 1123 insulas

185 1140 321 1182 Oceani
329 1140 524 1174 Britannici
541 1140 576 1173 in
588 1140 732 1182 ditione,
746 1151 889 1183 quarum

183 1192 306 1225 ultima
320 1199 374 1224 est
387 1192 510 1225 Thule.
540 1192 773 1234 Vespasianus
789 1197 899 1234 'pater-

182 1241 405 1285 expeditione
428 1252 491 1274 sna
516 1243 728 1286 temporibus
751 1244 890 1276 Claudii

183 1303 242 1326 eas
257 1293 449 1335 devicerat,
471 1293 614 1326 redacta
628 1295 745 1326 Vecte
761 1304 828 1327 una
839 1296 889 1326 *ex

183 1344 252 1379 illis
277 1344 312 1376 in
330 1348 560 1386 potestatem.
602 1345 802 1378 Juvenalis:
825 1346 835 1364 ⁴
853 1349 890 1377 et

182 1394 286 1429 nando
299 1399 419 1437 captas
435 1393 617 1427 Orcadas!
640 1395 740 1429 Idem.

192 1447 269 1479 -oa
294 1445 403 1477 Portoe
417 1445 595 1487 caspiam]
618 1445 752 1488 Caspiae
778 1451 888 1488 portae

182 1495 216 1528 in
232 1496 349 1529 Ponto
370 1500 451 1529 sunt
471 1496 631 1539 quaedam
651 1498 816 1539 angustiae
838 1498 890 1531 ita

185 1546 371 1590 appellate
398 1557 420 1579 a
442 1547 528 1580 mari
555 1547 682 1590 Caspio
706 1548 887 1590 proximo:

184 1597 405 1639 popuii‘iilic
433 1602 512 1630 sunt
542 1598 679 1640 Caspii:
715 1609 783 1641 quo
814 1599 889 1632 loco

182 1647 311 1680 multos
326 1647 507 1690 redarguit
523 1648 655 1681 Plinius
671 1651 730 1691 qui
746 1649 890 1692 Caspias

183 1702 306 1740 portas
335 1703 503 1741 putarunt
529 1708 607 1731 esse
637 1699 776 1732 easdem
811 1710 890 1743 quae

183 1753 264 1782 mut
302 1749 339 1782 in
374 1749 530 1782 Heberia
569 1750 675 1782 Ponti
714 1751 892 1792 provincia

184 1800 342 1841 proxima
357 1799 506 1842 Caspiis,
521 1809 598 1833 nam
614 1800 666 1833 bae
690 1802 766 1833 aliae
789 1806 891 1841 sunt;

185 1851 416 1895 emittamque
430 1850 467 1882 in
482 1850 668 1884 Sarmatas.
691 1851 790 1884 Idem.

227 1903 272 1933 66
296 1901 437 1933 Graves·
458 1899 563 1942 tarde]
586 1900 757 1935 Mendosa
774 1900 890 1934 verba.

182 1951 341 1994 Ignavia
354 1952 446 1985 enim
461 1952 638 1995 daxnnant,
654 1963 757 1995 quem
771 1953 891 1986 alacri-

185 2003 270 2050 tatis
284 2007 323 2037 et
337 2004 557 2041 strenuitatis
575 2004 697 2039 laudat
712 2005 903 2047 Papinius.—

185 2055 294 2097 Lege,
307 2054 439 2088 inserta
453 2056 596 2088 vocula:
621 2056 750 2098 Quique>
762 2066 894 2098 gravem

184 2105 270 2138 haud
293 2107 395 2139 torae.
438 2105 496 2138 An
516 2107 649 2141 intur-de
673 2107 824 2148 scripsit,
847 2113 893 2140 ‘ut

185 2156 531 2199 intrepide,.t'ntimide,
544 2158 599 2198 ⁸5⁰·
617 2157 784 2189 dicimus?
811 2157 891 2190 Non

186 2208 375 2250 displiceat
403 2208 433 2240 si
461 2207 685 2240 subveniatur
713 2208 892 2250 exemplo;

187 2259 232 2302 de
247 2269 314 2302 quo
330 2268 424 2292 nunc
439 2269 507 2292 non
524 2258 629 2292 subit.
653 2259 772 2292 Barth.

200 2333 207 2338 -
228 2311 272 2342 ta
297 2309 498 2351 ffiamphos]
522 2309 618 2342 Avus
635 2313 714 2342 tuus
730 2309 893 2352 proponit

187 2360 252 2394 tibi
267 2361 460 2403 triumphos
475 2361 698 2402 domesticos,
722 2370 801 2393 nam
815 2362 892 2403 ipse

187 2412 404 2454 triumphalis
418 2412 503 2453 fuit,
512 2422 658 2455 quorum
673 2413 893 2445 aemulatione

187 2462 400 2496 accendaris.
425 2463 549 2496 Domit.

204 2531 207 2534 >
231 2515 273 2546 75
295 2513 480 2555 stemmate]
511 2514 702 2547 Stemmata
726 2514 893 2557 imagines

188 2572 288 2596 aereoe
317 2563 488 2605 majorum
514 2563 572 2606 qui
599 2564 891 2606 triumphassent:

187 2613 374 2656 aliqnando
400 2615 568 2656 coronati,
596 2625 617 2647 a
642 2614 779 2655 στέμμα,
802 2615 893 2657 quod

189 2664 364 2707 significat
379 2673 554 2698 coronam.
597 2664 665 2698 11oe
687 2665 894 2708 quibusdam

187 2714 286 2748 lineis
310 2715 416 2747 etiam
443 2714 675 2756 pingebantur
689 2715 732 2747 ad
748 2715 893 2748 aliorum

190 2765 375 2806 imaginum
390 2764 632 2799 differentiam.
672 2766 720 2798 Et
733 2766 893 2809 quoniam

189 2823 235 2850 ex
258 2814 312 2863 *his
335 2815 447 2857 major
473 2820 687 2859 propagatur
711 2817 893 2858 nobilitas;

1533 229 1648 273 1731

941 329 1072 363 factum
1100 334 1156 364 est
1183 335 1223 364 ut
1252 331 1263 350 ‘
1280 331 1444 365 stemma’
1474 331 1649 375 significet

940 380 1157 414 nobilitatem
1174 381 1353 422 majorem.
1377 383 1476 415 Idem.

983 434 1027 464 ¹79
1051 432 1186 463 Fructus
1206 432 1260 463 ubi
1283 432 1414 465 Vesbius
1437 433 1557 474 eger-it]
1580 434 1647 466 Ro-

940 490 1058 513 manus
1069 481 1291 523 Venetosque
1308 482 1440 514 codex:
1457 482 1555 522 erigit
1569 483 1649 517 iras.

941 532 1044 566 Quod
1058 541 1126 564 non
1141 541 1277 573 possum
1291 541 1359 563 non
1373 532 1533 573 probare.
1568 534 1650 575 Epi·

940 583 1040 617 cedio
1060 585 1094 616 in
1108 585 1280 625 Patrem:
1303 585 1313 602 ‘
1330 589 1528 626 exemptum
1544 586 1650 618 terris

888 644 892 649 ⁴
941 633 984 665 ad
1008 633 1124 666 sidera
1145 638 1296 666 montem
1311 633 1485 667 Sustulit:
1508 635 1648 668 Gronov.

941 683 1056 716 Diutr.

955 752 957 754 v
984 737 1027 767 82
1056 734 1226 776 Vir-ebant]
1249 735 1339 767 Nam
1353 735 1502 768 Vesbius
1522 735 1649 768 vitibus

941 784 975 816 in
993 785 1110 826 primis
1126 785 1336 818 abundabat.
1362 786 1489 818 Domit.

984 839 1026 868 83
1050 836 1177 877 Premi]
1193 836 1346 869 obrutas
1359 847 1433 869 esse
1449 837 1529 870 illic.
1546 838 1648 870 Idem·

942 888 1156 929 Proanitaque
1185 891 1262 928 loto,
1292 888 1361 930 mu]
1391 889 1543 921 Proaoita
1569 899 1649 925 rura

942 938 1028 970 dicit
1047 944 1211 980 respectu
1231 945 1391 982 &venturae
1421 940 1649 980 posteritatis,

891 997 895 1002 ·
941 998 1018 1031 quae
1036 990 1121 1031 ipsa,
1137 1000 1213 1031 quae
1234 999 1314 1022 rura
1329 990 1423 1022 avita
1443 991 1648 1032 possidebit,

941 1040 997 1074 vix
1015 1040 1156 1085 ‚credet
1178 1041 1227 1072 ita
1255 1041 1411 1082 petiisse.
1456 1042 1525 1074 Ms.
1551 1042 1646 1074 Flor.

941 1092 1033 1124 Rura
1061 1093 1166 1124 deesse
1194 1092 1287 1124 near-i.
1344 1093 1443 1126 Quod
1472 1093 1544 1125 sive
1572 1094 1648 1135 quis

940 1142 1117 1184 probabit,
1133 1142 1206 1175 sive
1223 1143 1387 1175 retinebit
1403 1144 1593 1184 vulgatum,
1611 1149 1649 1176 ut

939 1192 1136 1227 faciendum
1159 1199 1332 1235 putamus,
1353 1194 1408 1226 hie
1429 1204 1548 1226 sensus
1570 1199 1645 1227 est:

938 1244 1127 1276 Mirabitur
1133 1244 1329 1286 posteritas,
1336 1249 1372 1276 et
1382 1244 1438 1276 vix
1447 1245 1568 1278 credet
1577 1249 1648 1277 om-

939 1294 995 1325 nia
1009 1294 1069 1326 illa
1085 1294 1242 1336 proavita
1258 1305 1350 1336 rura,
1361 1305 1437 1337 quae
1450 1300 1534 1328 tunc
1555 1295 1647 1329 forte

939 1346 1102 1377 restituta
1128 1353 1244 1386 erunt,
1267 1351 1303 1379 et
1328 1346 1528 1384 arabuntur,
1560 1348 1649 1380 mari

939 1396 1162 1441 Vesuvioque
1178 1396 1383 1439 adjacentia,
1405 1398 1560 1439 periisse,
1576 1398 1649 1431 abi-

940 1446 1021 1488 isse,
1049 1448 1159 1480 invisa
1189 1453 1306 1480 nostro
1330 1458 1406 1480 aevo
1437 1447 1530 1481 facta
1557 1458 1647 1482 esse.

941 1498 1143 1531 Quomodo?
1165 1508 1289 1540 nempe
1309 1509 1384 1541 quae
1408 1499 1582 1532 cineribus
1597 1500 1646 1531 la-

941 1548 1149 1592 pidibusque
1172 1555 1210 1582 et
1231 1550 1305 1581 aliis
1328 1549 1482 1591 reliquiis
1499 1549 1649 1582 incendii

941 1600 1083 1633 obtecta
1105 1601 1304 1633 latissimum
1328 1601 1436 1632 veluti
1461 1605 1498 1632 et
1524 1610 1650 1642 perpe-

942 1656 1035 1683 tuum
1048 1651 1184 1684 bustum
1198 1656 1311 1692 erant,
1320 1661 1387 1683 non
1399 1660 1489 1683 rura.
1507 1651 1650 1685 Gronov.

942 1702 1056 1736 Diatr.

985 1754 1028 1784 84
1051 1752 1192 1795 Abii-sse]
1207 1752 1296 1785 Nam
1312 1752 1388 1784 aliae
1404 1756 1507 1785 terra*
1523 1763 1648 1795 provo·

942 1804 1024 1835 lutae
1040 1811 1119 1837 sunt
1134 1803 1169 1835 in
1185 1804 1313 1835 insulas
1329 1803 1418 1835 illic:
1438 1809 1477 1836 ut
1491 1803 1648 1846 Prochy-

894 1866 899 1873 ’
943 1858 991 1895 ta,
1006 1854 1238 1896 Pythe'cusae:
1261 1853 1338 1885 aliae
1355 1857 1435 1886 sunt
1449 1858 1554 1886 terrae
1579 1864 1648 1886 mo-

943 1909 981 1937 tu
997 1905 1185 1946 absorptae.
1210 1905 1334 1936 Domit-

955 1961 958 1993 ζ
986 1958 1026 1988 85
1049 1955 1158 1998 Apex]
1192 1956 1312 1997 Vespii
1339 1965 1514 1988 cacumen.
1548 1955 1647 1999 Idem.

944 2007 1062 2038 Procul
1075 2007 1140 2039 ista
1153 2007 1231 2046 tuis,
1246 2006 1318 2047 ξω]
1333 2006 1403 2038 Alii
1418 2007 1555 2047 legunt:
1579 2016 1650 2046 pro-

944 2057 994 2089 cul
1007 2057 1071 2089 ista
1086 2057 1150 2090 tuis
1163 2057 1227 2088 sint
1243 2057 1331 2097 sata,
1354 2057 1462 2097 Teate,
1481 2057 1533 2097 850.
1578 2056 1648 2088 Sed

944 2108 1028 2140 nihil
1049 2108 1262 2148 mutandum,
1287 2117 1366 2139 nam
1395 2107 1530 2149 Tiphata
1553 2107 1648 2140 locus

945 2164 998 2191 est
1017 2169 1126 2202 prope
1142 2160 1309 2200 Capuam,
1329 2159 1373 2191 de
1389 2169 1456 2201 quo
1474 2159 1597 2190 Festus
1613 2163 1650 2190 et

945 2210 1073 2242 Livius.
1103 2210 1198 2243 Teate
1212 2215 1265 2242 est
1275 2209 1550 2241 Marrucinorum
1567 2208 1650 2240 urbs

944 2260 979 2291 in
996 2259 1112 2297 Italia,
1140 2263 1231 2292 teste
1253 2260 1445 2292 Ptolomaeo
1461 2258 1520 2291 lib.
1537 2267 1592 2290 ιιι.
1620 2268 1650 2291 c.

946 2313 977 2343 1.
994 2310 1096 2342 bodie
1113 2310 1198 2342 Tieti
1211 2311 1313 2351 vulgo
1328 2310 1466 2341 dicitur.
1502 2308 1572 2341 Sed
1589 2319 1651 2341 cur

945 2365 1045 2402 optat
1073 2361 1186 2396 Poeta
1213 2365 1253 2393 ut
1286 2360 1444 2393 incendia
1474 2369 1494 2391 a
1520 2359 1653 2400 campis

945 2412 1167 2453 Marrucinis,
1196 2411 1311 2453 potius
1353 2420 1454 2453 quam
1491 2410 1535 2441 ab
1575 2410 1652 2441 aliis

946 2462 1035 2504 agris
1057 2463 1278 2495 avertantur?
1322 2461 1364 2494 Id
1390 2461 1509 2493 videor
1531 2460 1651 2492 obser·

946 2523 1046 2546 vasse
1061 2523 1105 2545 ex
1119 2514 1234 2545 Plinio
1250 2512 1309 2546 lib.
1323 2521 1417 2545 xvu.
1435 2521 1511 2553 cap.
1523 2513 1577 2543 25.
1590 2510 1651 2542 ubi

946 2566 956 2583 ‘
973 2574 1072 2606 agros
1096 2563 1333 2596 Marrucinos'
1358 2573 1379 2596 a
1403 2563 1530 2595 Vectio
1555 2562 1650 2594 Mar-

946 2616 1047 2656 cello,
1065 2616 1122 2657 qui
1145 2614 1213 2647 fuit
1233 2619 1334 2656 pater
1352 2614 1453 2656 hujus
1476 2613 1653 2651 Marcelli,

945 2665 989 2698 ad
1001 2675 1104 2708 quem
1119 2665 1195 2697 baec
1211 2665 1333 2697 scribit
1348 2665 1492 2705 Statius,
1509 2665 1556 2696 ait
1574 2673 1651 2705 pos·

946 2725 1068 2757 sessos,
1093 2719 1130 2748 et
1151 2716 1407 2748 memorabilem
1431 2715 1473 2747 de
1490 2716 1530 2746 iis
1546 2715 1650 2745 bisto-

946 2765 1030 2798 riam
1046 2770 1186 2798 narrat:
1209 2768 1219 2784 ‘
1233 2766 1346 2807 Super
1369 2764 1501 2804 omnia‚'
1527 2762 1654 2804 inquit,

947 2819 958 2837 ⁴
971 2827 1048 2859 quae
1064 2826 1211 2863 unquam
1225 2817 1343 2851 audita
1353 2821 1445 2857 sunt,
1455 2816 1562 2848 etiam
1573 2824 1654 2857 pro-A
