1858 3112
258 242 371 285 1702

256 356 358 388 prora
384 351 421 378 et
442 353 563 378 ventos
585 350 718 387 captat,
742 351 779 379 et
800 347 958 388 ‘scopulos

256 406 425 438 rupesque
464 397 636 438 explorat.
680 398 744 430 Lil.
782 397 956 440 Gyraldus

255 447 317 478 lib.
332 447 375 478 de.
393 446 563 488 Navigiis,
576 457 654 489 cap.
670 450 723 479 12.
739 452 854 480 monet
872 448 956 479 alios

257 498 372 536 legere
385 497 486 528 malle
509 497 711 537 Malui-thum,
726 497 821 539 quasi
837 496 955 537 μόλυβ·

255 549 307 578 δον
317 546 414 589 ὀρθὸν,
422 548 576 588 plumbum
585 551 703 580 rectum
713 553 749 580 et
757 549 955 589 perpendicu-

255 597 331 636 lum,
341 597 430 639 quod
447 597 489 628 ad
503 598 747 639 explorandam
764 607 863 640 aquae
880 597 956 630 alti-

256 646 410 678 tudinem
425 646 641 688 adhibeatur,
658 652 693 679 ut
708 647 799 684 βολὶς
810 653 846 680 et
860 659 956 680 κατα·

256 696 446 738 πειρατηρία.
488 697 576 730 Sunt
593 698 650 738 qui
662 707 724 739 per
741 699 956 731 Molorchum

258 748 370 788 potius
399 747 557 779 denotari
592 748 709 780 dicant
747 749 798 780 rei
826 749 955 781 navalis

257 797 418 838 peritum.
463 797 520 829 Ita
543 798 654 838 gravis
669 802 759 830 esset
780 797 874 830 δεινὸς
889 800 955 830 n'on

256 846 363 889 βαρὺς.
394 847 448 879 An
463 848 606 889 alicujus
623 849 736 889 palato
752 850 864 890 sapiet
879 851 957 882 Bol-

255 898 367 929 archus
390 908 410 928 a
425 897 621 939 principatu
640 903 676 930 et
696 899 859 939 regimine
875 899 957 931 boli·

257 949 309 980 dis
323 949 335 980 ?
380 949 544 982 Quaenam
560 949 676 981 harum
692 949 779 992 κυρία
792 949 863 990 δόξα
877 960 956 982 cen-

256 997 408 1030 sebitur?
428 999 558 1031 Morell.
602 1000 796 1041 Molorchus]
818 1001 907 1034 Quia
922 1001 955 1031 in

256 1049 495 1093 vetustissimis
511 1049 718 1082 editionibus
738 1051 900 1082 Malechus
910 1051 956 1082 le-

256 1100 349 1140 gitur
373 1109 440 1131 non
468 1101 651 1140 molortlaus,
675 1101 788 1139 verius
806 1102 886 1133 mihi
908 1102 956 1133 vi-

256 1158 332 1180 sum
348 1154 415 1187 est,
430 1149 596 1182 Malachns
611 1160 685 1182 esse
708 1152 881 1192 proprium
897 1161 956 1184 cu-

249 1199 386 1240 jusdam
403 1201 561 1232 navarchi
583 1211 644 1233 seu
660 1207 805 1243 proretae
821 1212 955 1243 nomen,

259 1249 317 1290 qui
332 1250 495 1282 Molochus
509 1250 622 1283 dictus
644 1251 751 1284 suerit
775 1262 835 1284 seu
852 1254 957 1284 Mala-

256 1299 343 1330 chus.
371 1299 429 1330 Sic
443 1300 580 1332 invenio
605 1301 956 1343 exstitissequendam

259 1349 518 1383 Atheniensium
534 1351 753 1391 navarchum,
778 1352 958 1383 Mam-hum

256 1399 404 1438 nomine,
417 1399 504 1440 apud
516 1400 689 1433 Justinum
705 1400 763 1433 lib.
778 1409 855 1433 xvx.
887 1402 956 1433 Sed

258 1453 294 1481 et
307 1449 429 1481 Strabo
450 1450 624 1491 cujusdam
649 1451 792 1482 Malucki
815 1452 957 1483 mentio-

257 1510 337 1533 nem
354 1500 448 1533 facit.
492 1502 538 1533 Et
549 1501 629 1533 hinc
644 1501 789 1534 fortasse
801 1512 863 1544 per
876 1513 957 1535 con-

257 1551 474 1592 tractionem,
487 1552 648 1592 Syrorum
672 1553 818 1584 Maletum
830 1557 957 1589 natum.

259 1602 347 1634 sicut
373 1612 392 1634 a
428 1601 638 1642 ‘Proculus‚’
667 1602 859 1644 ‘Proclns,'
892 1606 956 1636 διε.

259 1653 344 1686 Quis
357 1663 439 1694 ergo
460 1658 564 1695 neget
579 1663 622 1684 ex
637 1653 775 1686 nautica
794 1654 885 1695 pube
899 1655 958 1697 Sy-

258 1711 332 1734 rum
347 1703 515 1745 quendam
535 1702 640 1735 fuisse
656 1703 705 1735 rei
720 1705 851 1736 navalis
868 1705 958 1744 peri-

257 1756 342 1793 tum,
369 1753 425 1786 cui
453 1753 617 1785 Mula-hus
636 1762 760 1785 nomen
780 1763 840 1786 seu
854 1754 958 1786 Molo-

259 1803 334 1837 ckus
345 1801 362 1836 :²
404 1803 470 1835 Sed
484 1803 650 1835 Latinitas
665 1812 733 1835 non
747 1803 884 1836 videtur
898 1805 957 1837 ad-

257 1853 408 1893 mittere,
423 1857 461 1884 ut
483 1854 534 1885 vir
556 1853 723 1895 praeditus
747 1858 821 1886 arte
844 1855 956 1897 aliqua

257 1903 391 1934 dicatur
417 1907 485 1935 arte
504 1903 625 1944 gravis,
645 1904 735 1937 sicut
751 1909 871 1937 contra
895 1906 955 1937 ali-

256 1962 358 1993 quem
389 1955 483 1984 recte
510 1952 682 1984 ‘virtute'
713 1957 774 1985 aut
803 1954 955 1995 ‘pietate

239 2001 417 2043 ·gravem’
449 2002 604 2034 dicimus.
647 2003 740 2036 Huic
763 2003 955 2039 difficultati

258 2051 459 2093 responderi
486 2058 614 2093 potest,
645 2052 684 2085 τὸ
708 2057 777 2086 arte
801 2063 868 2087 non
903 2065 955 2087 re·

256 2101 435 2134 ferendum
464 2112 541 2134 esse
566 2103 609 2135 ad
632 2104 754 2143 gravis,
773 2104 831 2136 sed
854 2105 898 2137 ad
916 2105 955 2137 τὸ

254 2153 499 2194 exploret‚quod
514 2159 751 2194 praecesserat,
765 2158 803 2186 ut
813 2155 957 2197 scilicet,

255 2206 323 2234 arte
337 2204 605 2243 exploret,gravis
616 2203 780 2235 moloclms.
821 2205 903 2244 Sed,
917 2211 956 2237 ut

256 2262 375 2284 verum
399 2252 521 2292 fatear,
547 2253 777 2285 duriusculum
799 2254 862 2286 hoc
888 2261 955 2295 est,

256 2302 349 2334 unde
372 2304 551 2344 perplacet
575 2304 656 2335 milii
679 2304 852 2336 sententia
878 2305 954 2337 Cla-

256 2354 332 2386 riss.
345 2354 458 2386 Viror.
470 2355 713 2394 Dan-Heinsii,
723 2355 780 2396 qui
791 2355 955 2388 censebat

255 2404 436 2438 Molucham
458 2405 512 2436 hic
535 2414 601 2436 nou
625 2405 784 2436 navarchi
800 2411 859 2437 aut
876 2415 953 2447 pro—

257 2459 338 2485 retae
355 2462 476 2486 nomen
494 2463 582 2493 esse,
597 2453 657 2485 sed
681 2454 877 2493 ufinatoris,
896 2465 953 2486 cu-

250 2504 309 2544 jus
341 2504 514 2545 proprium
543 2513 663 2535 munus
701 2510 776 2536 erat
811 2503 953 2537 fundum

255 2558 388 2592 petere,
414 2558 448 2584 et
471 2553 627 2594 scopulos
652 2562 820 2595 rupesque
835 2555 953 2595 explo-

254 2611 341 2633 rare.
382 2603 394 2620 ⁴
413 2601 570 2634 Urinari'
592 2602 681 2634 enim
703 2608 756 2634 est
770 2603 953 2644 submergi.

256 2650 362 2692 Atqui
379 2652 516 2692 proprie
538 2652 698 2684 convenit
722 2652 899 2692 urinatori‚
915 2658 954 2687 ut

255 2701 392 2733 dicatur
418 2705 487 2733 arte
509 2703 629 2742 gravis.
663 2703 750 2734 Nam
773 2713 849 2734 cum
877 2704 951 2746 qui-

255 2751 342 2784 libet
362 2751 538 2792 imperitus
550 2752 621 2792 ejus
631 2752 716 2784 artis
730 2753 878 2793 pondere
889 2764 952 2787 suo

256 2807 292 2836 et
306 2803 474 2845 gravitate
500 2802 542 2835 ad
565 2802 706 2835 fundum
727 2803 869 2845 seratur,
889 2805 952 2838 soli

725 253 868 285 No'rAE
901 253 1166 286 VARIORUM
1200 255 1252 286 IN

1006 347 1198 380 urinatores
1223 348 1400 389 eleganter
1417 349 1482 381 hoc
1504 351 1576 380 am
1590 347 1706 384 faeere

1005 405 1024 428 a
1042 397 1144 437 poeta
1169 397 1338 430 dIcuntur.
1382 399 1474 439 Ergo
1495 401 1564 430 arte
1586 398 1709 439 grais,

1005 451 1058 477 est
1073 447 1225 478 urinator
1240 447 1296 489 qui
1321 452 1395 480 arte
1416 447 1602 488 mergitur..
1635 446 1707 479 Μο-

1004 495 1123 529 lochmn
1139 500 1249 527 autem
1274 497 1437 538 temporis
1457 497 1545 529 illius
1560 495 1710 530 urinato-

1005 555 1076 577 rem
1092 545 1345 587 Synecdochice
1361 556 1420 587 pro
1435 547 1609 579 urinatores
1623 556 1706 590 quo-

1005 595 1090 627 libet
1107 595 1185 636 poni
1200 605 1265 627 non
1282 600 1335 628 est
1351 596 1586 636 dubitandum,
1603 589 1706 631 ethic

1005 655 1077 677 mos
1106 650 1159 677 est
1187 645 1320 685 Poetis,
1352 646 1511 679 Juvenali
1543 646 1708 688 imprimis

1006 699 1042 727 et
1063 695 1218 727 Martiali
1244 694 1433 728 familiaris.
1478 695 1533 728 lta
1557 696 1592 728 in
1611 705 1651 728 re
1663 696 1707 729 ni-

1005 745 1078 777 mili
1102 745 1260 778 Socrates
1287 745 1331 778 de
1353 746 1440 778 libro
1466 745 1706 779 obscurissimo

1007 795 1190 835 Heracliti,
1213 795 1327 826 aiebat
1360 797 1527 828 Natators
1557 795 1708 829 ‘Delio'

1006 854 1091 886 opus
1102 854 1175 876 esse
1191 845 1234 876 ad
1250 845 1478 887 explorandos
1492 845 1701 888 sepau->ejus

1006 895 1144 926 nimium
1156 895 1324 927 abstrusos
1338 900 1375 928 et
1392 894 1593 936 profundos.¹
1620 895 1708 929 Erat

1007 946 1096 978 enim
1121 946 1288 988 ‘Delius,’
1313 948 1468 979 urinator
1490 947 1564 988 ejus
1578 945 1708 988 saculi,

1007 1001 1044 1028 ut
1060 996 1234 1029 Malechus.
1278 997 1355 1029 Vim
1380 997 1549 1039 proverbii
1565 1007 1634 1030 nou
1657 998 1706 1038 yi-

1005 1047 1128 1079 derunt
1140 1048 1199 1090 qui
1213 1048 1434 1088 interpretati
1448 1053 1540 1082 sunt.
1583 1049 1634 1082 Ut
1646 1058 1707 1081 au-

1007 1102 1077 1130 tem
1104 1107 1254 1139 praesens
1276 1099 1368 1130 locus
1390 1099 1516 1131 rectius
1537 1098 1706 1140 inteiliga-

1007 1152 1078 1187 tur,
1102 1147 1288 1179 notandum
1313 1154 1367 1180 est
1390 1147 1534 1181 Poetam
1557 1148 1707 1189 singulas

1006 1197 1175 1229 Nereides
1187 1202 1286 1230 extra
1297 1208 1418 1240 aquam
1434 1199 1469 1230 iu
1481 1199 1594 1241 aliqua
1607 1199 1704 1233 navis

1007 1254 1105 1290 parte
1120 1249 1342 1289 constituere,
1361 1257 1401 1281 -et
1427 1250 1539 1282 omnis
1566 1249 1707 1282 nautica

1006 1297 1116 1330 officia
1131 1298 1214 1339 ipsis
1241 1299 1406 1340 Nymphis
1432 1299 1600 1338 tribuere,
1614 1299 1705 1340 quod

1005 1348 1135 1387 legenti
1167 1352 1275 1389 patet.
1319 1350 1403 1380 Cum
1437 1358 1518 1381 vero
1556 1349 1704 1390 proret'ae

1006 1407 1125 1429 munus
1141 1403 1245 1439 esset,
1261 1399 1374 1431 bolide
1400 1398 1541 1431 fundum
1558 1404 1706 1441 praeten-

1007 1451 1095 1488 tare,
1109 1453 1169 1479 aut
1195 1449 1269 1490 ejus
1285 1449 1361 1480 loco
1385 1450 1591 1482 urinatorem
1609 1450 1708 1482 emit-

1007 1501 1082 1529 tere
1105 1499 1147 1529 ad
1166 1499 1394 1540 explorandas
1409 1508 1536 1541 rupes3
1558 1500 1622 1532 hoc
1631 1499 1705 1542 jam

1009 1548 1214 1580 Nereidibus
1238 1549 1370 1590 tribuit,
1389 1553 1428 1582 ut
1447 1549 1515 1582 inae
1529 1548 1707 1587 &Mor

1007 1599 1094 1637 loco,
1107 1599 1296 1639 Molochum,
1319 1603 1388 1632 arte
1406 1609 1550 1641 gravem,
1574 1600 1639 1633 hoc
1653 1606 1708 1633 est

1008 1647 1154 1689 ἔντεχνον
1166 1647 1370 1689 ’κολυμβητὴν
1383 1651 1478 1683 emitl
1484 1656 1555 1690 ant,
1572 1652 1630 1694 qul
1645 1661 1706 1690 ex·

1005 1700 1122 1740 ploret
1151 1711 1267 1742 rupes.
1312 1702 1397 1734 Cum
1427 1702 1527 1743 dixit,
1549 1703 1706 1744 ,captor-et,

1009 1751 1160 1791 respexit
1188 1751 1230 1782 ad
1255 1752 1512 1794 instrumentum
1534 1752 1627 1794 quod
1648 1763 1705 1785 κα·

1004 1800 1222 1842 ταπειρατηρίη
1235 1801 1279 1833 ab
1295 1802 1472 1835 Herodoto
1484 1808 1639 1845 vocatur,
1647 1813 1706 1836 cn·-

1002 1850 1060 1891 jus
1077 1851 1151 1882 loco
1167 1857 1241 1884 erat
1261 1851 1428 1893 urinator,
1446 1862 1546 1885 verus
1559 1863 1707 1887 mavet-

1004 1899 1112 1941 ρατὴρ,
1136 1901 1231 1942 quasi
1257 1900 1353 1933 dicas
1377 1903 1612 1944 exploratos-m.
1634 1904 1705 1937 Ge·

1005 1954 1091 1981 vart.
1124 1949 1200 1981 Sint
1213 1950 1321 1991 quibus
1331 1952 1486 1992 exploret,
1494 1953 1567 1995 &ct-1
1588 1953 1704 1996 Scrip-

1004 1999 1050 2031 sit
1063 2000 1216 2032 Statius:
1239 2000 1327 2040 Sint,
1349 2002 1460 2043 quibus
1479 2004 1618 2044 exploret
1636 2004 1704 2037 iim

1001 2051 1112 2091 gravis
1147 2053 1213 2083 ulta
1248 2053 1409 2095 molybdis.
1457 2054 1575 2087 Dictio
1610 2064 1704 2098 rupes

1005 2112 1139 2144 semper
1151 2108 1312 2144 suspecta
1325 2102 1404 2136 fuit.
1439 2105 1510 2138 Pro
1525 2107 1612 2142 eain
1626 2108 1704 2140 Flo-

1004 2154 1112 2185 rentio
1138 2153 1266 2195 legitur
1289 2154 1403 2195 primo.
1445 2155 1512 2187 Sed
1530 2156 1616 2188 hunc
1629 2165 1703 2192 nu·

1004 2207 1069 2238 tari
1087 2207 1200 2238 malim
1216 2207 1252 2238 iu
1266 2207 1341 2249 lino,
1355 2217 1423 2249 quo
1439 2216 1489 2240 sc.
1504 2208 1655 2251 mlybdu'ae
1669 2209 1703 2241 iu

1003 2266 1098 2288 mare
1114 2257 1318 2288 demittitur.
1359 2258 1447 2289 Nam
1470 2267 1546 2290 cum
1574 2259 1651 2292 Let
1667 2259 1701 2292 N

1003 2305 1037 2336 in
1052 2306 1090 2336 M
1102 2305 1320 2346 coaluissent,
1332 2306 1397 2338 hoc
1417 2307 1519 2339 modo
1529 2308 1704 2349 lminep-

1005 2360 1059 2387 tus
1086 2355 1243 2387 librarius
1257 2355 1294 2387 τὸ
1306 2357 1336 2387 L
1350 2366 1412 2397 pro
1428 2362 1509 2388 nota
1522 2358 1576 2388 vel
1591 2358 1703 2390 Latini

1003 2406 1135 2437 numeri
1166 2406 1314 2446 accepit,
1345 2408 1381 2437 et
1405 2405 1507 2447 prim
1537 2407 1701 2440 reddidit.

1003 2457 1086 2488 Arta
1106 2465 1168 2497 pro
1190 2456 1255 2487 alta
1277 2456 1403 2488 deinde
1424 2461 1494 2488 urta
1509 2463 1702 2491 correctum

1003 2511 1068 2538 est.
1113 2506 1269 2547 Moluptis
1283 2511 1395 2538 autem
1411 2517 1474 2548 pro
1489 2508 1641 2550 molybdis
1654 2510 1703 2550 vi-

1003 2555 1103 2588 detur
1117 2557 1196 2588 olim
1213 2557 1391 2597 scriptum,
1413 2557 1503 2598 quod
1518 2556 1622 2590 facile
1634 2557 1703 2591 fuit

1004 2606 1039 2637 iu
1055 2607 1238 2639 molorchum
1253 2607 1386 2638 mutari.
1429 2607 1605 2638 Vocnrunt
1619 2607 1702 2640 olim

1003 2656 1265 2689 instrumentum
1293 2657 1377 2688 utari
1405 2657 1616 2697 explorando
1643 2669 1701 2696 μο-

1001 2705 1143 2746 λυβδίδα,
1157 2706 1237 2748 quia
1258 2706 1429 2747 plumbum
1445 2706 1593 2738 habebat
1607 2716 1701 2739 assu-

1003 2759 1073 2787 tum
1103 2755 1136 2787 in
1161 2760 1325 2788 extremo.
1370 2754 1456 2787 Vide
1475 2755 1574 2788 Gron.
1589 2756 1701 2792 Dim.

1002 2815 1032 2839 c.
1047 2808 1100 2838 27.
