1846 3120
297 223 411 267 1518

793 232 834 263 P.
865 231 1057 264 PAP1N11
1089 231 1253 265 STA'H!

299 329 474 381 sistere,
495 329 573 371 sed
593 331 687 371 tota
699 328 904 383 juvenem
922 329 1138 371 deducere
1156 328 1305 384 Troja.

297 398 370 439 Tu
389 397 538 447 modo,
558 396 597 438 si
615 400 788 439 veteres
807 395 938 450 digno
956 396 1227 451 deplevimus
1246 397 1423 449 haustu,

300 465 374 506 Da
393 464 536 505 sontes
556 462 677 514 mihi,
698 461 884 514 Phoebe,
903 476 1061 513 novos,
1082 476 1134 505 ac
1154 463 1308 505 fronde
1330 463 1526 506 secunda

300 531 445 572 Necte
459 543 636 572 comas:
657 542 799 584 neque
820 530 936 571 enim
950 529 1144 572 Aonium
1157 543 1312 573 nemus
1327 530 1499 574 advena
1510 530 1658 586 pulso,
1675 531 1741 574 -10

299 597 396 638 Nec
416 610 516 639 mea
530 610 644 639 nunc
660 597 815 651 primis
835 598 1070 640 albescunt
1088 602 1289 652 tempora
1307 597 1446 639 vittis.

300 663 396 705 Scit
416 663 625 705 Dircaeus
645 675 772 716 ager:
803 676 960 718 meque
978 664 1094 705 inter
1112 664 1261 717 prisca
1278 668 1507 718 parentum

301 728 509 780 Nomina,
530 742 719 784 cumque
740 742 825 772 suo
845 735 1076 778 numerant
1093 727 1342 785 Amphione
1361 729 1543 774 Thebae.

447 823 464 838 ἱ

296 875 419 913 raptato
434 872 583 912 Hectore,
597 873 650 904 sed
662 872 807 904 comitari
818 872 964 911 juvenem
981 882 1038 914 per
1050 875 1149 904 totam
1165 871 1297 912 Trojam.
1333 873 1381 904 Tu
1394 873 1494 912 modo,
1506 871 1628 913 Apollo,
1637 871 1741 914 prebe

298 914 376 945 mihi
399 924 491 946 novos
502 915 650 954 sontessi
663 915 860 947 exhausimus
872 916 1017 956 antiquos
1037 915 1134 954 digno
1152 918 1240 956 potu,
1261 918 1292 946 et
1311 924 1389 947 orna
1401 924 1482 947 meos
1494 917 1596 947 erim

297 965 405 994 mmo‚·
426 967 522 998 neque
547 957 629 989 enim
654 957 761 999 hospes
772 957 939 998 frequento
956 957 1074 998 sylvam
1097 957 1243 996 Aoniam,
1267 966 1323 988 nec
1343 967 1424 989 nuno
1445 966 1513 989 mea
1536 960 1674 999 tempora
1693 957 1741 987 ol-

299 998 423 1030 bescunt
442 999 556 1040 primis
569 1000 667 1031 vittis.
713 1000 815 1032 Testis
835 1003 883 1031 est
906 1009 1030 1040 campus
1049 999 1207 1039 Dircoeus,
1226 1002 1257 1033 et
1283 999 1394 1031 Thebe
1411 1003 1571 1032 recensent
1593 1009 1642 1031 me
1657 999 1743 1030 inter

298 1044 402 1072 vetera
414 1042 537 1074 nmzina
550 1042 709 1083 mnjomm,
723 1045 754 1074 et
767 1051 835 1074 cum
846 1051 900 1074 suo
914 1041 1096 1082 Amphione.
1141 1040 1185 1073 At
1203 1045 1252 1083 tu,
1274 1051 1362 1083 quem
1380 1041 1492 1074 summi
1511 1041 1576 1074 viri
1590 1041 1695 1073 ltaliae
1709 1043 1743 1072 et

901 1146 919 1158 0
923 1145 1118 1158 6000000000
1122 1146 1141 1158 0

298 1222 388 1254 vittis
397 1221 553 1254 albescunt
563 1224 699 1262 tempora
707 1220 817 1261 primis
831 1220 937 1261 Lang.
951 1221 1051 1253 Laur.
1064 1220 1195 1253 Buslid.
1209 1221 1247 1253 Li
1252 1221 1358 1262 psian.
1370 1220 1474 1254 Aldd.
1485 1221 1593 1254 Colin.
1608 1221 1741 1263 Gryph-

300 1265 405 1296 Basil.
428 1269 465 1296 et
492 1264 608 1296 Plant.
651 1263 721 1295 Nec
742 1273 811 1294 mea
833 1272 915 1294 nunc
938 1263 1050 1304 primis
1073 1263 1228 1295 albescunt
1255 1267 1390 1304 tempora
1412 1264 1502 1296 vittis
1524 1264 1609 1296 Exc.
1634 1264 1743 1306 Burg.

300 1306 457 1339 Petrens.
473 1307 560 1338 Dan.
582 1314 698 1338 omnes
719 1305 909 1345 Bau-thiam,
925 1305 1152 1345 Lindenbrog.
1176 1306 1276 1339 Crnc.
1292 1306 1436 1338 Gevart.
1454 1306 1613 1339 Grasser.
1629 1313 1666 1339 et
1688 1316 1747 1338 rea

299 1353 409 1381 ceutt.
453 1349 523 1380 Nec
535 1358 603 1380 mea
614 1357 694 1380 nunc
713 1347 823 1388 primis
835 1351 1002 1387 augescunt
1022 1351 1158 1390 tempora
1178 1348 1268 1379 vittis
1290 1348 1413 1380 Petav.
1428 1353 1465 1380 et
1480 1349 1562 1380 Put.
1605 1349 1616 1367 ‘
1632 1349 1741 1380 Fatue

298 1392 356 1432 qui
367 1395 502 1423 mutant
511 1391 691 1432 quicquam
707 1390 749 1421 ab
761 1389 823 1421 hac
834 1390 980 1422 lectione
994 1401 1002 1420 ε
1023 1389 1137 1430 primis
1149 1390 1304 1422 albescunt
1315 1393 1453 1431 tempora
1465 1390 1570 1423 vietis.
1613 1390 1741 1422 Ridere

297 1433 382 1465 licet
406 1433 623 1465 Bernartium
651 1442 730 1464 cum
756 1441 816 1463 suo
841 1435 1050 1472 anguescant:
1087 1442 1151 1464 nee
1175 1432 1423 1464 admittendum

298 1475 398 1507 malit
420 1475 510 1507 And.
534 1475 692 1507 Schottus
708 1474 809 1506 Obss.
826 1473 885 1505 lib.
901 1483 941 1506 ιι.
955 1484 994 1506 ca

998 1484 1031 1516 p.
1050 1473 1116 1506 452
1137 1475 1338 1506 Barth—13
1361 1475 1466 1516 Lang.
1488 1476 1587 1508 Laur.

1448 1432 1741 1506 fflgmmhffiiff

299 1517 448 1558 Lipsiam
465 1518 554 1549 Dan.
567 1517 686 1548 Petav.
704 1515 804 1548 Aldd.
818 1516 926 1547 Colin.
942 1516 1074 1557 Gryph.
1089 1517 1193 1548 Basil.
1208 1517 1322 1549 Plant.
1342 1516 1571 1558 Lindenbrog.
1587 1516 1690 1550 crue.
1706 1520 1742 1548 et

299 1559 442 1592 Gevart.
457 1562 622 1592 memorant
637 1558 808 1600 Amphione
826 1559 936 1590 Theba
946 1569 958 1597 ;
983 1559 1234 1592 Petrens.Exc.
1245 1558 1350 1601 Burg.
1361 1559 1443 1591 Put.
1460 1558 1610 1592 Gronov.
1620 1558 1742 1591 Barth.

950 1663 980 1696 N
987 1662 1090 1696 OTAE

299 1750 411 1784 deret.
449 1749 673 1791 Apollodorus
688 1749 731 1781 de
746 1749 899 1781 Deorum
915 1748 994 1781 Ori·
1041 1749 1113 1790 jam
1139 1749 1255 1790 gessit,
1275 1749 1384 1782 donec
1413 1760 1433 1782 a
1458 1748 1587 1782 Paride
1611 1749 1743 1782 oeeisus

300 1800 379 1842 gine
393 1800 453 1832 lib.
474 1808 532 1831 ιιι.
578 1798 746 1831 Ὀδυσσεὺς
771 1798 804 1831 δὲ
824 1797 996 1838 μηνυθέντα

298 1848 367 1891 περὶ
393 1848 583 1889 Λυκομήδους
612 1848 715 1889 ζητῶν
735 1848 890 1890 Ἀχιλλέα
916 1848 995 1881 σάλ-

300 1910 393 1940 πιγγι
420 1898 613 1941 χρησάμενος
637 1897 715 1940 εῧρε.
765 1900 904 1940 Ulysses,
928 1907 997 1930 cum

297 1951 328 1982 ei
340 1950 513 1982 indicatum
532 1952 610 1981 esset
625 1951 706 1990 opud
720 1948 918 1990 Lycomedem
932 1958 998 1980 esse

299 2000 464 2040 Achillem,
487 2000 651 2041 quesitum
675 1999 750 2030 tuba
770 2008 844 2030 usus
864 1998 995 2031 invenit.

300 2050 370 2081 Neo
381 2050 415 2081 in
429 2050 567 2082 Hectore
579 2052 679 2081 tracto
693 2048 829 2088 sistere]
850 2048 898 2080 Ut
913 2047 997 2080 fecit

299 2099 483 2136 Homerus,
507 2099 566 2141 qui
591 2098 668 2130 finit
693 2107 786 2130 suam
807 2097 918 2129 Iliada
931 2098 996 2130 hoc

299 2158 405 2190 opere
433 2148 588 2181 Achillis.
629 2148 805 2189 Notatque
833 2147 995 2185 fabulam,

300 2209 368 2241 qua
390 2199 518 2231 dicitur
540 2198 689 2230 Achilles
714 2197 869 2239 alligasse
883 2197 996 2230 currui

299 2249 501 2291 Hectorem,
513 2253 658 2290 utroque
676 2248 765 2279 illius
779 2247 868 2289 pede
882 2246 995 2289 perfo-

298 2303 386 2336 rato,
400 2309 439 2331 ac
456 2305 510 2332 ter
523 2299 648 2331 circum
662 2297 817 2329 Patrocli
832 2297 996 2329 tumulum

300 2350 455 2391 traxisse,
471 2359 511 2381 ac
526 2348 620 2389 inde,
643 2357 719 2380 eum
735 2347 778 2379 ad
793 2347 995 2379 tabernacu-

296 2399 367 2430 lum
391 2408 547 2431 reversus
574 2401 678 2437 esset,
704 2397 739 2428 in
765 2397 905 2438 pulvere
921 2406 997 2438 pro-

298 2448 378 2479 num
406 2448 592 2480 demisisse.
634 2447 799 2488 Virgilius
829 2456 910 2478 vero
930 2446 995 2478 dis-

297 2498 402 2528 sentit
417 2497 460 2529 ab
476 2498 638 2535 Homero.
662 2498 848 2539 scribitque
866 2497 995 2529 Hecto-

297 2555 371 2577 rem
401 2555 466 2578 non
492 2547 621 2579 circum
643 2547 796 2580 Patrocli
817 2548 995 2587 tumulum,

297 2595 358 2627 sed
380 2595 509 2628 circum
532 2597 654 2629 Iliacos
676 2606 790 2629 muros
813 2602 867 2630 ter
888 2596 996 2629 fuisse

298 2651 470 2688 raptatum
487 2647 529 2679 ab
545 2647 689 2680 Achille.

339 2699 360 2728 ⁷
384 2696 448 2728 Sed
473 2700 538 2729 tota
548 2697 696 2736 juvenem
716 2698 860 2731 deducere
884 2697 994 2738 Troia]

298 2747 340 2779 Id
355 2752 421 2789 est,
435 2757 574 2781 narrare
588 2757 627 2781 ea
640 2749 843 2791 omnia,quae
859 2748 900 2780 ad
910 2749 992 2780 Tro-

1047 1797 1124 1831 fuit.
1157 1799 1320 1831 Dedueere
1334 1803 1448 1831 autem
1460 1804 1512 1831 est
1523 1798 1657 1832 honoris
1667 1808 1743 1841 gn·

1048 1848 1098 1880 tia
1111 1848 1258 1890 aliquem
1277 1849 1445 1881 comitari.

1090 1902 1111 1931 8
1138 1898 1278 1939 Veteres]
1313 1898 1480 1931 Absoluta
1505 1906 1628 1940 nempe
1654 1897 1741 1930 'ssie-

1048 1947 1160 1981 baide.

1089 2003 1111 2032 9
1134 1999 1255 2041 Novos]
1278 1999 1332 2032 Ad
1346 1999 1596 2042 suscipiendam
1610 1999 1744 2032 scilicet

1049 2049 1253 2083 Achilleida.
1296 2050 1346 2082 Ac
1366 2049 1483 2089 fronde
1511 2048 1659 2091 secunda]
1682 2050 1742 2082 Se-

1048 2100 1160 2132 cunda
1183 2109 1308 2132 corona
1329 2110 1392 2141 pro
1415 2099 1620 2140 Achilleide,
1633 2100 1744 2142 prims

1048 2159 1110 2191 pro
1124 2149 1312 2182 Thebaide.

1092 2203 1134 2232 10
1147 2200 1298 2241 Aoniam]
1321 2199 1363 2232 Id
1374 2203 1440 2241 est,
1449 2199 1667 2232 Heliconinm
1680 2207 1741 2231 seu

1049 2250 1232 2291 Boeotium,
1243 2249 1333 2292 quod
1349 2250 1458 2282 Musae
1472 2249 1678 2282 incolebant.

1092 2303 1132 2332 ll
1154 2299 1338 2340 Albesouut]
1358 2299 1415 2331 Sic
1430 2299 1673 2331 Noster'l'heb.
1685 2307 1743 2330 111.

1046 2349 1056 2368 ‘
1071 2349 1192 2382 Niveis
1221 2349 1332 2381 ornati
1357 2354 1513 2390 tempora
1533 2348 1653 2382 vittis.'
1694 2349 1742 2380 Et

1046 2399 1151 2431 Theb.
1177 2407 1229 2430 xv.
1261 2398 1407 2430 ‘Vatem
1434 2399 1529 2431 cultu
1558 2398 1742 2431 Parnassia

1046 2452 1239 2480 monstrant
1266 2447 1418 2489 Vellera,
1443 2447 1618 2481 frondenti
1641 2449 1743 2481 crini-

1048 2503 1104 2530 tur
1119 2497 1225 2530 cassis
1235 2498 1336 2535 oliva,
1348 2497 1506 2540 Albaque
1521 2497 1681 2540 puniceas
1691 2498 1741 2530 in-

1047 2548 1209 2589 terplicat
1223 2547 1333 2579 infula
1346 2547 1490 2580 cristas:
1530 2548 1741 2589 nuruumque

1047 2597 1104 2630 lib.
1121 2605 1188 2629 vn.
1220 2597 1231 2615 ‘
1245 2597 1414 2629 Concolor
1428 2601 1482 2629 est
1495 2597 1603 2630 niveis
1617 2601 1654 2630 et
1664 2606 1741 2629 cas-

1048 2647 1093 2680 sis
1109 2651 1144 2679 et
1165 2645 1270 2678 infula
1284 2647 1420 2679 cristis!

1090 2700 1131 2730 12
1154 2697 1314 2738 Dircaeus]
1336 2696 1529 2730 Thebanus.
