1846 3120
209 407 217 412 ·
278 394 489 446 RoribuS,
510 400 554 437 et
573 397 701 438 scissi
721 408 952 451 respersus
970 396 1151 451 pulvere
1176 398 1338 452 campi.
1361 410 1365 414 ·

279 221 393 264 1184
720 261 722 264 .
764 235 805 265 P.
839 233 1028 265 νΑιηΝιι
1056 235 1225 268 v&marm

279 328 367 370 Sed
387 328 490 370 belli
508 329 667 371 sudore
687 329 856 380 calens,
882 330 1176 384 clypeumque
1196 331 1389 373 eruentis

278 461 486 503 Necdum
504 463 626 504 illum
649 468 724 505 aut
743 468 900 505 trunca
918 463 1181 505 lustraverat
1195 464 1326 507 obvia
1349 469 1458 507 taxo

275 528 504 580 Eumenis,
525 534 603 571 aut
619 531 747 572 furvo
770 529 1043 584 Proserpina
1062 534 1192 584 poste
1211 535 1388 579 notarat
1674 534 1731 576 10

276 593 481 636 Coetibus
499 601 738 639 assumtum
758 597 923 639 functis
940 610 950 638 ε
982 597 1088 651 quin
1105 598 1309 641 cominus
1330 600 1434 654 ipsa
1664 600 1666 603 ’

278 660 486 703 Fatorum
509 663 723 717 deprensa
742 664 869 706 colus
884 677 904 721 :-
925 664 1117 718 visoque
1138 670 1354 719 paventes

277 726 472 782 Augure,
493 733 598 771 tunc
616 730 790 773 demum
810 731 1070 785 rumpebant
1089 733 1276 775 stamina
1295 733 1468 776 Parcae.

278 795 410 836 Illum
430 800 472 837 et
492 798 636 839 securi
656 798 1002 853 circumspexere
1019 797 1237 851 fragorem

278 861 433 917 Elysii,
455 869 501 905 et
521 865 562 905 si
581 878 694 918 quos
715 866 870 919 procul
890 864 1096 906 inferiore
1117 865 1319 908 barathro
1575 885 1579 890 ·
1643 898 1651 903 .
1673 866 1732 909 15

276 928 433 971 Altera
453 944 559 982 nox,
581 932 765 986 aliisque
783 935 938 985 gravat
957 921 1091 985 plaga
1111 945 1233 974 caeca
1253 933 1459 975 tenebris.

276 995 403 1038 Tunc
417 1003 643 1051 regemunt
662 998 862 1053 pigrique
880 999 1020 1048 lacus,
1043 1002 1242 1054 ustaeque
1263 1000 1463 1055 paludes,

271 1126 325 1157 sed
339 1136 483 1159 accensus
496 1128 607 1159 sudore
621 1138 747 1169 pugnae,
769 1131 799 1160 et
815 1128 929 1160 habens
942 1132 1064 1160 scutum
1075 1128 1235 1169 perfusum
1249 1129 1416 1169 sanguineo
1431 1129 1543 1170 imbre,
1558 1131 1590 1161 et
1603 1129 1728 1169 pulvere

273 1170 418 1209 perrupti
428 1171 540 1210 campi.
587 1171 655 1202 Nec
669 1171 764 1203 etiam
776 1171 926 1202 Eumenis
937 1171 966 1202 ei
982 1174 1169 1211 occurrerat,
1179 1175 1209 1203 et
1225 1172 1407 1212 expiat-erat
1421 1172 1509 1204 illum
1522 1171 1640 1203 mutila
1649 1173 1732 1204 teda

274 1214 382 1247 taxea,
398 1216 453 1244 aut
472 1214 660 1253 Proserpina
675 1214 877 1261 inscripserat
891 1213 925 1244 in
939 1213 1039 1263 nigro·
1046 1217 1133 1254 poste
1148 1213 1236 1245 illum
1248 1218 1403 1255 receptum
1417 1214 1451 1246 in
1465 1222 1628 1246 umerum
1647 1223 1730 1246 nor-

275 1256 408 1285 tuorum.
454 1255 567 1290 Quin·
556 1265 612 1296 ips«
613 1267 623 1286 ι
638 1250 874 1294 colussatorum
885 1256 1014 1296 propius
1018 1255 1200 1306 intercepta
1207 1255 1332 1296 suerat,
1352 1259 1385 1288 et
1401 1257 1513 1292 Parca
1525 1259 1731 1289 consternatae

275 1299 398 1335 aspecto
413 1300 496 1336 vate,
512 1301 579 1329 tum
591 1300 712 1330 demum
727 1298 871 1329 secabant
884 1308 980 1339 pensa
992 1298 1068 1330 vitae
1083 1298 1179 1330 illius.
1235 1299 1344 1335 Quieti
1361 1299 1541 1340 Elysiorum
1554 1299 1662 1337 incola
1674 1309 1731 1331 an-

277 1339 403 1370 dierunt
417 1339 505 1370 illum
518 1340 695 1380 fragorem,
718 1345 749 1371 et
763 1341 791 1372 si
805 1341 858 1381 qui
872 1343 957 1379 sunt,
970 1350 1045 1381 quos
1058 1341 1157 1372 altera
1170 1351 1234 1372 nox
1243 1342 1352 1382 procul
1366 1341 1513 1380 inferiore
1525 1341 1685 1380 voragine,
1699 1345 1732 1373 et

276 1383 348 1412 atra
359 1382 447 1421 regio
460 1386 554 1414 vexat
569 1384 641 1414 aliis
655 1383 780 1415 nubilis.
828 1383 911 1415 Tunc
922 1383 1078 1424 torpentia
1098 1387 1226 1425 stagna,
1245 1394 1282 1416 ac
1298 1384 1432 1425 spatiosi
1451 1385 1536 1416 lacus
1550 1387 1734 1426 queruntur,

885 1477 1123 1490 eeeeeeeeeeee

274 1543 375 1572 artus.
379 1544 464 1572 -10
488 1542 569 1574 Put.
585 1541 744 1581 autsulvo.
746 1544 831 1574 —13
852 1543 950 1574 Unus
965 1541 1089 1576 Behot.
1103 1545 1177 1574 tunc
1198 1542 1345 1583 primum.
1350 1545 1431 1575 -15
1454 1535 1545 1575 Dan.
1568 1541 1649 1574 Put.
1663 1540 1731 1573 Pe-

277 1587 346 1614 tav.
362 1583 391 1614 L
392 1583 593 1625 iudenbrog.
605 1589 641 1617 et
657 1585 757 1616 Cruc.
771 1585 916 1616 ulteriore
933 1585 1104 1621 harwathro
1127 1588 1164 1616 et
1179 1585 1228 1616 sie
1241 1595 1317 1616 cum
1334 1584 1471 1626 seriptis
1487 1585 1555 1616 suis
1567 1587 1732 1625 praestan

277 1625 421 1656 tioribus
448 1626 531 1667 legit
557 1627 636 1659 Nic.
659 1627 821 1662 Heinsius
843 1628 877 1658 in
893 1626 1038 1659 Advers.
1065 1627 1121 1658 lib.
1138 1635 1195 1659 ιιι.
1221 1636 1297 1668 cap.
1314 1630 1364 1659 17.
1382 1637 1416 1668 p.
1439 1629 1603 1659 545.-17
1625 1625 1732 1666 Lang.

278 1668 379 1700 Laur.
402 1668 533 1700 Buslid.
550 1670 699 1710 Lipsian.
723 1679 809 1701 unus
825 1670 946 1702 Behot.
962 1674 997 1701 et
1012 1668 1091 1700 edd.
1107 1674 1192 1701 vett.
1208 1674 1344 1710 ustoeque
1363 1667 1730 1719 paludes;1)an.Put.

277 1710 402 1742 PetaV.
417 1711 642 1753 Lindenbrog.
658 1717 693 1743 et
709 1713 811 1744 Cruc.
826 1715 980 1754 vastaeque
993 1712 1130 1752 paludes.
1155 1713 1226 1744 Pro
1248 1713 1377 1754 istoeque
1399 1713 1432 1744 in
1448 1711 1502 1745 ed.
1517 1711 1637 1774 Bartb.
1653 1711 1730 1752 lege

933 1796 1074 1830 NGTAE

320 1862 340 1891 7
367 1860 516 1892 eruentis
534 1861 686 1902 Roribus]
706 1860 890 1902 Sanguine.
1075 1862 1114 1891 13
1144 1861 1228 1894 Tunc
1242 1861 1363 1892 «ienuam
1385 1859 1567 1902 rumpebant
1595 1857 1730 1891 stamina

319 1912 342 1941 9
366 1910 488 1941 Τηιηεα
503 1912 692 1945 lustraverat
715 1911 804 1943 obvia
818 1914 893 1942 taxo
910 1910 976 1941 Eu·
1030 1909 1161 1950 Parce]
1196 1911 1280 1942 Tres
1308 1914 1408 1942 erant
1433 1911 1569 1949 Parcae,
1596 1916 1635 1941 ut
1656 1909 1729 1951 jam

276 1958 387 1996 menis,
401 1963 456 1991 aut
463 1959 562 1998 furvo
579 1961 768 2002 Proserpina
785 1963 871 2002 poste
887 1963 977 1991 nota·
1030 1962 1191 2002 diximus,
1216 1971 1363 2004 quarum*
1381 1962 1493 2004 prima
1507 1961 1619 1993 colum
1640 1961 1731 1993 fere-

275 2010 343 2051 rat]
380 2010 600 2043 Lactantius:
631 2010 825 2042 ‘Asserunt
855 2009 976 2041 Poetae
1030 2012 1113 2052 bat;
1140 2013 1292 2054 ,secunda
1319 2012 1444 2045 nendo
1462 2012 1617 2048 humanm
1649 2011 1730 2044 vitae

274 2064 485 2092 mortuorum
496 2061 612 2102 capita
623 2060 802 2092 Furiarum
818 2059 975 2101 lampade
1031 2062 1236 2104 designabat
1257 2062 1381 2102 finem;
1405 2059 1614 2099 tertiafimm
1634 2061 1730 2094 δραι-

274 2111 429 2150 lustrari,
444 2116 479 2142 et
500 2121 616 2143 eorum
642 2111 778 2143 nomina
798 2121 817 2143 a
834 2111 975 2142 Proser·
1028 2112 1102 2154 bat,
1127 2113 1191 2144 hoc
1212 2118 1285 2152 est,
1299 2111 1404 2144 vitam
1429 2117 1580 2153 tempore
1599 2109 1729 2142 statuto

277 2160 359 2201 pina
379 2161 412 2191 in
440 2166 538 2202 poste
561 2161 754 2193 Inferorum
780 2161 975 2194 conscribi?
1031 2162 1258 2204 abrumpebat
1272 2173 1283 2194 :
1315 2162 1366 2194 his
1401 2161 1493 2194 varia
1515 2160 1651 2192 nomina
1670 2159 1729 2191 da-

279 2210 384 2251 Taxo]
406 2212 514 2243 Faces
527 2212 615 2243 enim
629 2213 805 2244 Furiarum
822 2217 918 2244 erant
933 2222 977 2244 ex
1031 2213 1167 2254 bantur,
1185 2218 1222 2245 ut
1236 2213 1345 2255 liquet
1366 2212 1413 2244 'ex
1433 2211 1606 2244 Pausania
1625 2211 1730 2252 pinri-

273 2261 338 2294 hac
364 2263 497 2304 arbore,
525 2264 604 2305 quia
633 2264 738 2296 noxia
765 2269 801 2296 et
828 2262 974 2296 letifera.
1031 2263 1093 2294 bus
1109 2263 1144 2294 in
1164 2263 1259 2294 loeis.

272 2311 365 2343 Vide
380 2312 490 2354 Theb.
506 2322 554 2344 vr.
570 2316 643 2346 102.
690 2314 894 2356 Proserpina]
910 2314 974 2345 Re·
1072 2316 1112 2346 14
1134 2313 1260 2354 Securi]
1279 2312 1410 2352 Quieti,
1422 2311 1502 2354 quia
1513 2310 1595 2343 nihil
1612 2312 1728 2352 potest

273 2362 354 2402 gina
384 2361 590 2395 Inferorum.
651 2364 757 2396 Furto
786 2363 888 2405 poste]
915 2364 974 2396 sic
1027 2373 1225 2405 camporum
1252 2363 1445 2404 Elysiorum
1471 2360 1624 2404 quietem
1656 2366 1728 2393 tur·

273 2413 283 2429 ‘
301 2411 410 2444 furvae
437 2414 515 2445 Leti
551 2414 686 2454 plagae'
720 2414 831 2446 eidem
861 2414 973 2446 Statio
1027 2416 1126 2455 bare,
1156 2415 1271 2456 ibique
1306 2418 1476 2456 perpetua
1507 2421 1576 2454 pax
1599 2418 1726 2453 Tegna.

273 2462 413 2494 Pietate
435 2463 646 2504 Abascantii,
671 2465 720 2496 sic
741 2463 860 2499 ‘furna
886 2465 972 2496 Pro·
1027 2465 1097 2497 bat.

272 2513 431 2553 serpina'
468 2513 616 2546 Horatio
642 2524 682 2546 ιι.
706 2515 773 2546 Od.
801 2517 852 2546 13.
885 2513 972 2546 Poe·-
1070 2518 1108 2546 15
1123 2513 1242 2556 Elysii]
1256 2513 1298 2545 Id
1314 2518 1380 2552 est,
1390 2513 1509 2545 incolae
1522 2512 1726 2554 Elysiorum.

269 2561 386 2604 tisque
410 2563 497 2603 aliis,
516 2573 593 2595 cum
615 2564 659 2595 de
687 2563 814 2596 Inferis
829 2565 970 2606 loquun-
1025 2564 1201 2606 Barathro]
1223 2564 1370 2596 Diversa
1386 2563 1476 2595 enim
1493 2562 1655 2604 variaque
1671 2570 1724 2593 re·

273 2615 342 2644 tur.
649 2654 652 2657 Δ
1026 2614 1206 2655 ceptacula
1217 2617 1314 2645 eraut
1325 2613 1417 2655 apud
1430 2611 1578 2652 Inferos,
1588 2621 1724 2654 noxque

317 2664 357 2693 12
376 2663 538 2704 Deprensa
559 2664 658 2705 colus]
690 2663 912 2705 Amphiaraus
934 2674 968 2696 e·
1022 2674 1062 2696 ac
1079 2664 1188 2704 caligo
1205 2663 1347 2705 nigrior,
1374 2668 1411 2696 et
1433 2663 1496 2696 hoe
1519 2672 1582 2704 pro
1608 2671 1724 2704 poena-

270 2711 341 2743 nim
371 2713 520 2748 advenit,
559 2713 708 2745 nondum
735 2714 880 2746 discisso
910 2714 967 2746 filo
1023 2724 1096 2747 rum
1111 2713 1322 2746 diversitate.

270 2762 351 2795 vitaae
367 2768 448 2806 suae,
470 2764 580 2797 adhuc
603 2764 637 2796 id
663 2764 869 2797 ducentibus
883 2765 967 2797 Par-

268 2821 330 2844 crs.
