1846 3120
285 234 400 284 1636

282 345 409 379 Strabo
426 348 462 377 et
477 344 623 376 Plinius.
646 342 817 375 Domitius.

326 398 366 427 21
393 393 542 427 Floribus
568 393 751 431 innumeris,
775 392 844 434 dyc-J
870 392 988 434 Longe

285 445 474 486 elegantius
495 444 658 485 princeps
689 443 796 476 editio
823 444 986 476 Veneta:

283 500 314 528 et
330 494 426 527 olenti
455 503 605 535 spargere
628 495 751 536 nymbo.
795 493 890 526 Nihil
914 503 989 526 cer-

285 546 367 585 tius,
394 548 494 586 quam
531 545 580 576 ita
614 544 792 585 scripsisse
826 543 990 585 Statium,

285 595 377 637 quod
401 595 456 627 vel
480 604 524 627 ex
540 604 607 627 uno
630 594 819 627 Claudiano
839 599 986 636 constat,

285 646 343 688 qui
359 645 391 677 in
412 645 523 686 Nupt.
537 645 694 686 Honorii,
713 646 802 678 hunc
819 646 930 678 locum
944 655 989 678 ae·

285 696 493 736 mulatus,in
519 695 640 727 eadem
664 704 714 736 re,
738 695 858 727 eodem
884 695 989 728 verbo

286 755 365 778 usus
381 749 457 777 est:
480 755 536 777 nec
549 743 687 784 signifer
706 746 801 784 ullus,
818 745 887 777 Nec
900 745 990 777 miles

286 795 403 837 pluviae
418 796 518 837 flores
556 795 735 836 dispergere
769 795 837 827 ritu
869 796 991 837 Cessat,

284 847 500 887 purpureoque
529 847 636 878 ducem
660 845 848 886 perfundere
875 846 993 878 nimbo.—

286 896 365 929 Scio
382 896 606 928 Ptolemaeum
628 896 782 928 Flavium
809 896 991 937 Conjecta·

287 946 361 977 neis
388 946 490 977 aliter
520 945 665 984 sentire,
703 949 739 977 et
772 944 810 977 τὸ
846 940 993 987 thymbra

288 995 499 1035 defendere3
537 999 574 1026 at
597 1004 674 1027 eum
700 994 756 1027 hic
776 995 860 1027 nihil
882 1005 993 1027 mora-

287 1055 387 1078 mur:
410 1055 487 1077 nam
503 1045 552 1076 sic
581 1045 760 1077 Lucretius
784 1045 846 1077 lib.
869 1054 911 1077 11.
933 1045 993 1077 ubi

289 1095 440 1135 Cybelen
468 1093 607 1126 floribus
643 1095 824 1136 conspergi
856 1094 992 1127 solitam

287 1145 422 1186 scribit,
448 1145 700 1186 elegantissime
730 1144 895 1178 ‘floribus
920 1147 993 1178 nin·

293 1194 412 1236 guere'
443 1194 551 1227 dixit:
592 1195 602 1212 ‘
617 1194 696 1227 AEre
721 1199 825 1237 atque
850 1201 993 1237 argento

293 1250 453 1277 sternunt
479 1245 546 1277 iter
574 1254 673 1277 omne
702 1245 844 1287 viarum,
874 1245 992 1286 Largi-

289 1294 356 1328 fica
376 1296 468 1337 stipe
494 1295 658 1335 ditantes,
682 1295 917 1338 ninguuntque
940 1305 996 1327 ro-

288 1356 402 1378 sarum
425 1346 596 1386 Floribus,
619 1346 815 1377 umbrantes
847 1349 993 1378 matrem

291 1397 524 1439 comitumque
540 1399 718 1429 catervas.’
741 1396 874 1428 Gevart.

333 1452 375 1481 22
394 1449 439 1480 Tu
450 1449 538 1479 modo
539 1447 667 1488 fronte]
684 1446 825 1480 Scribe:
848 1448 895 1479 Tu
906 1449 994 1480 modo

277 1500 399 1539 fronde
425 1507 523 1536 rosas,
538 1500 593 1539 ᾀτ.
637 1499 686 1530 Ut
702 1497 793 1530 enim
808 1498 877 1530 lilia
891 1499 995 1531 mixta

289 1550 392 1589 violis,
409 1549 458 1581 ita
482 1558 554 1580 rosu
567 1548 701 1587 fronde:
722 1548 733 1566 ⁴
748 1547 905 1581 frondem
918 1549 927 1563 ’
942 1549 994 1581 in-

290 1600 408 1641 tellige
421 1599 528 1640 ipsius
544 1608 642 1638 rosae,
658 1608 734 1640 quae
751 1603 790 1630 et
805 1599 917 1630 virore
932 1609 993 1631 suo

292 1651 440 1692 gratiam
457 1649 656 1690 ampliorem
670 1657 767 1680 roseo
783 1648 899 1680 rubori
915 1658 993 1680 con·

291 1700 442 1741 ciliabat,
457 1703 495 1731 et
510 1708 572 1730 ceu
591 1703 764 1731 recentem
780 1699 993 1731 commenda-

289 1750 361 1783 bat.
386 1750 525 1781 Gronov.
536 1749 570 1780 in
586 1748 698 1780 Diatr.

334 1803 378 1833 24
398 1799 479 1832 Dies
502 1799 644 1831 conditus
665 1798 734 1830 albo
758 1798 886 1839 vellere]
918 1799 994 1832 Foe-

290 1850 338 1882 lix
351 1863 360 1890 5
383 1859 460 1881 nam
489 1849 610 1881 Parcae
635 1858 716 1880 nere
739 1848 900 1881 dicuntur
916 1849 994 1882 alba

292 1901 420 1933 vellera
436 1899 609 1932 felicibus.
653 1899 721 1931 Sed
738 1899 781 1931 de
807 1899 871 1931 hoc
898 1900 994 1940 plura

291 1951 328 1983 in
358 1950 611 1983 commentariis
651 1949 805 1982 Martial.
834 1950 993 1983 diximus.

292 2002 426 2034 Seneca
441 2001 485 2033 de
502 2001 638 2033 Nerone
653 2011 661 2032 ι
687 2000 698 2019 ‘
710 1999 826 2032 Aurea
844 1999 993 2033 formoso

291 2051 509 2084 descendunt
533 2037 659 2092 pollice
693 2049 776 2082 fila.'
820 2050 993 2083 Domitius.

291 2102 382 2133 Vide
397 2102 447 2133 M.
463 2101 578 2133 Delrii
598 2100 789 2132 Comment.
813 2100 847 2132 in
873 2100 993 2131 Mede-

292 2161 345 2183 am
359 2152 498 2191 Senecae
508 2160 558 2184 vs,
571 2154 625 2183 17.
638 2157 675 2182 et
685 2150 761 2183 Jac.
773 2150 993 2182 Durantium.

291 2201 426 2233 Variar.
442 2200 499 2232 lib.
517 2210 556 2234 ιι.
571 2211 649 2243 cap.
665 2203 719 2233 20.
730 2203 765 2232 et
780 2200 854 2232 sim.

336 2256 378 2286 26
401 2252 568 2291 Professus
579 2250 722 2293 Hymen]
748 2251 825 2282 Non
841 2249 995 2281 clandes-

294 2303 359 2336 tini
383 2312 597 2344 congressuS.
625 2303 635 2320 ⁴
650 2300 832 2334 Professa’
856 2309 922 2336 reS,
938 2309 996 2330 eu-

289 2355 347 2396 jus
382 2354 551 2385 neminem
593 2351 713 2393 pudet,
740 2350 902 2392 opposita
930 2349 998 2381 illis

294 2413 437 2446 quarum
458 2412 525 2435 non
538 2401 677 2434 ferimus
692 2400 791 2433 nobis
808 2404 921 2432 notam
937 2399 997 2430 im-

294 2454 420 2496 putari.
454 2453 543 2486 Vide
558 2452 601 2484 ad
619 2451 854 2493 Calpurnium,
869 2449 997 2490 Ecloga

295 2513 319 2535 1.
335 2513 386 2536 vs.
409 2507 463 2535 55.
507 2501 650 2535 Joannis
664 2501 816 2533 Levineii
833 2500 942 2532 Notas
953 2498 996 2530 ad

294 2554 550 2595 Panegyricum
565 2555 598 2585 7.
627 2556 663 2584 et
693 2551 736 2583 ad
772 2549 996 2591 Propertium

294 2605 356 2636 lib.
373 2614 422 2636 xv.
438 2604 538 2645 Eleg.
554 2606 587 2635 6.
610 2602 729 2635 Barth.

337 2658 379 2687 27
405 2654 534 2695 Obliqui
553 2653 710 2685 carmimis
724 2651 827 2693 astus]
859 2650 997 2682 Primus

294 2706 408 2737 locum
429 2704 520 2735 hunc
547 2703 651 2735 docte
676 2701 862 2743 explicavit
885 2701 997 2733 erudi-

295 2755 443 2787 tissimus
472 2753 686 2793 Parrhasius,
718 2762 793 2784 cum
829 2751 997 2783 Domitius

295 2806 350 2836 hic
368 2813 428 2846 per
443 2805 452 2820 ‘
467 2803 642 2845 obliquum
660 2804 809 2834 carmen’
823 2806 915 2834 artes
929 2811 1000 2834 ma-

297 2856 390 2898 gicas
418 2860 453 2888 et
483 2853 662 2895 veneficia,
693 2853 816 2895 quibus
846 2857 999 2886 amantes

743 249 899 282 NOTAE,
923 247 1187 280 VARIORUM
1223 247 1276 279 m

1038 342 1090 376 uti
1120 342 1244 384 solent,
1273 342 1332 375 alii
1359 341 1646 386 maledicentiam,
1667 344 1741 378 ‘all‘

1037 391 1255 425 fescenninos
1286 392 1615 436 interpretarentur,
1630 393 1741 428 nmo·

1038 441 1120 474 tiam
1133 442 1251 483 obliqui
1268 442 1543 486 criminisinepte
1556 443 1742 487 legendum

1038 493 1299 526 contenderent.
1341 493 1353 512 ‘
1368 493 1556 537 Obliquum
1580 494 1741 529 σιτ-ου’

1036 541 1093 574 hic
1108 546 1162 574 est
1177 542 1368 584 poiimation
1385 543 1596 578 dissimulato
1609 548 1648 578 et
1666 552 1742 581 nus

1038 596 1112 625 tato
1127 593 1201 634 ejus
1214 593 1349 626 nomine
1364 594 1658 637 compositum&
1671 604 1741 638 quo

1038 651 1118 682 vere
1134 643 1301 685 scriptum
1317 647 1384 676 est.
1428 643 1487 676 Sic
1503 644 1595 687 apud
1611 644 1742 679 Rheso·

1039 702 1107 734 res,
1131 693 1142 711 ⁸
1158 693 1284 726 ductus
1313 693 1494 736 obliquus'
1518 695 1743 739 simpliei‘op·

1037 743 1189 785 ponitur.
1231 743 1499 777 Fortunatianua
1526 752 1554 778 1.
1596 745 1742 779 Rhetor.

1038 794 1089 826 ita
1115 793 1256 828 definit:
1293 795 1450 829 ‘Ductus
1477 796 1642 830 orationis
1662 800 1742 830 eunt

1038 844 1189 887 quinque
1199 856 1209 878 ε
1233 846 1391 888 simplex,
1401 846 1551 889 subtilis,
1561 847 1745 890 aguntus,

1040 894 1210 937 obliquus,
1234 896 1386 929 mixtus?
1429 897 1599 941 lnteutgit
1638 898 1743 941 igitur

1039 945 1171 977 Statius
1199 956 1260 987 per
1282 946 1460 989 obliquum
1483 947 1646 990 carmen,'
1665 956 1744 981 ver-

1041 1004 1097 1026 sus
1122 996 1251 1037 Stellae,
1267 996 1388 1039 quibus
1411 996 1647 1031 Violentillam
1660 999 1743 1032 ami-

1041 1055 1114 1077 cam
1139 1055 1232 1078 suam
1260 1046 1510 1090 celebraverat,
1528 1047 1745 1082 dissimulato

1041 1095 1117 1137 ejus
1131 1096 1283 1138 nomine,
1294 1107 1337 1130 ne
1351 1107 1451 1140 quam
1465 1097 1615 1131 infamiae
1628 1098 1742 1132 labem

1041 1146 1273 1179 contraheret.
1315 1147 1406 1180 Nam
1417 1147 1520 1181 Stella
1533 1147 1660 1181 Graeee
1671 1148 1747 1182 ’An-

1040 1194 1100 1238 τῆρ
1111 1195 1238 1238 dictus,
1253 1197 1494 1236 Violantillam,
1502 1208 1523 1231 a
1535 1206 1596 1230 suo
1606 1200 1743 1232 nomine

1041 1247 1051 1265 ‘
1066 1245 1280 1280 Asteridem’
1304 1247 1505 1290 appellavit,
1527 1247 1623 1290 quasi
1649 1247 1745 1281 dicae

1040 1296 1050 1314 ‘
1059 1296 1283 1338 Stelleidem,'
1294 1307 1355 1330 seu
1366 1298 1510 1331 amicam
1519 1298 1649 1330 Stella.
1670 1298 1746 1331 En-

1037 1347 1098 1389 jus
1123 1347 1284 1380 carminis
1320 1348 1527 1381 mentionem
1554 1347 1642 1380 fa'cit
1670 1348 1747 1390 ipse

1043 1397 1249 1430 Statinshoc
1258 1397 1411 1440 Epithal.
1425 1407 1512 1431 vers.
1524 1400 1599 1430 200.
1621 1398 1746 1430 Marti-

1044 1447 1106 1478 alis
1120 1457 1202 1479 vero
1214 1448 1447 1480 Violantillam
1461 1447 1551 1480 hanc
1566 1457 1587 1480 a
1602 1444 1745 1490 proprio

1043 1497 1115 1538 ejus
1131 1497 1267 1529 nomine
1291 1500 1300 1517 ⁸
1315 1496 1520 1530 lanthiden’
1543 1498 1744 1540 appellavit,

1043 1548 1134 1580 Nam
1156 1548 1244 1581 Viola
1260 1548 1394 1581 Graecis
1410 1548 1477 1580 Ἴον
1504 1548 1644 1590 dicitur,
1665 1550 1746 1582 hine

1043 1596 1200 1635 Ἰάνθινος,
1218 1599 1389 1631 Violaceus.
1430 1598 1487 1631 Sic
1499 1598 1622 1631 Cicero
1636 1598 1747 1641 (teste

1043 1648 1253 1681 Terentiano
1296 1648 1438 1691 Mauro)
1481 1649 1492 1668 ‘
1518 1649 1714 1681 violantem
1737 1648 1748 1663 '

1044 1697 1146 1739 dixit,
1162 1708 1263 1740 quem
1280 1698 1395 1731 Graeci
1418 1699 1429 1717 ⁴
1445 1697 1597 1730 Iolaum’
1615 1702 1747 1732 vocant.

1044 1747 1146 1779 Unde
1163 1751 1258 1789 patet
1274 1748 1426 1790 graviter
1446 1757 1562 1780 errare
1582 1748 1748 1781 Tiliobro·

1043 1807 1131 1838 gam,
1146 1798 1201 1841 qui
1223 1798 1259 1830 in
1285 1798 1594 1831 Observationibus
1617 1798 1687 1831 suis
1701 1797 1747 1832 ad

1043 1856 1079 1880 v.
1091 1849 1174 1880 Silv.
1190 1859 1252 1891 pro
1263 1850 1273 1868 ‘
1287 1847 1510 1885 Violentillam?
1525 1849 1651 1881 rectius
1665 1849 1748 1881 ‘Vi-

1043 1898 1221 1938 olentilla,’
1241 1900 1335 1941 qnasi
1351 1908 1372 1930 a
1393 1899 1403 1917 ‘
1416 1898 1577 1931 violentia
1589 1898 1600 1913 '
1626 1898 1746 1932 diten-

1043 1947 1125 1979 dum
1140 1953 1251 1989 putat.
1294 1948 1448 1980 Martini.
1465 1947 1524 1980 lib.
1541 1956 1609 1980 vna
1629 1948 1748 1990 Epigr.

1043 1999 1097 2029 13.
1121 1997 1212 2029 idem
1233 1998 1298 2030 hoc
1319 1998 1436 2030 stellae
1461 2005 1598 2030 carmen
1618 1997 1748 2031 intelli·

1044 2057 1145 2088 gens:
1170 2050 1180 2067 ‘
1193 2048 1258 2080 Vel
1273 2048 1392 2081 stellae
1407 2051 1548 2080 cantata
1558 2052 1649 2088 meo,
1660 2056 1747 2090 quaa

1043 2097 1139 2131 flevit
1153 2098 1308 2131 Ianthis.'
1331 2097 1517 2131 Gevartius.
1740 2126 1741 2129 ,

1086 2152 1129 2181 28
1151 2149 1258 2181 Subiit
1267 2148 1367 2190 leges]
1387 2148 1462 2180 Has
1478 2148 1630 2189 Cecrope
1639 2146 1748 2188 ’διφυὴς

1044 2200 1173 2241 primus
1201 2199 1316 2231 sanxit
1339 2197 1500 2235 Athenis,
1521 2202 1640 2230 autore
1662 2198 1749 2229 Ens-

1047 2249 1135 2281 tath.
1151 2249 1184 2281 in
1200 2249 1245 2282 Il.
1264 2251 1301 2283 Σ.
1316 2249 1406 2281 unde
1421 2247 1504 2280 illud
1521 2247 1609 2281 Hor.
1630 2246 1676 2278 ad
1689 2246 1749 2278 Pi·-

1044 2309 1171 2332 sones:
1193 2301 1203 2318 ‘
1220 2300 1300 2332 Fuit
1334 2299 1408 2331 haec
1437 2296 1609 2339 sapientia
1643 2305 1748 2339 qnon-

1045 2349 1123 2380 dam
1137 2348 1330 2381 Concubitu
1345 2346 1526 2389 prohibere
1550 2355 1650 2388 vago,
1664 2345 1748 2379 dare

1038 2399 1119 2440 jura
1155 2398 1309 2431 maritis-³
1351 2396 1480 2429 Eadem
1506 2405 1589 2428 vero
1610 2405 1751 2437 prover-

1046 2448 1127 2480 biali
1144 2447 1365 2480 translatione
1387 2455 1456 2488 qua
1466 2445 1521 2478 hic
1535 2444 1666 2478 dietum
1681 2449 1749 2486 est,

1036 2499 1147 2538 sroena
1161 2498 1339 2538 momordit,
1359 2496 1521 2531 Juvenal.
1545 2495 1619 2529 Sat.
1632 2496 1750 2529 vti-lu-

1047 2548 1098 2580 dit
1115 2547 1293 2587 moechum,
1315 2546 1373 2588 qui
1392 2545 1562 2578 ‘maritali
1583 2545 1657 2586 jam
1672 2554 1751 2586 por-

1047 2599 1129 2640 rigit
1155 2607 1215 2631 ora
1238 2596 1414 2639 capistro,’
1433 2595 1545 2628 Δακὸν
1557 2593 1694 2634 πόρον,
1710 2595 1751 2628 ὥς

1046 2647 1197 2689 νεοζυγὴς
1231 2649 1350 2686 πῶλος,
1380 2645 1531 2687 AEschyl.
1561 2644 1594 2676 in
1630 2645 1750 2677 Prom-

1047 2698 1150 2730 Piud.
1180 2697 1321 2739 Olymp.
1335 2696 1427 2728 nude
1441 2698 1479 2727 et
1499 2697 1644 2736 aperte:
1668 2694 1749 2726 ἑτοῖ-

1046 2760 1105 2789 μον
1125 2746 1327 2789 ἀνεφρόντισε
1338 2744 1451 2786 γάμον.
1473 2744 1598 2776 Mareu.

1091 2802 1132 2832 33
1162 2800 1245 2836 Vota,
1263 2797 1374 2839 paves]
1398 2796 1513 2830 Nimio
1537 2794 1661 2837 gaudio
1681 2803 1750 2829 nou

1050 2851 1176 2886 credis.
1219 2851 1269 2883 Ut
1281 2848 1383 2883 modo
1406 2849 1560 2881 ‘summa
1581 2841 1751 2879 felicitate
