1858 3112
441 236 482 266 P.
515 234 706 266 PAPlNu
739 235 906 266 S'ra'ru
940 235 1086 266 Sva.
1118 236 1215 267 LIB.
1237 235 1313 266 111.
1343 224 1386 267 2.

220 331 269 364 86
290 328 356 367 Qui
366 328 505 371 radidit
519 327 668 370 mna]
678 328 787 370 Cujus
802 338 882 371 pars

178 378 325 418 inferior
352 388 454 413 versa
481 379 592 412 estin
618 379 760 421 piscem.
804 379 883 411 Duo

172 431 272 467 §nim
295 430 423 464 Glauci
437 429 598 470 fuerunt,
620 435 766 473 uterque
781 431 883 463 Boeo-

179 482 275 518 tius:
297 482 387 515 alter
398 481 595 523 discerptus
609 481 652 514 seb
665 480 818 523 equabus
839 481 883 513 ad

179 531 378 570 Potltniauu
400 533 500 575 Vin-g.
511 531 675 573 meminit,
689 536 726 564 et
738 531 883 565 Strabo:

178 583 270 618 alter
296 582 515 617 Anthedonis
540 582 632 616 filius
661 583 697 615 in
728 583 883 616 balenam

177 644 377 669 conversus.
419 633 608 669 Anthedon
623 633 787 675 oppidum
802 633 885 666 Idu-

177 695 275 722 βιῶ
287 684 491 724 Pdestinoe,
504 689 545 717 ut
558 683 679 716 scribit
694 683 784 716 Plin.
793 683 885 725 ejus-

177 735 259 774 ῴιι
292 736 440 770 nominis
467 734 634 777 oppidum
658 734 820 774 Boeotiae,
842 734 884 767 ab

177 784 385 830 §unedone
397 785 498 828 patre
505 785 644 828 Glauci,
651 785 694 818 de
703 793 770 828 quo
783 785 886 818 Hom.

179 835 271 870 lta.
317 836 400 870 em
413 835 529 878 notre]
549 836 691 869 Matuta
715 845 775 868 seu
796 836 885 868 Leu-

175 886 314 921 cothea.
363 886 507 929 Vestras]
539 886 695 919 Patriam
725 890 884 919 vestram.

178 937 275 975 ‚Nam
292 937 359 971 Ino
381 942 420 970 et
445 938 622 974 Palemon
637 937 795 970 Thebani
811 937 885 971 fuc-

175 994 273 1029 runt.
328 988 502 1030 Palma]
539 985 639 1020 Idem
674 988 885 1022 Portunuus.

174 1038 356 1082 Amph-'ana
367 1038 566 1081 Pham-m]
582 1037 831 1079 citharoedum,
847 1038 883 1070 id

175 1094 241 1127 est,
263 1099 318 1123 res
332 1089 529 1130 Tbebanas,
548 1099 694 1132 quarum
711 1093 832 1122 auctor
847 1094 884 1122 et

173 1139 335 1173 conditor
349 1140 521 1183 Amphion
537 1139 614 1174 fuit.
644 1141 691 1172 Ee
703 1144 795 1181 pater
806 1142 884 1173 AEo-

173 1189 239 1233 lio}
248 1191 532 1233 AEolus-Hypotae
544 1190 635 1223 filius
650 1196 761 1223 sumta
775 1201 883 1224 uxore

174 1241 318 1284 Lippari
341 1241 414 1275 mia
435 1241 625 1278 AEolidibus
640 1241 760 1274 insulis
773 1242 883 1284 impe-

173 1293 280 1331 ravit,
295 1293 330 1326 in
345 1293 498 1336 hospites
513 1293 755 1335 perhumanus.
783 1294 882 1326 Velis

173 1343 224 1389 nti
239 1348 362 1378 naum
376 1344 504 1377 docuit.
532 1343 589 1376 Ad
605 1353 682 1376 enm
698 1343 883 1377 divertisse

173 1394 325 1437 Ulyxein
337 1393 460 1429 scribit
476 1394 661 1429 Homerus.
684 1395 882 1438 Paretouiis]

172 1438 348 1492 'Egyptiis
372 1446 599 1481 Paretonium
615 1448 736 1480 civitas
751 1453 789 1481 et
804 1458 879 1490 por-

174 1503 230 1537 tus
257 1497 378 1540 ingens
404 1498 634 1541 qnadraginta
657 1498 732 1531 fere
755 1500 883 1532 stadio·

171 1557 262 1587 rum,
271 1547 320 1593 'ab
334 1548 410 1581 aliis
418 1548 565 1581 Amonia
575 1555 731 1590 vocatur,
741 1555 780 1583 ut
787 1551 882 1583 Stra-

171 1597 216 1631 bo
228 1597 362 1632 scribit.
389 1597 424 1632 Α
437 1599 667 1632 Catabathmo
678 1601 783 1633 distat
797 1610 882 1633 non-

171 1649 285 1690 gentis
307 1648 451 1681 stadiis:
476 1650 547 1690 vel,
568 1654 607 1682 ut
621 1651 757 1684 Plinius
780 1653 880 1684 meti-

171 1703 241 1739 tur,
271 1700 497 1742 septuaginta
531 1701 669 1734 milibus
706 1712 878 1744 passuum.

172 1750 371 1785 Mine.
442 1775 458 1798 9

179 1804 255 1836 61
278 1802 452 1844 Increpat.-
477 1812 547 1836 ecce
569 1803 685 1845 meum]
722 1805 792 1838 Ms.
817 1805 878 1838 Se-

171 1855 302 1895 nensis,
318 1856 416 1889 Rom.
423 1861 462 1889 et
475 1857 632 1889 Venetus
648 1856 796 1890 Codex:
820 1857 877 1891 In-

168 1908 289 1948 erant,
302 1906 375 1939 inde
388 1916 502 1941 mem.
539 1906 740 1949 Eodemque
754 1906 879 1940 alludit

170 1957 265 1992 mor.
289 1957 350 2000 qui
372 1958 465 1990 unde.
508 1957 626 1990 Probo
649 1967 745 1991 sane.
790 1958 877 1990 Per-

169 2017 276 2050 qnam
282 2008 420 2049 elegans
430 2018 510 2041 nans
519 2008 699 2050 particulae
713 2018 776 2049 pro
786 2018 878 2042 nunc

170 2057 316 2099 vermab
326 2058 392 2091 boe
399 2062 588 2098 momento,
597 2058 785 2099 enimvero,
790 2059 877 2100 jam.

169 2108 323 2150 scaliger
349 2113 387 2141 et
418 2109 578 2148 Rntgers.
602 2108 719 2141 vivide.
764 2109 878 2143 Primo

166 2169 336 2200 congressu
356 2158 442 2191 inde.
485 2158 631 2191 Locutio
646 2158 785 2191 vocibus
800 2159 877 2192 bre-

171 2210 234 2251 vis,
247 2219 349 2247 sensu
364 2209 520 2251 copiosa,
534 2217 597 2250 pro
622 2219 643 2241 a
663 2211 773 2251 primo
798 2219 878 2242 con-

169 2269 292 2303 gressu
304 2259 511 2302 incipientes
522 2259 743 2292 continenter
758 2265 878 2302 postea

167 2311 403 2352 ostendamus.
449 2311 542 2343 Dein
567 2310 704 2344 scribe:
734 2313 877 2354 quumvis

166 2365 272 2396 monet
285 2362 401 2394 casinis
410 2362 534 2395 fior-ror.
570 2361 581 2380 ‘
595 2361 758 2404 Monere,
772 2364 877 2396 moni-

169 2411 250 2454 tas,'
273 2412 414 2455 propria
436 2411 544 2445 verba
558 2411 603 2445 de
619 2413 786 2454 auguriis,
799 2423 876 2446 ora-

167 2464 268 2504 culis,
292 2464 469 2506 prodigiis,
505 2463 687 2505 ominibus,
721 2465 875 2499 somniis.

170 2515 310 2547 Gronov.
333 2514 445 2548 Diatr.

209 2568 252 2599 61
279 2565 361 2602 Quis
382 2564 476 2607 rade]
508 2565 712 2599 Detestatio
736 2566 874 2609 naviga-

168 2616 286 2655 tionis,
301 2617 335 2648 in
352 2626 419 2658 qua
433 2621 471 2648 et
486 2615 650 2649 Horatius
674 2619 876 2651 mortalibus

166 2672 363 2706 succenset,
400 2671 438 2700 et
474 2666 693 2710 Propertius,
737 2669 876 2703 demum

169 2717 387 2751 Claudianus.
430 2717 547 2753 Antea
568 2728 636 2751 non
652 2719 720 2752 nisi
744 2721 875 2754 ratibus

166 2769 397 2812 navigabatur
420 2770 569 2803 inventis
595 2780 617 2802 a
642 2779 724 2813 rege
749 2773 877 2814 Erytra

168 2822 205 2854 in
223 2820 314 2853 Mari
342 2820 471 2854 Rubro.
516 2821 625 2855 Jason
643 2831 724 2856 vero
747 2824 877 2866 primus

1531 227 1647 270 1703

933 329 1035 371 long·
1050 330 1128 362 navi
1144 330 1334 372 navigavit,
1349 333 1389 363 ut
1403 329 1644 373 Philostepha-

933 389 999 412 nus
1015 386 1136 412 auctor
1145 385 1215 413 est:
1236 385 1273 413 et
1284 380 1407 413 scribit
1419 380 1508 414 Plin.
1520 381 1647 414 Domit.

935 429 1017 466 Quis
1039 431 1130 469 rude,
1151 432 1222 473 ξω]
1242 431 1425 463 Abscissum
1449 440 1554 472 equor
1575 433 1648 464 aui-

932 480 1091 513 mutibus
1101 486 1154 513 est
1166 482 1374 521 praeclusum
1387 485 1424 514 et
1435 482 1645 524 prohibitum

932 531 998 565 τοῖς
1012 528 1137 570 τεζοῖςι
1160 532 1215 564 vel
1231 531 1259 564 si
1280 532 1387 563 mavis
1406 531 1577 565 abscissam
1601 544 1645 566 ιε-

933 590 1011 623 quor
1024 582 1153 620 sactum
1173 583 1237 614 iter
1261 583 1487 620 animantibus,
1511 588 1566 616 est
1590 584 1645 625 iis,

934 641 1019 674 quos
1049 639 1145 666 terra
1173 638 1210 667 et
1237 634 1316 666 aere
1348 634 1493 676 provida
1521 640 1645 668 natura

935 689 1118 716 contentos
1133 694 1208 716 esse
1225 685 1397 726 voluerat,
1417 695 1481 717 nec
1505 695 1644 718 conces-

934 741 1027 767 serat
1042 735 1108 768 sub
1122 736 1220 778 aquis
1248 735 1375 768 durare
1398 745 1510 778 posse,
1537 737 1645 769 solida

935 787 1058 819 telluris
1065 788 1218 828 aluvnnos,
1226 791 1265 818 ut
1277 786 1442 829 loquitur.
1466 787 1645 829 Pelagoque

933 837 1209 877 immisithiuntes,
1221 842 1273 869 est
1286 836 1511 878 respirantes.
1537 836 1643 870 Ante-

934 888 1062 920 cedens
1076 887 1224 928 positum
1241 897 1303 928 pro
1318 887 1556 929 consequenti.
1579 888 1647 920 Est

934 939 1024 970 enim
1051 937 1190 970 ‘hiare’
1221 938 1363 979 proprie
1394 938 1574 970 recludere
1605 947 1643 971 os

934 990 976 1021 ad
992 989 1243 1030 respirandum,
1255 998 1365 1030 neque
1377 988 1451 1020 siue
1463 988 1572 1025 hiatu,
1583 989 1644 1031 qui

937 1040 988 1071 vel
1004 1038 1044 1071 fit
1054 1049 1127 1080 ore,
1141 1039 1196 1071 vel
1211 1043 1263 1072 est
1279 1040 1313 1071 in
1329 1039 1481 1080 naribus,
1497 1039 1644 1071 attrahi-

933 1096 990 1124 tur
1027 1092 1081 1124 vel
1117 1092 1292 1124 emittitur
1326 1091 1481 1133 spiritus.
1536 1091 1639 1124 Gron.

936 1143 1049 1175 Diatr.
1068 1153 1097 1174 c.
1112 1145 1167 1174 27.

977 1195 1019 1225 65
1044 1193 1157 1225 Pelion
1174 1191 1280 1233 Ossae]
1298 1191 1407 1234 AEque
1423 1197 1641 1234 oppugnant,

933 1242 1060 1285 inquit,
1073 1244 1140 1276 Dei
1157 1243 1394 1285 ordinem,qui
1410 1247 1537 1276 terram
1552 1245 1641 1277 mari

932 1293 1148 1327 confundunt
1163 1294 1368 1336 navigando,
1378 1304 1481 1336 quam
1494 1295 1552 1337 qui
1563 1305 1642 1328 con-

934 1345 1041 1387 gestis
1066 1345 1239 1378 montibus
1266 1345 1413 1378 voluisse
1439 1346 1564 1378 coelum
1587 1356 1642 1378 es-

933 1396 1082 1428 cendere
1093 1396 1267 1429 dicuntur.
1299 1396 1392 1428 Nota
1405 1396 1532 1429 omnia.
1549 1396 1641 1429 Vide

932 1447 1086 1478 Philonis
1116 1446 1175 1478 lib.
1213 1446 1256 1478 cle
1296 1445 1502 1479 Confusione
1540 1447 1643 1490 Ling.

932 1496 1076 1529 Hieron.
1098 1496 1207 1538 Magii
1222 1496 1371 1530 Miscell.
1388 1497 1449 1530 lib.
1466 1507 1491 1530 r.
1513 1508 1590 1540 cap.
1606 1502 1641 1531 4.

931 1550 986 1579 66.
1029 1547 1092 1579 Bis
1100 1547 1220 1588 pressit
1236 1547 1418 1590 Olympum]
1442 1548 1532 1581 Quia
1547 1558 1642 1581 mons

932 1598 991 1631 ille
1014 1599 1199 1630 altissimus
1229 1598 1427 1640 duplicibus
1457 1609 1536 1631 enm
1564 1600 1640 1632 aliis

931 1649 1140 1681 cumulatum
1161 1648 1259 1688 dicit,
1284 1654 1323 1682 ut
1338 1659 1382 1682 eo
1397 1659 1520 1691 nempe
1536 1650 1640 1683 citius

930 1700 981 1732 sic
1010 1700 1044 1731 in
1070 1700 1193 1732 coelum
1211 1705 1470 1741 penetraretur.
1513 1700 1641 1734 Potest

930 1750 1036 1782 etiam
1064 1751 1242 1793 bicipitem
1271 1752 1474 1794 Olympum,
1500 1752 1639 1793 poetica

928 1801 1070 1834 licentia
1085 1801 1239 1843 fingendi
1256 1802 1381 1835 omnia.
1403 1802 1574 1836 Barthius.

971 1852 1183 1886 Anhelantem
1195 1854 1379 1896 Olympum]
1389 1854 1461 1887 Sub
1473 1854 1638 1896 pondere.

929 1903 1099 1946 Olympos
1126 1908 1273 1947 quatuor
1298 1905 1404 1938 fuisse
1434 1907 1639 1948 accepimus.

928 1956 976 1988 Et
1004 1955 1119 1988 strab.
1148 1956 1358 1996 observavit,
1396 1967 1542 2000 quorum
1569 1958 1639 1991 duo

927 2013 1028 2040 sunt:
1051 2008 1141 2041 alter
1167 2008 1241 2040 Idae
1267 2008 1428 2051 Phrygiae
1445 2009 1488 2041 ad
1504 2010 1637 2043 Antan-

928 2058 982 2091 (lri
1005 2069 1078 2097 ora,
1098 2059 1159 2092 ubi
1174 2060 1360 2102 Sophocles
1377 2061 1572 2093 Menelaum
1588 2061 1639 2094 ita

929 2109 1220 2151 Agamemnonem
1235 2111 1468 2153 alloquentem
1484 2111 1638 2144 introdu-

927 2161 997 2194 cit:
1019 2162 1070 2194 Tu
1090 2161 1145 2194 hic
1161 2162 1352 2195 consistens
1365 2162 1408 2195 ad
1424 2162 1554 2195 Idaeam
1574 2164 1638 2195 tel-

927 2212 1038 2244 lurem
1051 2222 1094 2244 ex
1107 2212 1208 2255 Olym
1215 2222 1258 2253 po
1282 2221 1406 2254 greges
1421 2222 1548 2254 cogens
1575 2213 1637 2245 im-

928 2265 1019 2298 mola
1044 2265 1138 2298 tibiae
1169 2265 1296 2297 sonitu.
1340 2263 1442 2296 Alter
1466 2265 1500 2296 in
1523 2265 1638 2307 Mysia

927 2325 1030 2358 quem
1059 2315 1151 2348 Plin.
1185 2314 1307 2347 scribit
1338 2324 1472 2357 quoque
1504 2315 1638 2348 dictum

926 2365 1035 2399 fuisse
1057 2365 1162 2407 juxta
1191 2365 1421 2408 Olympenam
1446 2367 1636 2400 civitatem.

926 2417 1065 2449 Tertius
1093 2417 1129 2449 in
1155 2416 1349 2454 Thessalia,
1380 2416 1424 2448 de
1455 2426 1522 2459 quo
1546 2427 1637 2451 nunc

927 2467 1094 2510 loquitur.
1137 2468 1291 2501 Quartus
1315 2467 1350 2499 in
1375 2467 1488 2500 Lesbo
1513 2468 1635 2501 insula.

926 2519 1052 2551 Donit.

969 2573 1012 2603 ⁷2
1024 2571 1070 2602 Et
1080 2569 1222 2609 fulmina
1235 2570 1327 2611 plum
1342 2568 1494 2613 Tonanti]
1510 2549 1635 2613 Inepte

925 2621 1126 2653 Domitius·
1161 2621 1295 2652 ‘Plura
1325 2619 1482 2662 fulmina,
1513 2622 1548 2654 id
1583 2627 1636 2655 est

925 2670 1174 2715 frequentiora,
1198 2682 1300 2714 quam
1317 2672 1346 2704 si
1369 2674 1534 2706 mortales
1548 2683 1634 2705 nnn-

927 2732 1029 2764 quam
1046 2732 1164 2765 aequor
1179 2723 1214 2754 in
1221 2722 1395 2756 trassent!
1437 2724 1529 2756 Usus
1543 2734 1634 2757 com-

926 2772 1129 2814 parationis,
1158 2772 1300 2806 defecta
1327 2779 1440 2815 parte,
1468 2774 1634 2816 imprimis

927 2828 1059 2856 amatus
1085 2824 1197 2857 Statio
1221 2828 1259 2857 et
1286 2824 1425 2867 reliquis
1446 2825 1535 2856 illius
1555 2825 1632 2857 aevi.
