1846 3120
244 219 357 263 1190

743 230 784 260 Ρ.
818 228 874 260 ΡΑ
884 228 924 260 ΡΙ
933 228 963 259 N
973 227 1008 258 u
1040 228 1206 261 STA‘ru

245 327 334 369 Ast
355 339 437 379 ego
457 325 536 367 vix
556 336 704 375 unum,
725 337 804 366 nec
824 325 946 366 celsa
968 323 1024 365 ad
1044 323 1204 375 sidera,
1222 324 1341 367 furto
1487 363 1489 365 ,
1673 329 1699 351 ῐ’“

244 395 395 437 Ausus
415 395 510 442 iter,
532 392 683 433 Siculo
705 391 833 445 rapui
853 391 1071 432 connubia
1092 403 1254 445 campo
1272 405 1282 433 t
1685 387 1694 402 ²

245 461 345 503 Nec
366 461 548 501 licuisse
566 458 732 511 ferunt;
762 458 1026 512 injustasque
1047 458 1105 499 ab
1124 457 1243 501 Jove
1258 459 1381 512 leges
1411 495 1420 498 -
1463 499 1465 501 .

246 528 470 576 Protinus,
489 530 535 567 et
554 530 733 568 sectum>
745 526 936 580 genitrix
953 526 1059 567 mihi
1078 531 1309 580 computat
1329 539 1503 568 annum.

246 594 335 636 Sed
351 594 457 649 quid
479 607 563 647 ego
584 593 714 635 haeo't
746 594 777 643 i,
799 592 1034 636 Tartareas
1053 593 1272 635 ulciscere·
1288 594 1432 644 sede&

246 705 313 736 veri
319 703 406 743 J'uris
413 703 534 742 fortior
540 702 620 742 snit.
671 702 786 735 Verum
796 713 852 742 ego
867 712 959 734 ausus
969 703 1064 734 semel
1076 703 1196 744 egredi,
1211 713 1272 736 non
1286 706 1323 736 ut
1337 699 1599 737 tamen‘adbrirer
1607 692 1704 739 ‘subla'-

245 747 309 778 mia
324 749 421 785 astra,
442 746 534 786 rapui
548 746 710 786 conjugem
730 747 764 776 in
784 747 872 785 agris
895 745 1014 777 Siculis
1024 755 1037 782 ,·
1059 755 1116 776 nec
1126 746 1185 785 fos
1197 746 1302 784 fuisse
1314 747 1443 779 dicunt.-
1463 747 1575 779 §batim
1586 747 1705 787 munla

247 789 350 820 edicta
365 798 384 819 α
398 789 479 820 Jove
501 788 642 828 veniunt,
665 791 695 819 et
712 791 812 819 mater
837 798 954 819 mecum
973 787 1116 828 partitur
1137 798 1261 821 annum.
1303 789 1368 821 Sed
1389 790 1464 830 quid
1479 790 1545 823 hec
1557 799 1707 830 escum

238 830 350 869 jacto!
378 830 473 872 Vade,
486 830 660 872 Tisiphone,
673 830 796 862 vindica
811 828 995 862 Tartareum
1007 839 1148 870 regnum,
1165 834 1206 872 et,
1222 832 1386 874 siquando
1399 830 1498 872 fuisti
1511 830 1706 866 «treverim

857 914 994 927 &omn

997 914 1098 927 ccccc

248 979 285 1007 et
301 975 391 1015 Deip
394 975 427 1006 h.
431 979 513 1007 —65
539 976 603 1007 Sed
623 975 698 1017 quid
713 986 769 1015 ego
794 975 859 1007 hoec
885 975 932 1006 ita
957 975 1065 1016 Lang.
1086 975 1185 1007 Lanr.
1201 973 1331 1007 Buslid.
1349 975 1501 1017 Lipsiau,
1515 975 1608 1013 Dan.
1621 972 1706 1009 Put

249 1018 374 1049 Petav
372 985 533 1050 pBehott.
550 1022 580 1050 1.
596 1022 629 1050 2.
623 987 748 1050 ⁹A1.d‹1
773 1018 880 1050 Colin.
901 1018 1043 1067 Gryplil
1055 1017 1162 1049 Basil.
1175 1017 1290 1050 Plant.
1306 1018 1535 1060 Lindenbrog.
1551 1014 1655 1052 Crue.
1660 1021 1707 1050 et

249 1060 393 1092 Gevarmt

439 1061 593 1102 ‘Inepta
618 1070 681 1092 nec
705 1061 899 1110 Papiniana
925 1060 1108 1101 scniptura,
1132 1069 1231 1101 quam
1251 1064 1363 1093 tamen
1379 1061 1459 1094 libri
1476 1060 1647 1105 plerique
1646 1060 1706 1093 de

246 1102 405 1135 rendunt.
449 1104 542 1134 Vera
561 1109 627 1142 est,
644 1113 742 1145 quam
753 1104 825 1144 jam
842 1103 922 1134 olim
938 1102 1066 1134 doctis..
1053 1103 1154 1133 simus
1170 1102 1250 1135 Gul.
1267 1104 1436 1135 Cauterus
1455 1103 1583 1136 Novar.
1605 1100 1706 1136 Leet.

249 1145 309 1178 lib.
334 1155 375 1178 11.
403 1156 480 1187 cap.
502 1149 533 1177 8.
563 1127 668 1178 vid'it·
692 1146 753 1178 Sed
767 1147 841 1187 quid
855 1156 913 1186 ego
940 1145 1289 1187 haec?1‚Tartareas‚
1313 1148 1366 1188 ⁸5⁶·

1411 1145 1488 1179 Nisi
1510 1145 1584 1189 quis
1609 1145 1707 1186 malit

905 1231 1053 1265 NOTAE

251 1333 254 1336 Α
291 1305 331 1334 61
356 1302 417 1334 Ast
431 1313 487 1343 ego
502 1302 558 1335 vix
572 1313 680 1341 unum,
691 1314 746 1336 nec
761 1305 841 1336 celsa
855 1305 895 1336 ad
909 1304 952 1335 si-

249 1352 323 1384 dera
334 1353 428 1391 furto
442 1353 549 1385 Ausus
563 1354 637 1393 iter,
653 1354 759 1386 Siculo
773 1354 866 1395 rapui
879 1364 951 1385 con-

249 1403 343 1434 nubia
354 1404 475 1444 campo]
498 1403 631 1435 Alludit
647 1403 689 1435 ad
706 1403 867 1445 fabulam,
882 1414 951 1445 qna

248 1453 356 1485 Pluto
376 1454 504 1486 dicitur
528 1455 683 1494 rapuisse
705 1455 950 1496 Proserpinam

248 1505 284 1536 in
300 1505 431 1546 Sicilia,
447 1516 524 1538 cum
539 1505 640 1538 flores
658 1507 803 1548 legeret.
849 1506 950 1537 Hanc

248 1555 399 1588 fabulam
411 1556 485 1589 fuse
501 1558 665 1590 describit
682 1558 803 1589 Cicero
819 1557 851 1588 in
866 1557 951 1589 Ver-

249 1616 320 1638 rem
336 1616 402 1639 vn.
425 1607 572 1639 Ovidius
585 1608 673 1639 Met.
693 1617 727 1640 v.
742 1612 779 1639 et
792 1607 951 1639 Claudia-

249 1666 312 1688 nus
338 1657 443 1688 tribus
468 1657 575 1689 libris.
620 1657 661 1689 ld
678 1667 739 1689 cur
755 1657 953 1697 confictum,

249 1708 412 1740 discimus
428 1718 470 1739 ex
483 1708 631 1740 Firmico
644 1708 705 1740 lib.
718 1708 760 1739 de
774 1707 952 1747 Mysteriis

251 1763 288 1790 et
319 1758 501 1790 Erroribus
539 1756 764 1789 Profanarum
798 1757 951 1798 Religio-

249 1818 330 1840 num
343 1819 420 1850 cap.
436 1811 467 1840 7.
512 1809 634 1840 Plures
658 1817 781 1849 procos
796 1808 952 1839 habuisse

250 1859 505 1900 Proserpinam,
535 1863 572 1890 et
594 1858 684 1890 inter
716 1868 775 1890 eos
810 1857 952 1889 divitem

252 1910 422 1952 quendam
459 1910 637 1949 rusticum,
668 1908 802 1941 nomine
830 1908 951 1940 Pluto-

252 1970 330 1992 nem
344 1971 354 1999 ;
372 1960 428 2001 qui
453 1970 528 1992 cum
544 1959 668 1991 amoris
680 1959 865 2000 impatiens
880 1969 951 1991 mo-

251 2020 323 2042 ram
340 2019 405 2041 non
420 2008 539 2051 ferret,
562 2009 735 2041 inventam
752 2009 903 2050 vesperi,
918 2009 952 2040 in

250 2061 358 2094 Ennae
382 2059 506 2091 finibus
536 2069 643 2101 prope
667 2059 818 2092 Percum
841 2061 953 2092 lacum

252 2109 526 2150 amoenissimum,
553 2110 706 2142 vehiculo
727 2119 831 2151 super
845 2110 953 2152 impo-

251 2160 352 2192 sitam
367 2159 484 2192 avexit
497 2170 506 2192 ε
521 2164 694 2201 raptorem
711 2170 786 2192 cum
804 2165 952 2193 armato-

252 2220 327 2242 rum
353 2210 470 2242 turmis
501 2211 605 2243 Ceres
627 2211 869 2253 persequitur3
896 2212 954 2253 qui

251 2261 333 2293 vitae
350 2271 421 2294 suae
437 2262 572 2303 timens,
596 2266 633 2294 et
657 2262 784 2304 praedae
804 2262 954 2295 retinen-

253 2312 306 2343 dae
322 2322 418 2353 spem
442 2312 620 2353 abjiciens,
642 2322 747 2355 equos
771 2323 834 2355 per
849 2313 954 2345 medi-

253 2373 308 2395 um
340 2364 451 2395 lacum
483 2364 632 2405 impulit,
656 2364 752 2405 cujus
778 2363 956 2405 profundis

253 2413 474 2454 voraginibus
492 2418 637 2455 uterque
653 2414 826 2446 demersus
849 2415 955 2447 inter-

253 2463 305 2495 iit.
352 2463 481 2495 Postea
495 2464 618 2496 solatio
633 2465 763 2504 matris,
778 2466 955 2497 Ennenses

255 2513 298 2545 ab
312 2511 503 2544 Inferorum
527 2514 677 2546 Plutone
701 2520 833 2556 raptam
848 2515 956 2548 finxe-

253 2568 348 2595 runt.
391 2564 460 2595 Nec
480 2564 562 2596 celsa
575 2566 616 2596 aa
629 2566 748 2606 sidera]
787 2566 882 2598 Nihil
895 2576 956 2598 au-

253 2623 310 2645 sus
322 2617 443 2645 contra
457 2613 582 2645 sidera.
606 2614 712 2646 Siculo
725 2615 849 2656 campo]
863 2615 954 2647 Pau-

252 2660 376 2696 sanias*
396 2667 512 2695 tamen
538 2663 572 2695 in
602 2663 728 2696 Atticis
753 2665 885 2706 scribit,
907 2666 955 2697 lo-

254 2723 331 2746 cum
355 2713 524 2755 quendam
551 2721 626 2746 esse
644 2713 748 2755 juxta
771 2715 956 2756 Cephisum

257 2774 388 2798 amnem
406 2764 439 2797 in
463 2764 599 2798 Boeotia
622 2763 870 2808 ‘caprificum’
895 2775 956 2799 no-

1006 1303 1182 1344 minatum,
1198 1313 1267 1345 qua
1292 1302 1384 1335 fama
1409 1307 1497 1345 erat,
1519 1303 1708 1338 Plutonem

1005 1364 1081 1386 cum
1107 1359 1206 1395 rapta
1219 1353 1431 1396 Proserpina
1443 1353 1478 1385 in
1494 1352 1630 1386 Inferos
1646 1353 1706 1385 de-

1004 1404 1190 1436 scendisse.

1046 1456 1088 1486 64
1111 1455 1158 1486 Et
1179 1457 1294 1486 sectum
1303 1455 1447 1496 genitrix
1460 1454 1538 1487 milti
1551 1458 1707 1496 commutat

1003 1505 1134 1546 annum]
1172 1505 1291 1544 Ceres,
1316 1505 1375 1538 ubi
1401 1505 1572 1547 comperit
1586 1504 1706 1537 Pluto-

1004 1565 1083 1588 nem
1097 1555 1202 1588 filiam
1218 1556 1383 1598 rapuisse,
1408 1563 1532 1600 questa
1546 1561 1601 1591 est
1614 1557 1706 1600 apud

1006 1606 1128 1639 Jovem
1144 1607 1187 1639 de
1203 1607 1326 1648 injuris
1348 1606 1536 1648 sibi'facta‚
1550 1611 1588 1646 et
1609 1617 1707 1650 roga-

1007 1657 1057 1688 vit
1085 1657 1195 1699 illum,
1219 1661 1259 1690 ut
1286 1657 1352 1690 sibi
1379 1656 1450 1690 filia
1479 1657 1683 1691 redderetur
1696 1669 1707 1690 :

1006 1707 1065 1739 ille
1079 1707 1255 1749 respondit
1269 1708 1403 1749 justum
1418 1717 1506 1748 esse,
1522 1712 1560 1740 ut
1573 1707 1622 1740 illi
1637 1707 1709 1744 filia

1008 1756 1224 1798 redderetur,
1255 1758 1283 1790 si
1316 1758 1401 1790 nihil
1430 1758 1645 1800 degustasset
1672 1759 1708 1797 iu

1008 1806 1132 1839 Inferis
1145 1819 1155 1849 ;
1169 1809 1219 1840 sic
1229 1807 1318 1841 enim
1330 1807 1408 1840 fatis
1421 1807 1599 1844 decretum
1611 1818 1684 1842 esse
1696 1819 1706 1842 2

1008 1867 1084 1890 cum
1097 1863 1211 1890 autem
1222 1859 1420 1891 testimonio
1433 1858 1618 1901 Ascalaphi
1628 1869 1707 1903 eog-

1007 1909 1116 1941 nitum
1142 1908 1279 1950 fuisset,
1302 1909 1389 1942 banc
1405 1909 1536 1951 aliquot
1551 1910 1631 1942 mali
1645 1919 1708 1954 pu-

1007 1960 1077 1992 nici
1092 1969 1201 2001 grana
1212 1960 1411 2001 comedisse,
1437 1969 1514 2001 spes
1529 1961 1603 2002 ejus
1618 1961 1709 1995 redi-

1007 2014 1060 2042 tus
1079 2010 1183 2042 matri
1208 2011 1391 2042 interclusa
1418 2010 1622 2044 videbatur:
1646 2011 1708 2049 sed

1006 2059 1144 2101 Jupiter
1174 2069 1274 2102 aequa
1302 2060 1473 2093 sententia
1506 2061 1640 2102 statuit,
1670 2065 1710 2094 ut

1007 2109 1219 2150 Proserpina
1256 2110 1436 2152 quotannis
1475 2119 1538 2143 sex
1574 2120 1709 2150 meuses

1009 2169 1086 2191 cum
1103 2159 1264 2197 Plutone,
1280 2169 1410 2202 sexque
1431 2170 1506 2193 cum
1532 2165 1644 2201 matre
1659 2172 1711 2199 es·

1009 2215 1074 2242 set.
1119 2209 1265 2242 Ovidius
1296 2210 1386 2251 Met.
1414 2220 1449 2242 v.
1475 2209 1552 2249 ‘At
1577 2210 1710 2245 medius

1008 2259 1192 2302 fratrisque
1217 2260 1269 2292 sui
1289 2265 1490 2304 moestaeqne
1507 2262 1633 2295 sororis
1646 2263 1711 2296 Ju—

1009 2311 1115 2353 piter,
1128 2321 1171 2344 ex
1187 2321 1286 2354 aequo
1302 2312 1495 2345 volventem
1512 2312 1637 2350 dividit
1651 2322 1711 2348 an-

1009 2371 1088 2394 num
1104 2373 1111 2393 :
1143 2361 1245 2394 Nunc
1274 2363 1348 2394 Dea
1380 2372 1562 2404 regnorum
1583 2373 1710 2397 numen

1009 2423 1188 2446 commuue
1203 2414 1347 2446 duorum
1365 2414 1452 2446 Cum
1467 2418 1576 2448 matre
1591 2418 1646 2448 est
1660 2421 1711 2448 to-

1008 2463 1128 2504 tidem,
1140 2463 1286 2496 totidem
1299 2473 1375 2496 cum
1391 2465 1537 2507 conjuge
1550 2465 1711 2505 menses?

1008 2513 1110 2545 Unde
1124 2514 1251 2553 injustae
1265 2514 1303 2546 ab
1317 2515 1398 2546 Jove
1413 2515 1508 2556 leges.

1051 2566 1092 2595 65
1115 2563 1177 2596 Sed
1191 2564 1267 2605 quia
1279 2569 1336 2605 ego
1350 2564 1432 2606 haec]
1455 2565 1598 2607 Sumne,
1617 2566 1711 2601 Que-

1009 2624 1079 2648 ror.
1122 2616 1298 2657 Frequens
1327 2615 1540 2656 aposiopesis
1575 2616 1710 2652 Poetis.

1002 2666 1140 2698 >Noster
1165 2664 1274 2697 Theb.
1299 2674 1351 2699 ιι.
1375 2668 1384 2684 ‘
1401 2665 1502 2700 Quod
1530 2665 1708 2700 innumero

1009 2714 1153 2748 Lethaea
1168 2715 1321 2747 examine
1345 2716 1476 2758 gaudet
1496 2715 1600 2758 Ripa,
1620 2726 1708 2751 meae

1004 2766 1114 2817 *vii-es,
1142 2775 1218 2799 mea
1246 2766 1328 2799 laeta
1349 2765 1516 2809 insignis&
1542 2766 1606 2800 sed
1627 2767 1711 2812 quid

1613 561 1709 670 ,6⁶-
1754 598 1769 607 l
