1858 3112
266 248 382 293 1670

264 353 428 393 inculcat,
457 353 547 396 quod
578 353 679 384 rehus
702 352 863 384 convenit
891 362 967 394 quae

266 408 484 437 commovent
500 408 735 444 terroremque
751 402 935 440 incutiunt,
950 412 969 433 a

266 454 350 494 σείω,
378 453 468 495 quod
494 457 548 485 est
569 452 686 494 quatio,
705 453 858 485 concutio.
892 453 969 485 Mo-

268 499 343 535 rell.

310 555 352 584 22
387 552 630 593 Plan-auremque
659 550 811 593 animam]
855 550 970 592 Hujus

268 611 385 633 versus
407 601 496 632 hunc
524 610 599 632 esse
623 611 760 632 sensum
783 602 832 633 ait
851 600 971 633 Domi-

269 650 358 682 tius:
385 652 395 668 ‘
414 649 494 681 Vidi
520 654 567 688 te,
589 659 609 681 o
636 650 777 691 Melior,
797 651 971 692 lugentem

267 700 431 741 teipsum,
444 708 524 730 nam
540 699 703 732 Glaucias
719 704 794 732 erat
805 701 893 732 alter
909 697 972 731 tu.'

270 751 358 784 Quae
384 749 637 791 interpretatio,
661 750 814 792 quamvis
836 750 972 782 omnino

268 799 417 831 ridicula
442 803 478 831 et
504 799 652 831 absurda
674 801 734 839 sit,
761 800 843 832 satis
859 803 972 832 tamen

270 856 315 880 ex
341 848 563 891 sequentibus
588 848 771 889 refutatur,
794 859 861 881 non
884 850 972 882 enim

269 899 327 931 hic
357 898 538 930 Meliorem
561 898 672 931 Poeta
696 900 890 941 alloquitur,
912 899 973 932 sed

269 948 306 981 in
322 949 478 991 sequenti
503 949 638 981 demum
667 959 765 981 versu
784 950 973 982 orationem

269 999 500 1040 interruptam
521 999 563 1030 ad
586 998 766 1031 Meliorem
792 996 976 1041 convertit,

271 1049 352 1081 dum
382 1049 450 1081 ait:
484 1050 496 1067 '‘
515 1050 633 1092 Teque
664 1054 799 1091 patrum
829 1051 974 1092 gemitus

271 1099 513 1141 superantem,'
529 1101 593 1131 &c.
637 1099 808 1132 Maximus
825 1100 976 1141 Scaliger

271 1151 308 1182 in
324 1149 443 1182 codice
460 1160 519 1181 suo
536 1149 769 1190 adscripserat
792 1151 975 1192 legendum

275 1201 382 1232 videri
411 1211 420 1232 ι
464 1201 704 1241 plorantemque
738 1200 887 1240 unimam,
922 1201 976 1241 ᾃτ.

273 1249 376 1284 Quod
403 1250 492 1281 idem
515 1250 651 1281 erudito
674 1249 878 1290 Tiliobrogae
903 1250 976 1291 pla-

275 1300 386 1332 cuisse
403 1298 516 1331 video.
561 1298 630 1331 Sed
652 1303 691 1330 ut
707 1299 854 1340 priscam
870 1300 977 1341 scrip-

275 1355 387 1382 turam
405 1343 569 1381 intactam
587 1358 772 1389 servemu8‚
789 1359 890 1391 quam
907 1351 977 1382 cla-

274 1410 314 1432 ra
326 1410 381 1431 res
396 1410 437 1431 ex
457 1404 609 1432 veterum
628 1400 885 1432 Platonicorum
901 1411 977 1433 sen-

274 1451 398 1490 tentia,
421 1451 478 1492 qui
491 1450 631 1482 aiebant
642 1451 793 1482 mollium
806 1450 976 1483 hominum

275 1508 316 1532 ac
344 1509 525 1540 puerorum
550 1500 676 1532 animas
701 1500 871 1541 indignari
887 1502 976 1544 quod

274 1549 393 1581 invitae
420 1549 463 1581 de
488 1550 551 1582 hac
571 1551 648 1582 luce
672 1550 864 1592 discedant,
886 1552 978 1584 ideo-

275 1609 344 1642 que
374 1600 466 1631 circa
496 1599 617 1631 funera
646 1610 706 1632 sua
739 1601 911 1642 oberrare,
942 1606 979 1634 et

275 1652 423 1692 plorare.
468 1651 570 1682 Plato
586 1651 618 1683 iu
632 1650 820 1691 Phaedone,
835 1651 890 1682 ubi
905 1652 979 1693 plu-

278 1702 363 1733 rima
378 1701 411 1732 in
424 1701 511 1732 hanc
526 1702 743 1733 sententiam.
790 1701 834 1732 Et
842 1701 978 1742 juratus

276 1751 490 1791 Platonicus,
513 1750 710 1782 Macrobius
733 1751 766 1782 in
782 1751 873 1783 Som.
886 1751 979 1793 Scip.

277 1802 339 1835 lib.
357 1811 384 1836 1.
400 1812 474 1844 cap.
488 1805 521 1834 9.
533 1800 704 1843 ‘-Auima,’
717 1801 840 1843 inquit,
860 1803 979 1843 ‘quam

274 1853 311 1885 iu
338 1864 374 1885 se
399 1862 539 1895 pronam
568 1852 724 1893 eorporis
748 1861 828 1883 usus
854 1851 981 1894 effecit,

275 1908 380 1946 atque
404 1905 437 1935 in
467 1903 635 1944 pecudem
663 1902 911 1944 quodammodo
927 1913 980 1935 re-

277 1954 439 1987 formavit
455 1964 498 1984 ex
513 1953 660 1994 homine,
683 1956 720 1985 et
735 1953 979 1986 absolutionem

277 2004 428 2046 corporis
445 2003 684 2046 perhorrescit,
701 2008 737 2034 et
753 2013 828 2035 cnm
841 2013 981 2035 necesse

278 2055 359 2087 est!
404 2054 529 2086 Facilis
554 2058 607 2085 est
633 2054 812 2094 praesentis
839 2054 905 2086 loci
932 2054 980 2086 in—

278 2105 495 2145 terpretatio.
539 2104 642 2135 Mens
669 2104 757 2135 enim
785 2103 888 2135 Statii
916 2109 983 2146 est,

278 2154 403 2186 vidisse
431 2164 468 2185 se
488 2158 523 2185 et
539 2153 707 2185 audivisse
723 2153 866 2184 animam
882 2164 980 2195 sepa·

274 2209 387 2236 ratam
414 2204 565 2236 Glaucia²
589 2204 684 2245 pueri
710 2204 910 2236 volitantem
926 2213 981 2235 su-

280 2264 345 2295 pra
374 2264 470 2286 suum
502 2253 613 2294 sunus,
638 2259 674 2286 et
705 2260 982 2296 conquerentem,

281 2305 371 2346 quod
399 2311 468 2336 tam
500 2304 680 2335 immatura
707 2310 818 2336 morte
847 2314 890 2336 ex
919 2305 981 2336 hac

279 2356 353 2386 vita
368 2360 489 2396 erepta
512 2359 616 2386 esset.
660 2354 776 2386 Annos
794 2355 884 2386 enim
899 2356 981 2387 duo-

281 2405 392 2436 decim
418 2409 550 2436 tantum
566 2405 723 2441 habebat,
746 2405 833 2447 quod
850 2405 980 2438 indicat

279 2456 409 2486 Statius
428 2456 529 2496 paulo
553 2459 653 2495 post:
683 2457 693 2473 ⁴
708 2455 895 2487 Herculeos
921 2465 980 2487 an-

274 2505 333 2536 ·nis
363 2515 498 2547 aequare
526 2505 659 2536 labores
685 2504 848 2547 Coeperat
870 2515 979 2538 assur-

275 2558 384 2596 gens)
408 2555 542 2586 Gerar-t.

324 2609 365 2638 24
401 2606 544 2637 Haurit-e
572 2604 692 2646 ignem]
737 2604 789 2637 Ad
826 2615 945 2638 necem
969 2616 978 2645 3

282 2665 360 2689 nam
375 2661 410 2687 et
425 2656 547 2687 Porcia
560 2656 672 2695 Bruti,
682 2660 721 2686 ut
732 2656 881 2687 nonnulli
897 2657 980 2688 scri-

275 2707 370 2738 ‘bunt
385 2710 526 2736 auctore
544 2705 743 2741 Plutarcho,
764 2705 891 2736 haustis
907 2715 981 2737 car-

280 2755 428 2787 bonibus
446 2753 640 2785 ardentibus
662 2759 807 2786 mortem
820 2754 885 2787 sibi
900 2765 980 2788 con·

278 2805 397 2839 scivit.
421 2803 591 2837 Domitius.
628 2815 630 2819 ⁷

728 261 872 291 NOTAE
907 259 1173 290 vAlzlomJM
1210 260 1262 291 ΙΝ

1062 355 1105 384 26
1130 352 1174 383 Ee
1187 363 1269 384 nunc
1281 353 1338 385 heu
1349 353 1365 385 !
1378 353 1451 395 Cym]
1472 354 1626 387 Crucem
1637 351 1722 388 teri·

1020 401 1071 434 bit
1086 406 1114 433 et
1123 402 1263 441 frondis.
1295 403 1445 435 Vatibus
1460 403 1550 436 enirn
1572 409 1609 436 et
1625 404 1721 438 vitto

1020 457 1057 484 et
1082 452 1221 485 frondes
1251 453 1462 495 tribuuntur,
1485 453 1607 496 inquit.
1651 454 1723 488 Ne·

1021 503 1154 535 sciebat
1177 504 1350 545 propriam
1375 508 1589 547 amatamque
1608 505 1723 539 sntio

1020 552 1167 585 Phrasin
1196 563 1286 593 esse,
1316 553 1445 586 ‘honos
1473 551 1623 596 frontis,'
1656 564 1722 596 pro

1023 606 1144 634 ornatu
1179 603 1317 644 capitis.
1355 603 1434 636 Vid.
1469 603 1581 651 Diaffr.
1621 604 1722 650 Groui.

1021 661 1088 693 cap.
1106 653 1159 685 17.

1065 703 1106 732 34
1131 701 1230 737 Quem
1255 705 1369 734 natura
1396 703 1533 745 patrem]
1566 702 1622 739 An
1655 700 1723 737 illis

1023 749 1088 791 piis
1109 752 1201 782 natis
1227 761 1294 782 non
1320 757 1418 784 erant
1442 756 1561 785 natura
1583 755 1724 795 patres?

1023 800 1136 832 Multo
1145 801 1254 833 minus
1262 802 1303 833 ad
1313 801 1492 835 Meliorem
1504 800 1723 838 referendum

1023 860 1099 882 cum
1110 851 1279 883 Domitio.
1323 852 1560 886 Distinctione
1575 862 1647 886 rem
1663 863 1724 887 ex-

1025 900 1204 941 pedimus:
1235 911 1305 933 cum
1325 902 1471 943 proprias
1488 913 1646 943 gemerem
1670 905 1724 938 de-

1014 950 1122 989 sectus
1135 952 1176 982 ad
1201 951 1290 991 ignes
1312 948 1431 993 (Quem
1443 954 1456 984 ?
1468 952 1606 987 'Natum
1620 952 1652 998 l)
1666 956 1727 997 pa·

1023 1003 1114 1032 erem.
1157 1001 1315 1058 Qualem,
1337 1012 1437 1059 quam
1460 1003 1526 1035 mei
1542 1006 1732 1046 amantem,

1026 1059 1126 1091 quam
1149 1050 1230 1082 mihi
1257 1051 1404 1084 vicissim
1426 1058 1574 1086 amatum
1596 1058 1633 1087 et
1655 1054 1726 1088 cnl-

1026 1101 1121 1132 tum?
1150 1105 1199 1142 te,
1229 1102 1372 1143 Natura,
1386 1107 1508 1136 testem
1524 1105 1726 1147 appello‚te

1026 1150 1213 1193 interrogo,
1241 1161 1282 1183 an
1311 1162 1395 1194 quos
1434 1150 1582 1196 unquam
1617 1155 1727 1196 magis

1026 1201 1273 1241 conciliaveris,
1283 1202 1435 1234 tenerius
1445 1208 1482 1236 et
1492 1205 1726 1247 arctinsjnnx-

1027 1251 1106 1282 eris.
1149 1252 1232 1283 Sic
1224 1262 1256 1283 m
1271 1252 1506 1285 Saturnalibus
1520 1264 1529 1286 ε
1550 1253 1560 1271 ⁸
1576 1254 1622 1286 Et
1635 1262 1725 1287 mor-

1027 1304 1097 1332 tem
1123 1301 1186 1333 sibi
1213 1301 1329 1345 (quarn
1354 1312 1452 1334 manu
1464 1301 1492 1345 ?)
1529 1300 1727 1335 minantur!

1030 1351 1169 1384 Gronov.

1068 1405 1111 1435 42
1134 1403 1255 1435 Siderei
1268 1403 1371 1444 orbes]
1394 1402 1512 1445 Oculi,
1529 1403 1596 1436 duo
1611 1403 1726 1437 sidera

1028 1452 1230 1486 referentes.
1258 1454 1370 1486 Multa
1386 1454 1468 1486 talia
1483 1453 1525 1485 ad
1541 1454 1727 1495 Musaeum,

1028 1503 1260 1543 Claudianum,
1282 1508 1318 1536 et
1344 1503 1426 1536 alibi
1451 1503 1728 1547 conscripsimus.

1027 1555 1194 1586 Barthius.
1734 1590 1735 1594 ,

1071 1606 1112 1635 43
1154 1605 1198 1636 Et
1235 1604 1401 1645 castigate
1424 1605 1550 1637 collecta
1578 1604 1730 1637 modestia

1018 1654 1157 1696 frontis]
1193 1656 1374 1686 ‘Frontem
1404 1654 1625 1696 castigatam’
1657 1663 1727 1690 non

1029 1704 1229 1745 simpliciter
1259 1704 1437 1736 ‘brevem'
1464 1704 1664 1747 appellavit,
1689 1709 1730 1738 ut

1028 1753 1083 1785 hic
1100 1754 1217 1786 volunt
1233 1754 1454 1796 interpretes,
1477 1755 1538 1787 sed
1565 1756 1669 1788 talem
1692 1755 1727 1787 in

1029 1813 1095 1845 qua
1110 1804 1209 1835 nullae
1237 1813 1341 1845 rugae,
1361 1805 1473 1836 nullus
1497 1809 1622 1846 tumor,
1647 1805 1732 1836 nihil

1030 1852 1178 1894 denique
1207 1858 1365 1894 apparet,
1400 1854 1491 1896 quod
1525 1852 1729 1896 reprehendi

1029 1909 1155 1944 posset.
1199 1904 1256 1936 Sic
1271 1903 1369 1936 Ovid.
1387 1914 1411 1936 1.
1433 1905 1551 1937 Amor.
1577 1906 1673 1946 Eleg.
1694 1907 1731 1937 6.

1029 1953 1262 1994 ‘Castigatum
1289 1953 1436 1995 peetus?
1479 1955 1536 1987 Sic
1556 1956 1567 1973 ‘
1584 1954 1731 1996 castiga-

1030 2005 1100 2033 tam
1116 2003 1195 2044 equi
1214 2002 1334 2044 jubam
1346 2003 1355 2018 ’
1377 2003 1465 2035 dixit
1481 2004 1609 2036 Noster
1623 2003 1730 2036 Theb.

1031 2061 1084 2084 lx.
1106 2052 1223 2084 Verbo
1254 2056 1264 2071 ¹
1278 2051 1471 2094 castigare’
1492 2053 1655 2085 convenit
1675 2062 1729 2086 m-

1031 2101 1140 2142 λάζειν
1168 2101 1258 2143 apud
1285 2102 1440 2135 Graecos.
1492 2100 1592 2135 Unde
1618 2103 1730 2135 Theo·

1033 2153 1160 2194 phrast.
1191 2153 1235 2184 de
1262 2152 1378 2184 Causis
1402 2153 1559 2185 Plantar.
1583 2151 1733 2193 κολάζειν

1030 2203 1071 2235 τὰ
1086 2202 1193 2244 δένδρα
1207 2202 1308 2241 dixit,
1322 2202 1356 2233 id
1373 2202 1599 2243 est,smndoere
1606 2203 1733 2235 arbom

1030 2253 1235 2286 luxuriantes.
1258 2253 1400 2285 Gevart.

1072 2307 1114 2336 48
1138 2303 1297 2345 Hybla-ie]
1320 2302 1426 2334 Melle
1447 2301 1610 2343 Hyblaeo.
1653 2301 1730 2344 Hy-

1030 2353 1088 2386 bla
1113 2354 1157 2386 ab
1185 2353 1346 2394 Hyblone
1373 2361 1465 2393 rege,
1481 2355 1520 2383 ut
1537 2352 1730 2393 Thucydidi

1030 2404 1160 2445 placet,
1177 2403 1282 2433 dieta.
1325 2401 1366 2432 In
1387 2401 1504 2432 Sicilia
1517 2401 1680 2443 oppidum
1693 2405 1732 2434 et

1030 2462 1148 2486 mons:
1175 2453 1243 2484 mel
1269 2451 1377 2483 mittit
1402 2451 1492 2493 quod
1514 2461 1590 2484 cum
1606 2451 1730 2484 Attico

1030 2508 1154 2537 certat.
1190 2502 1424 2534 Meminerunt
1447 2502 1636 2536 strabo-et·
1657 2502 1731 2534 Pn-

1029 2555 1118 2586 nius.
1165 2551 1358 2593 Thucydid.
1399 2552 1433 2582 in
1464 2551 1649 2584 Historiar.
1676 2561 1729 2587 vr

1022 2604 1182 2642 Ὕβλωνος
1220 2600 1375 2639 βασιλέως
1407 2601 1535 2634 Σικελοῦ
1565 2601 1731 2643 *potam-05

1028 2655 1087 2693 τὴν
1101 2654 1205 2695 χώραν
1218 2651 1269 2683 καὶ
1289 2650 1554 2690 καθηγησαμένου,
1569 2652 1730 2695 Μεγαρέα

1030 2704 1145 2745 ᾤκισαν
1160 2701 1233 2734 τοὺς
1241 2701 1404 2738 Ὕβλαίους
1416 2699 1596 2739 κληθέντας.
1618 2703 1731 2736 Domi·

1030 2756 1104 2788 tius.
1151 2753 1211 2785 Cui
1233 2752 1324 2783 sibila
1343 2760 1478 2792 serpens,
1491 2751 1562 2793 ξω]
1585 2751 1645 2784 Ait
1663 2753 1729 2786 hoe

1030 2806 1109 2838 loeo
1133 2802 1305 2836 Domitius
1336 2800 1524 2843 Papinium
1549 2801 1592 2834 ad
1612 2799 1732 2836 Histo-
