1846 3120
313 536 417 616 P.
495 537 1008 616 PAPINII
1088 540 1495 654 STATII

427 660 1319 793 ›ACHILLEVIDOS
1412 724 1416 728 ’

723 915 946 966 LIBER
995 915 1070 964 Π.

708 1222 1085 1255 ARGUMENTUM.

167 1304 323 1340 Uussns
337 1309 374 1339 et
389 1305 575 1339 Diomedes
590 1304 717 1338 Aulide
734 1304 885 1348 profecti
902 1305 944 1338 ad
967 1305 1111 1348 Scyrum
1128 1306 1272 1339 insulam
1288 1307 1480 1350 appellunt,
1493 1307 1632 1351 suisque

208 1369 388 1394 remanere
401 1359 436 1392 in
452 1359 530 1392 navi
538 1359 657 1402 jussis,
672 1368 715 1391 ne
731 1363 918 1400 terrerent,
934 1360 996 1391 soli
1013 1359 1132 1392 urbem
1153 1364 1286 1402 petunt.
1331 1361 1437 1394 Nacti
1453 1361 1496 1393 ad
1514 1366 1631 1403 portas

208 1413 438 1456 Lycomedem
455 1422 586 1455 regem,
606 1411 762 1455 Ulysses,
777 1413 835 1455 qui
851 1412 933 1456 sint,
948 1414 1111 1456 exponit:
1136 1414 1361 1456 proculdubio
1376 1415 1458 1447 belli
1471 1413 1595 1447 famam
1612 1425 1632 1447 a

208 1467 344 1501 Grecis
359 1471 481 1500 contra
495 1465 662 1508 Trojanos
676 1467 829 1508 suscepti
857 1467 898 1498 ad
926 1476 1004 1499 eum
1027 1469 1244 1510 pervenisse:
1268 1478 1305 1500 se
1329 1469 1451 1501 missos
1473 1469 1632 1511 explora·
1655 1468 1658 1471 ’

207 1525 295 1562 tum,
312 1519 392 1564 quid
417 1521 535 1552 hostes
551 1524 715 1562 agerent:
739 1519 854 1552 omnia
869 1519 918 1552 illi
934 1519 1048 1561 fateri,
1071 1526 1109 1554 ut
1129 1521 1269 1563 Graeco,
1292 1526 1329 1555 et
1354 1521 1423 1554 fide
1438 1523 1631 1555 notissimo.

207 1574 422 1618 Lycomedes
445 1574 687 1606 humanissime
712 1578 879 1616 exceptos
906 1574 940 1606 in
965 1574 1096 1616 regiam
1118 1574 1274 1616 inducit3
1298 1576 1493 1619 paratisque
1509 1576 1634 1618 epulis,

207 1627 295 1661 filins
311 1637 498 1671 earumque
518 1628 663 1661 comites
686 1628 816 1660 accersi
833 1627 949 1669 jubet,
972 1628 1063 1660 inter
1084 1639 1169 1671 quas
1195 1629 1337 1670 Ulysses
1359 1630 1549 1671 sagacitate
1570 1640 1631 1662 sua

208 1681 380 1715 Achillem
395 1681 512 1714 statim
528 1681 695 1723 agnoscit.
717 1687 719 1689 ’
739 1680 825 1713 cnm
841 1686 955 1713 autem
972 1681 1108 1714 doleret
1123 1682 1349 1724 Lycomedes,
1363 1683 1454 1725 quod
1472 1693 1533 1725 per
1547 1688 1630 1715 aeta-

207 1740 279 1768 tem
295 1739 364 1768 tam
379 1735 475 1777 justo
490 1734 583 1767 bello
596 1727 765 1767 iuteresse
781 1743 847 1765 non
864 1738 996 1775 posset,
1021 1735 1164 1777 Ulysses
1178 1739 1314 1777 tempus
1331 1735 1451 1777 arripit
1467 1736 1555 1768 hanc
1571 1746 1629 1768 ex-

139 1793 144 1797 ”
209 1788 422 1831 peditionem
441 1788 565 1821 mirum
586 1787 621 1820 in
636 1786 773 1820 modum
787 1787 976 1819 extollendi
992 1798 1000 1820 :
1024 1796 1092 1820 non
1108 1787 1298 1830 digniorem
1313 1798 1456 1831 usquam
1473 1789 1630 1823 extitisse

207 1841 317 1875 landis
329 1841 550 1884 acquirendae
565 1841 802 1874 occasionem:
827 1850 945 1873 omnes
968 1841 1115 1874 Graeciae
1131 1843 1307 1884 principes
1322 1853 1453 1876 summa
1465 1853 1543 1876 cum
1559 1844 1634 1877 ala-e

208 1896 336 1929 eritate
350 1896 444 1928 illam
457 1895 641 1937 amplecti3
665 1893 844 1936 additque,
865 1904 941 1926 eum
966 1903 1040 1927 esse
1065 1895 1196 1936 abjecti
1215 1895 1351 1928 omnino
1366 1897 1481 1938 animi,
1505 1902 1541 1929 et
1554 1898 1629 1930 Diis

206 1949 368 1991 invisum,
383 1950 533 1992 quicum
549 1948 677 1981 viribus
692 1948 854 1990 polleret,
878 1948 976 1989 hujus
993 1948 1112 1990 gloriae
1133 1958 1249 1982 amore
1263 1959 1332 1983 non
1346 1949 1629 1984 inflammaretur.

173 2014 178 2020 ·
206 2003 274 2036 His
290 2003 378 2036 adeo
393 2007 585 2036 commotus
609 2005 664 2034 est
679 2000 848 2042 Achilles,
862 2006 901 2033 ut
926 2011 962 2033 se
982 2001 1192 2043 prodidisset
1217 2002 1324 2045 illico,
1344 2004 1410 2036 nisi
1434 2005 1631 2046 Deidamia,

208 2067 285 2100 quae
300 2056 336 2089 id
351 2056 659 2096 animadverterat,
672 2063 815 2095 surgens
829 2054 920 2086 hunc
936 2055 1116 2097 sociasque
1128 2065 1244 2087 secum
1261 2055 1476 2090 abduxisset.
1506 2058 1630 2100 Egres-

208 2111 254 2144 sis
278 2110 482 2153 virginibus,
506 2110 652 2151 Ulysses
676 2108 825 2140 divinam
852 2117 971 2140 earum
996 2108 1141 2141 formam
1166 2110 1306 2143 summis
1327 2109 1431 2143 effert
1455 2111 1626 2145 laudibus,

206 2164 419 2207 Interpellat
445 2162 674 2206 Lycomedes,
696 2162 812 2205 aitque
837 2163 947 2205 magis
971 2173 1030 2195 eas
1053 2163 1310 2202 admiraturum,
1333 2163 1362 2196 si
1387 2174 1486 2197 sacra
1500 2164 1630 2198 Bacchi

209 2219 376 2260 ferentes,
402 2222 439 2251 et
462 2217 558 2251 circa
570 2218 739 2250 Minervae
754 2227 831 2250 aras
844 2218 1010 2250 saltantes
1025 2222 1208 2250 cerneret:
1232 2218 1322 2260 quod
1338 2219 1488 2251 crastina
1508 2219 1577 2260 die,
1604 2220 1632 2252 si

209 2274 352 2314 vellent,
365 2281 401 2305 se
421 2271 651 2305 exhibiturum
665 2271 867 2313 promittit.¹
893 2270 1092 2313 Acceptant
1106 2271 1211 2312 avidi,
1230 2275 1270 2304 ut
1291 2281 1352 2304 suo
1371 2273 1512 2313 consilio
1533 2274 1631 2306 utile.

207 2328 279 2361 Vix
295 2328 367 2360 dies
382 2325 509 2367 illuxit,
521 2335 598 2358 cum
613 2324 816 2366 Diomedes,
835 2325 971 2368 Agyl-ta
986 2325 1141 2358 tubicine
1155 2326 1351 2368 comitatus,
1364 2336 1407 2358 ex
1423 2336 1510 2360 nave
1528 2326 1629 2360 affert

205 2382 351 2424 thyrsos,
365 2380 537 2424 cymbala,
553 2385 730 2422 tympana,
744 2384 782 2412 et
796 2380 882 2412 alias
897 2390 1031 2413 merces
1047 2380 1089 2413 ad
1106 2379 1337 2422 detegendum
1352 2379 1523 2413 Achillem
1539 2381 1629 2414 com*-

208 2439 359 2479 paratss.
377 2436 379 2438 '
402 2434 517 2468 Sacris
531 2434 697 2476 peractis,
718 2434 753 2466 in
777 2434 905 2475 regiam
932 2443 970 2466 se
997 2434 1170 2476 recipiunt
1186 2434 1324 2476 puellae,
1342 2434 1400 2466 ubi
1416 2434 1477 2467 has
1493 2445 1627 2468 merces

208 2489 396 2523 collocatas
411 2487 551 2528 vident3
574 2488 668 2520 inter
682 2497 765 2531 quas
790 2488 932 2530 Ulysses
955 2489 1114 2530 clypeum
1142 2492 1178 2520 et
1202 2489 1334 2520 hastam
1360 2489 1440 2530 poni
1460 2489 1628 2530 jusserat.

0 2561 2 2566 ·
22 2543 35 2569 '³
208 2542 301 2576 Orat
314 2543 477 2584 virgines,
491 2546 531 2574 ut
545 2541 627 2584 quid
644 2542 750 2583 magis
776 2541 948 2574 arrideret
970 2542 1116 2583 eligant,
1135 2551 1200 2574 nec
1221 2545 1322 2583 pater
1346 2541 1516 2583 prohibet.
1561 2543 1627 2576 11ae

205 2597 354 2639 thyrsos,
374 2597 427 2629 hae
451 2600 617 2639 tympana
641 2596 798 2638 capiunt,
826 2596 903 2628 alias
930 2596 1008 2629 alia.
1052 2596 1181 2628 Verum
1199 2600 1236 2627 ut
1252 2594 1405 2629 Achilles
1427 2588 1531 2628 suam‘
1547 2607 1627 2629 con-

180 2646 187 2651 ⁷
206 2651 323 2694 spexit
345 2651 380 2683 in
405 2649 553 2693 fulgenti
581 2650 706 2692 clypeo
732 2650 928 2692 imaginem,
954 2649 1093 2682 erubuit
1105 2649 1205 2681 simul
1222 2653 1258 2681 et
1270 2649 1418 2681 horruit.
1462 2650 1539 2683 Quo
1554 2650 1628 2682 viso

172 2698 185 2711 ¹
204 2704 348 2748 Ulysses
363 2713 473 2746 prope
488 2702 657 2736 accedens
674 2713 683 2734 ε
708 2702 801 2737 Quid
817 2703 948 2735 haeres?
972 2704 1042 2735 ait:
1067 2703 1190 2735 scimus
1208 2706 1241 2735 te
1254 2701 1424 2735 Achillem
1439 2713 1515 2736 esse
1527 2714 1538 2736 ε
1554 2709 1628 2736 tota

175 2759 178 2764 ’
205 2758 343 2792 Graech
366 2762 402 2791 te
422 2761 600 2799 expectat.
645 2758 742 2790 Tunc
766 2757 917 2799 Agyrtes
944 2756 1042 2798 signo
1069 2756 1151 2790 dato
1178 2757 1260 2789 tuba
1285 2757 1433 2790 insonat.
1480 2758 1628 2799 Fugiunt

207 2812 346 2859 puellae,
371 2816 408 2846 et
424 2810 578 2845 Achilles
594 2812 754 2854 clypeum
770 2812 969 2854 hastamque
998 2811 1131 2853 arripit.
1175 2811 1222 2844 Et
1249 2820 1434 2844 conversus
1450 2810 1493 2844 ad
1517 2812 1627 2852 Lyco-
