1858 3112
258 277 371 321 1700

258 380 433 416 Surentini
444 379 637 420 junguntur
653 376 687 408 in
703 374 905 417 Campania,
920 378 958 406 nt

261 433 352 464 Pliu.
368 429 496 468 scribit,
519 427 650 459 nobiles
675 426 810 457 vinetis.
855 424 959 456 Icario

257 480 402 523 palmite]
425 478 537 510 Icario
560 476 651 518 patri
679 476 840 516 Erigones
857 484 959 516 prop-

261 537 315 563 ter
323 528 491 571 justitiam
507 532 543 559 et
559 527 723 568 pietatem
740 525 845 557 Liber
861 528 960 565 pater

260 590 361 613 uvam
377 583 413 611 et
429 579 541 610 vinum
565 576 676 615 dedit,
697 575 786 617 quod
802 575 893 616 prius
909 583 960 606 os-

262 629 375 662 tendit
411 627 621 659 mortalibus.
665 625 779 666 Hujus
809 623 962 655 meminit

261 679 506 713 Eratosthenes
535 681 572 709 et
606 676 774 717 Hyginus.
818 673 961 712 Icarius,

261 729 409 770 Tyndari
425 727 548 767 frater,
568 735 667 768 quein
692 725 749 756 alii
774 723 961 756 Ieariotum

262 778 444 809 dixerunt:
482 775 572 807 unde
600 774 775 814 Penelope
805 772 962 805 Icariotis

262 827 390 859 dicitur
407 836 426 857 a
441 825 639 867 Propertio.
666 824 791 856 Domit.

308 881 371 909 154
392 873 506 915 Actus]
539 874 736 916 Alloquitur
767 873 964 911 Herculem,

264 931 303 959 ut
326 927 394 958 suis
419 926 591 958 laboribus
618 923 812 956 memoriam
834 926 964 954 statuat

264 978 316 1009 his
333 976 433 1008 ludis.
457 976 624 1007 Barthius.

308 1030 368 1058 155
393 1025 506 1066 Disco]
531 1025 656 1056 Saxum
681 1022 859 1064 gymnasio
874 1021 964 1063 quod

258 1076 452 1118 jaciebatur
484 1075 527 1105 ad
557 1073 849 1105 exercitationem.
892 1071 965 1103 Ho-

265 1135 349 1158 mer.
363 1125 522 1166 spatium,
537 1133 605 1165 quo
624 1126 853 1154 antecesserat
867 1120 967 1153 Anti-

265 1176 382 1208 lochus
413 1175 609 1206 Menelaum
646 1173 678 1203 in
712 1171 901 1204 certamine
930 1180 966 1202 e-

267 1225 412 1267 questri,
442 1229 574 1255 tantum
597 1222 646 1254 ait
672 1221 778 1253 fuisse
805 1224 965 1262 quantum

267 1275 382 1307 discus
397 1278 557 1314 occupat.
580 1271 704 1304 Domit-

312 1328 374 1358 157
398 1325 462 1357 Seu
479 1324 538 1356 tibi
554 1325 640 1355 dulce
655 1329 748 1355 manu
763 1322 897 1364 Libycas
910 1331 967 1353 nu-

267 1376 342 1407 dare
367 1374 547 1416 paloestras]
570 1374 639 1405 Per
663 1373 824 1413 Libycam
849 1372 968 1413 palaes-

268 1430 354 1457 tram
379 1426 505 1456 luctam
529 1433 605 1455 cum
628 1421 754 1454 Antaeo
783 1420 966 1461 intelligit:

269 1475 312 1506 de
328 1485 395 1516 quo
413 1474 556 1505 Plautus
581 1473 613 1503 in
630 1472 760 1504 Persa:
781 1472 792 1489 ⁴
807 1471 968 1502 Delucta-

269 1527 298 1557 ri
327 1536 402 1559 cum
427 1524 552 1556 Antaeo
571 1522 741 1562 mavelim,
768 1531 866 1563 quam
891 1530 967 1552 cum

270 1575 406 1607 amore.'
439 1575 647 1615 Damagetas
664 1571 766 1613 poeta
776 1572 968 1612 palaestram

268 1626 357 1658 hanc
387 1625 421 1657 in
449 1634 519 1656 aere
549 1624 715 1664 sculptam
744 1625 884 1654 venuste
911 1631 969 1652 ex-

271 1676 410 1718 pressit,
436 1675 706 1716 Epigrammate,
728 1672 820 1715 quod
842 1676 895 1704 est
907 1672 969 1704 lib.

270 1735 323 1759 vl.
347 1726 486 1757 Anthol.
500 1725 539 1756 T.
555 1724 588 1756 h.
607 1723 731 1755 Morell.

315 1778 377 1807 1⁵8
403 1775 448 1806 Et
462 1775 489 1806 si
501 1773 560 1805 tibi
573 1783 663 1814 poma
675 1774 837 1813 supersunt
850 1771 970 1812 Hespe-

270 1825 390 1866 ridum]
403 1826 511 1857 Poma
524 1822 754 1864 Hesperidum
764 1821 807 1854 ad
820 1830 887 1853 xli.
899 1830 971 1853 cer-

271 1882 386 1909 tamen
412 1875 623 1907 Herculeum
649 1876 827 1914 spectant:
850 1871 972 1903 ‘Post-

271 1937 366 1959 remo
391 1924 621 1965 Hesperidum
642 1923 751 1954 victor
767 1921 845 1952 tulit
868 1930 971 1952 aurea

272 1976 386 2009 mala.’
429 1975 601 2016 Epigram.
631 1971 756 2010 ἀδήλου.
789 1970 972 2003 Δωδέκατον

273 2027 303 2059 δ’
326 2025 489 2066 ἐκόμισσεν
518 2024 549 2056 ἐς
575 2022 713 2054 *Ελλάδα
733 2019 854 2063 χρύσεα
874 2022 972 2061 μῆλα·

274 2077 428 2110 Tametsi
443 2077 517 2107 haec
532 2073 632 2107 κλυτὰ
640 2075 736 2113 μῆλα,
750 2082 815 2104 non
829 2072 870 2104 ab
882 2072 972 2103 Her-

273 2129 363 2168 cule,
375 2127 435 2160 sed
451 2127 493 2158 ab
503 2125 643 2162 Atlante
656 2124 823 2165 decerpta
837 2123 894 2154 alii
904 2127 972 2154 tra-

274 2179 371 2214 dant,
386 2177 521 2209 interim
535 2176 615 2207 dum
631 2175 798 2206 Hercules
814 2173 972 2205 vicariam

273 2229 323 2261 illi
335 2237 473 2269 operam
486 2225 662 2267 praestitit.
685 2225 754 2256 Hic
766 2223 890 2255 festive
905 2223 974 2256 dic-

275 2282 348 2310 tum
365 2277 396 2308 si
418 2286 506 2318 poma
525 2278 701 2316 supersunt,
722 2283 798 2306 cum
819 2275 884 2305 tria
900 2278 973 2306 tan·

276 2333 346 2361 tum
362 2328 454 2359 lecta
467 2325 607 2357 fuerint.
652 2325 736 2357 Quae
753 2328 850 2355 vetus
866 2323 973 2355 Herc.

276 2377 405 2417 ἄγαλμα
419 2385 519 2407 manu
542 2374 679 2406 sinistra
695 2372 859 2414 gerebat:
882 2373 974 2414 quod

276 2425 519 2469 mythologice,
542 2422 631 2464 apud
657 2421 807 2461 Suidam,
836 2421 878 2452 ad
904 2426 973 2453 tres

279 2478 424 2508 virtutes
453 2475 486 2506 ἐν
508 2474 554 2512 τῷ
566 2472 704 2514 τριμερεῖ
720 2472 777 2509 τῆς
797 2472 899 2512 ψυχῆς
921 2480 973 2502 re-

278 2526 404 2566 fertur,
420 2524 461 2556 ad
478 2523 516 2556 τὸ
529 2522 572 2563 μὴ
583 2522 802 2563 φυλαργυρεῖν,
824 2525 975 2562 contemp-

278 2579 344 2607 tum
358 2585 459 2615 opum,
474 2574 516 2605 ad
530 2572 569 2605 τὸ
589 2572 632 2613 μὴ
656 2573 843 2612 φιληδονεῖν,
861 2574 975 2612 tempe-

279 2625 430 2664 rantiam,
447 2625 488 2655 ad
504 2623 541 2655 τὸ
552 2623 595 2663 μὴ
606 2621 796 2664 ὀργίζεσθαι,
805 2621 975 2653 lenitatem.

280 2675 417 2707 Mon-eil.

324 2729 386 2757 160
407 2726 453 2755 Et
467 2727 589 2756 tantum
604 2733 664 2755 non
682 2723 869 2762 dedignatur
887 2722 976 2752 hono-

281 2775 362 2816 rem]
388 2774 575 2806 politianus
594 2774 667 2814 jam
690 2773 770 2805 olim
795 2772 975 2813 legendum

283 2834 358 2857 esse
365 2824 494 2857 monuit
508 2834 516 2856 :
539 2832 598 2855 non
612 2822 807 2862 degeneravit
822 2823 975 2854 honorem.

721 281 863 314 No'rAE
897 278 1162 312 VARIORUM
1197 277 1250 309 m

1007 371 1136 404 Procul
1166 370 1272 403 dubio
1302 379 1346 402 ex
1373 369 1442 401 Ms.
1466 367 1597 401 codiee.
1636 366 1706 400 Sed

1007 433 1070 455 non
1091 423 1278 462 degenerare
1313 420 1469 457 honorem,
1497 428 1597 462 quem
1623 426 1709 451 nnn-

1008 482 1107 514 quam
1131 470 1322 512 acceperis,
1349 467 1508 510 profecto
1526 468 1623 509 mire,
1641 467 1709 500 imo

1009 524 1096 555 male
1111 522 1251 555 dicitur.
1295 521 1414 554 Codex
1435 520 1553 552 habuit
1577 520 1708 560 degene-

1008 573 1093 605 ravit
1106 582 1167 614 pro
1182 571 1379 612 degenerabit
1392 581 1404 604 e
1425 569 1708 613 quemadmodum

1010 624 1109 664 Equo
1134 623 1300 658 Maximo,
1340 619 1515 652 ‘Mutavit
1547 617 1712 654 habenas'

1011 674 1243 712 Rom.codex‚
1257 682 1318 714 pro
1332 672 1343 690 ι
1353 670 1532 711 Mutabit:
1548 679 1709 713 sepeque

1012 724 1106 756 alibi.
1151 722 1242 755 Illud
1268 727 1382 754 autem
1396 721 1604 761 degenerabit.
1619 719 1710 763 qued

1012 774 1112 805 etiam
1130 773 1179 804 ita
1193 772 1284 804 nullo
1297 771 1396 812 apice
1409 771 1516 803 minus
1524 769 1629 803 habet
1639 770 1710 803 Mo.

1012 824 1105 856 Flor.
1121 827 1319 863 corruptum
1335 825 1390 853 est
1404 830 1447 852 ex
1462 821 1594 861 degener
1601 819 1712 860 ambit,

1013 883 1090 905 cum
1113 871 1315 913 compendio
1330 870 1430 903 litera
1444 870 1483 901 M
1500 879 1566 902 non
1582 869 1711 910 ascrip-

1014 930 1062 964 ta,
1077 923 1137 955 sed
1154 928 1235 954 nota
1251 921 1323 963 ejus
1338 930 1443 962 supra
1457 919 1488 953 A
1505 920 1615 961 posita
1628 919 1710 952 fnis-

1012 978 1076 1006 set.
1121 973 1321 1013 Reliquerat
1336 971 1443 1012 igitur
1457 969 1600 1002 Statius·
1626 969 1713 1001 Nm

1012 1023 1095 1065 capit
1108 1027 1136 1055 et
1154 1025 1275 1054 tantum
1288 1030 1349 1053 non
1360 1022 1493 1061 degener
1506 1018 1605 1052 ambit
1617 1019 1711 1051 hono-

1012 1083 1089 1105 rem.
1134 1073 1287 1105 Gronov.
1303 1070 1416 1102 Diatr.
1427 1079 1506 1111 cap.
1522 1072 1576 1102 28.

1058 1126 1121 1156 166
1137 1122 1245 1154 Macte
1256 1120 1369 1153 animis
1378 1119 1558 1184 opibusque]
1571 1119 1629 1152 Sic
1638 1090 1714 1153 Ho-

1015 1177 1080 1206 rat.
1112 1171 1241 1214 ‘opes'
1264 1172 1338 1203 et‘
1353 1170 1486 1202 animos
1493 1169 1646 1211 ’jungit,
1662 1177 1712 1201 tv.

1015 1224 1083 1256 od.
1100 1226 1133 1256 4.
1156 1223 1248 1254 ‘Per
1273 1222 1409 1260 damna,
1435 1229 1499 1262 per
1520 1219 1646 1260 cedes,
1669 1218 1713 1251 ab

1015 1275 1088 1315 ipso
1118 1272 1223 1304 Ducit
1249 1280 1333 1313 opes
1357 1271 1573 1311 animumque
1599 1267 1726 1301 ferro:-

1016 1325 1094 1357 Hoc
1110 1329 1223 1356 autem
1250 1328 1364 1355 votnm
1389 1325 1442 1353 est
1457 1319 1656 1352 Callimachi
1677 1318 1714 1351 in

1017 1374 1166 1406 clausula
1181 1372 1296 1414 hymni
1312 1372 1347 1403 in
1361 1371 1504 1404 Jovem:
1531 1367 1593 1401 Δὸς
1603 1367 1716 1411 ἀρενήν

1015 1436 1052 1457 τε
1064 1423 1116 1456 καὶ
1127 1422 1237 1460 ὄλβον.
1282 1423 1406 1454 Morell.

1060 1478 1122 1507 179
1147 1474 1262 1506 Oscula
1291 1471 1407 1513 Pouae]
1428 1471 1522 1507 Male
1547 1469 1619 1511 egit
1639 1477 1716 1501 enm

1017 1525 1160 1556 muliere
1181 1525 1244 1555 hac
1266 1522 1444 1564 Papinius,
1457 1520 1546 1563 qnod
1570 1528 1638 1552 non
1659 1528 1719 1554 ex,-

1019 1575 1145 1617 pressit
1176 1575 1186 1593 ‘
1200 1573 1353 1606 uxorne'
1375 1583 1418 1605 an
1441 1575 1451 1592 ⁸
1465 1570 1632 1612 cognata’
1657 1575 1718 1603 ant

1018 1624 1028 1642 ⁶
1042 1623 1157 1656 soror'
1180 1623 1286 1655 fuerit
1299 1622 1413 1655 Pollii.
1446 1621 1617 1663 Ambigua
1627 1620 1718 1656 enim

1019 1684 1061 1707 ea
1078 1684 1132 1706 res
1149 1683 1284 1715 semper
1299 1673 1375 1713 erit,
1389 1676 1427 1704 et
1441 1681 1508 1704 uno
1522 1671 1626 1704 verbo
1653 1670 1718 1703 toti

1020 1726 1199 1757 consulere
1217 1728 1365 1765 poterat.
1390 1723 1506 1755 Barth.

1064 1777 1126 1806 183
1150 1773 1292 1814 Solisque
1315 1772 1429 1805 cubilia
1452 1770 1575 1812 Gades]
1587 1740 1718 1812 Dupli-

1020 1834 1092 1857 cem
1116 1825 1290 1856 historiam
1328 1833 1388 1855 seu
1425 1822 1575 1854 fabulam
1608 1824 1721 1853 notat.

1022 1876 1136 1908 Gades
1159 1874 1325 1907 insulam·
1317 1884 1350 1906 1n
1367 1872 1434 1905 fine
1456 1872 1611 1905 Bethicae
1641 1881 1718 1913 pro-

1020 1925 1154 1965 vinciae,
1169 1933 1284 1956 versus
1296 1923 1524 1961 occidentem,
1535 1921 1594 1953 nbi
1610 1921 1719 1953 Euro-

1023 1986 1067 2017 pa
1091 1975 1136 2006 ab
1165 1972 1286 2006 Africa
1313 1972 1493 2009 dirimitur,
1524 1970 1598 2003 noti
1625 1970 1718 2003 orbis

1022 2025 1203 2057 terminum
1228 2022 1379 2055 credidit
1399 2020 1595 2062 antiquitas.
1637 2019 1719 2052 His-

1023 2075 1104 2117 pani
1119 2073 1220 2106 hodie
1245 2073 1354 2111 Cadiz,
1379 2076 1416 2103 et
1434 2074 1595 2111 corrupte
1619 2069 1721 2107 Golia,

1023 2129 1170 2157 vocant:
1194 2126 1375 2159 nostrates,
1392 2121 1480 2152 Colis
1492 2120 1596 2152 mulis.
1614 2151 1617 2154 ,
1640 2119 1723 2152 Fuit

1023 2174 1058 2206 in
1083 2175 1147 2205 hac
1173 2172 1290 2204 Insula
1310 2170 1471 2204 Herculis
1495 2170 1671 2212 templum,
1683 2173 1722 2202 et

1025 2225 1190 2256 columnae
1217 2223 1286 2254 illae
1311 2231 1387 2263 quae
1416 2221 1576 2253 Herculis
1594 2229 1722 2254 nuncu.-

1025 2280 1150 2316 pantur
1164 2273 1207 2304 ab
1223 2271 1376 2303 omnibus
1390 2270 1586 2302 celebratae.
1630 2270 1720 2302 Con-

1025 2324 1096 2356 sule
1117 2323 1277 2362 Plinium,
1301 2320 1452 2358 Suidam,
1465 2319 1644 2357 Isidorum,
1660 2319 1721 2350 ali-

1025 2382 1140 2415 osque.
1183 2372 1225 2404 In
1250 2371 1388 2402 Iberico
1405 2379 1484 2400 vero
1498 2367 1590 2400 freto
1605 2367 1719 2400 Solem

1024 2422 1193 2463 occidere,
1219 2421 1356 2459 vulgata
1379 2418 1563 2450 Poetarum
1591 2416 1720 2450 fabula.

1024 2472 1112 2508 Vide
1139 2481 1212 2513 quae
1238 2469 1355 2501 notavi
1382 2468 1424 2500 ad
1441 2467 1544 2499 Theb.
1556 2476 1580 2500 1.
1609 2466 1721 2501 Recte

1024 2522 1140 2566 itaque
1152 2519 1314 2561 Papinius
1330 2518 1470 2559 Solisque
1483 2517 1598 2561 cubilia
1607 2527 1619 2549 .·
1640 2517 1721 2559 quin

1026 2577 1061 2604 et
1076 2571 1177 2603 hodie
1197 2574 1368 2602 nostrates
1385 2569 1510 2601 Nantae
1528 2572 1721 2609 promonto-

1025 2622 1110 2655 rium
1126 2620 1220 2662 hnjus
1233 2619 1351 2651 insulae
1364 2627 1481 2650 versus
1492 2616 1720 2653 occidentem.

1027 2670 1115 2713 quod
1141 2670 1183 2701 ab
1206 2668 1325 2700 incolis
1349 2668 1382 2699 S.
1407 2666 1598 2699 Sebastiani
1621 2675 1720 2703 voca-

1027 2725 1094 2758 tur,
1118 2720 1171 2751 het
1198 2719 1293 2760 eynde
1323 2718 1379 2749 der
1408 2716 1514 2747 wer-eu
1539 2714 1723 2755 nominant,

1025 2769 1120 2812 quasi
1135 2768 1249 2800 mundi
1271 2763 1406 2799 metam.
1449 2765 1517 2798 Adi
1534 2765 1721 2797 eruditissi-

1026 2820 1072 2852 mi
1099 2817 1283 2851 Abrahami
1310 2814 1436 2849 Ortelii
1458 2814 1565 2849 nostri
1590 2814 1722 2848 tabulas
