1858 3112
445 253 485 283 P.
519 250 709 283 nemu
745 250 912 282 svm-11
947 250 1093 282 svnv.
1128 250 1314 283 Lta.1v.
1346 243 1387 284 5.

184 348 278 378 terne
303 344 485 378 admodum
509 355 529 378 a
556 345 746 378 cultissimo
769 349 889 378 autore

185 395 396 442 descriptam
412 396 516 429 habes
531 406 612 438 pag.
626 399 700 428 1⁷6.
717 395 800 428 edit.
812 404 889 427 nos·

185 451 251 480 tra
266 447 439 490 bilinguis.
483 447 538 480 Aa
552 449 667 480 Arctos
684 446 889 487 Parrhasias]

184 497 243 532 Ad
273 499 408 542 plagam
438 499 673 542 Septentriou.
701 499 713 516 ‘
730 498 889 531 Caerulea

143 547 145 550 ’
185 549 296 591 glacie
339 554 537 583 concretam
576 554 681 593 atque
722 548 888 581 imbribus

181 598 293 633 atria-³
333 600 460 634 Strabo
485 601 684 633 Parrhasios
706 604 742 632 et
758 599 890 632 Azanas

183 651 451 689 recensetiuter
471 652 650 694 antiquiss.
676 651 791 684 Graec.
807 660 892 693 gen-

183 706 236 737 ten
250 701 286 735 in
303 701 463 736 Arcadia.
486 703 612 735 Mor-211.

225 755 248 786 8
270 753 431 796 Zephyris
441 753 614 795 refractus]
638 751 733 785 Nihil
755 755 890 784 mutan-

182 803 265 837 dum
280 802 324 838 ab
338 804 404 838 hac
419 804 581 837 lectione.
624 804 681 843 Sic
697 803 789 835 enim
811 804 822 822 ⁴
835 812 889 836 re·

183 853 358 897 fringere’
399 864 463 897 pro
491 855 502 873 ⁸
528 853 714 897 frangere:
742 857 779 887 et
807 854 889 886 alibi

182 902 340 948 usurpat.
384 906 589 948 Inexpertum
603 915 740 946 mmm,
765 905 801 937 id
822 910 890 946 est,

181 965 359 999 nunquam
384 954 555 999 prolatum
581 956 616 988 in
643 966 719 997 usu,
739 955 802 988 sed
827 965 890 998 per

184 1006 328 1040 tacitam
350 1006 506 1040 brumam
529 1011 736 1050 conceptum
757 1011 793 1039 et
807 1016 890 1040 con-

184 1057 357 1091 stitutum.
378 1058 501 1090 Barth.

228 1110 270 1141 ts
294 1108 364 1141 Nos
375 1118 471 1150 parea
485 1109 590 1148 tellus,
610 1107 679 1150 εμπ]
699 1107 837 1141 Schidae
852 1108 889 1142 J.

180 1158 344 1192 Gruteri:
381 1159 515 1202 ‘Apud
541 1158 728 1201 Apuleium
765 1160 889 1192 mulier

180 1210 408 1253 paupertina:
433 1211 444 1230 ‘
460 1210 511 1243 At
531 1220 597 1253 ego
619 1211 741 1243 misera
756 1215 794 1243 et
810 1220 887 1253 per-

180 1271 249 1294 nox
274 1266 311 1294 et
333 1261 456 1304 perdia
475 1261 626 1294 lanificio
650 1271 774 1294 nervos
793 1271 889 1294 meos

178 1317 400 1357 contorqueo,
412 1317 451 1346 ut
466 1313 557 1345 intra
567 1313 722 1345 cellulam
737 1319 889 1346 nostram

180 1363 303 1403 saltem
333 1364 473 1397 lucerna
502 1363 643 1396 luceat!
687 1362 735 1397 At
762 1365 890 1397 Tibull.

177 1413 296 1447 &Bam
307 1424 405 1447 meus
429 1414 567 1447 assiduo
591 1415 709 1447 luceat
731 1416 812 1457 igue
838 1414 891 1447 fo-

178 1465 266 1499 cus.’
309 1465 368 1499 lta
383 1466 473 1498 enim
489 1466 580 1499 malo
602 1475 666 1508 pro
689 1466 801 1499 altero
822 1467 891 1499 exi·

176 1526 254 1558 guo,
269 1516 360 1559 quod
378 1516 560 1559 supposuit
572 1526 617 1549 ex
633 1521 719 1549 vett.
736 1516 815 1550 cod.
838 1517 892 1549 vir

178 1567 336 1600 illustris.
379 1567 508 1600 Itidem
523 1567 650 1600 Tibull.
674 1569 686 1587 ‘
701 1568 814 1602 Quam
833 1569 889 1611 jn·

178 1623 239 1652 vat
267 1619 428 1659 immites,
453 1621 522 1653 διο.
563 1619 728 1652 Securum
753 1630 890 1653 somnos

176 1669 258 1712 igne
273 1670 422 1712 juvante
435 1669 504 1702 frui
515 1669 538 1703 ξ’
551 1669 561 1684 ’
587 1670 672 1703 Cum
689 1671 738 1704 ita
752 1681 888 1714 quoque

178 1721 388 1755 membrana
403 1726 544 1763 nostrae,
562 1721 654 1754 baud
672 1722 780 1755 ausim
802 1722 889 1756 reci-

179 1781 281 1814 pere,
293 1772 386 1815 quod
403 1772 495 1806 idem
511 1773 569 1806 ille
584 1773 779 1815 substituit,
801 1777 811 1793 ‘
826 1774 888 1807 im-

177 1821 242 1857 bre
255 1822 426 1865 juvante:
467 1823 592 1856 Otiose
618 1824 672 1857 hic
703 1825 775 1858 tale
802 1824 886 1868 quid

176 1881 337 1919 ponatur,
353 1887 431 1910 cum
444 1876 529 1910 illud
544 1887 654 1920 aquas,
675 1878 765 1920 quod
789 1887 890 1920 prox-

177 1929 246 1962 ime
262 1928 455 1970 antecedit,
471 1927 615 1961 imbrem
631 1927 731 1961 facile
747 1927 888 1970 inferat,

178 1988 247 2012 nec
270 1979 384 2012 minus
407 1979 496 2021 ignia
519 1980 633 2021 sopiat
648 1990 750 2021 quam
762 1979 890 2012 nuber.

177 2030 237 2064 Sic
266 2040 388 2063 manus
425 2030 704 2072 praestantissimi
738 2030 817 2072 viri,
853 2034 891 2063 et

177 2080 224 2114 de
239 2090 277 2116 re
291 2080 444 2114 literaria
459 2090 562 2124 supra
577 2081 741 2114 invidiam
763 2081 889 2115 meriti.

178 2132 268 2167 Qum
283 2131 362 2165 ideo
377 2131 525 2169 ascribo,
541 2135 580 2164 ut
596 2136 716 2174 pateat
731 2141 829 2164 error
848 2132 889 2165 F.

178 2183 331 2224 Mon-elli,
348 2182 408 2225 qni
426 2182 559 2217 eulmen
580 2183 679 2214 multo
693 2182 809 2214 lumine
823 2192 889 2214 sor·-

175 2233 299 2275 didam,
311 2233 465 2277 undique
487 2232 728 2274 fenestratum,
745 2233 888 2266 lumino-

177 2294 252 2318 sum
281 2289 429 2326 tectum,
459 2289 584 2326 patens
612 2289 651 2316 et
677 2284 768 2316 diem
799 2285 889 2316 reci·

175 2335 276 2378 piena
312 2333 575 2377 interpretatur.
614 2335 751 2368 Gronov.
780 2334 892 2368 matr.

176 2397 245 2429 cap.
263 2389 318 2420 ⁴3.

223 2437 264 2470 15
292 2438 524 2480 Eoeenmttoeqae
539 2441 622 2471 testa
636 2439 707 2476 Qua
720 2440 811 2471 modo
819 2438 890 2479 fer·

178 2489 290 2522 bunut
304 2488 442 2531 [qaus]
460 2487 553 2520 Audi
576 2490 659 2532 quid
683 2490 725 2522 de
749 2501 790 2523 eo
813 2500 890 2522 sen·

179 2540 246 2574 tiat
259 2539 393 2572 Varro:
417 2539 544 2572 ‘Quod
568 2541 744 2582 mustum,'
768 2542 891 2584 inquit,

178 2589 364 2624 ‘conditur
378 2589 415 2622 in
431 2588 576 2631 dolium,
591 2595 632 2623 nt
642 2591 828 2624 habeamus
842 2592 891 2624 vi·

179 2651 277 2683 num,
299 2650 367 2673 non
396 2640 622 2682 promendum
652 2641 733 2674 dum
766 2641 895 2683 fervet,

178 2702 292 2735 neque
314 2692 419 2724 etiam
442 2701 520 2724 cum
538 2693 718 2735 processit,
732 2693 783 2726 ita
798 2698 836 2725 ut
848 2693 893 2725 sit

176 2744 296 2777 vinum
310 2741 455 2776 factum.
499 2743 537 2775 Si
548 2752 631 2776 vero
647 2748 702 2778 est
716 2754 759 2776 ex
777 2754 818 2777 eo
831 2754 889 2786 ge·

178 2803 263 2827 nere
291 2803 368 2826 uvae
402 2793 494 2836 quod
531 2798 665 2826 mature
697 2799 894 2837 coacescat,

181 2850 263 2879 ante
281 2843 489 2878 vindemiam
512 2845 667 2878 consumi
690 2850 750 2880 aut
772 2846 893 2880 venire

1541 242 1649 285 17:33

940 345 1103 387 oportet.’
1124 347 1254 380 Mor-cll.

982 398 1026 428 24
1051 397 1196 429 Coesareo
1219 398 1383 439 peraravit
1412 397 1504 439 auro]
1539 398 1650 432 Locus

941 446 1033 479 faede
1048 454 1243 490 corruptus.
1266 450 1351 482 Mss.
1368 450 1543 490 peramavit
1564 459 1652 482 αιινο.

940 497 1028 530 Mihi
1056 498 1200 540 Sphynx
1228 499 1320 531 domi
1349 510 1416 532 non
1445 505 1519 533 est:
1542 502 1650 533 satius

939 548 1056 592 itaque
1069 549 1223 582 indicata
1240 555 1373 582 tantum
1395 551 1568 593 scriptura
1591 562 1648 583 ve-

942 599 1021 638 teri,
1043 599 1172 632 imitari
1188 601 1399 633 verecundos
1423 601 1591 643 medicos,
1613 606 1650 634 et

940 649 1136 691 depositum
1161 660 1293 692 aegrum
1318 651 1541 692 peritioribus
1555 652 1650 684 dele·

941 709 1035 741 gare.
1081 701 1248 733 Ceterum
1273 702 1364 744 quod
1382 702 1425 734 ad
1440 703 1529 735 bunc
1544 703 1649 735 Seve-

940 760 1013 783 rum
1039 751 1180 792 attinet,
1205 756 1349 793 putatur
1371 762 1520 794 proavus
1534 753 1653 794 Septi·

940 802 998 834 mii
1012 802 1132 835 Severi
1147 803 1376 844 Imperatoris
1390 802 1506 836 fuisse.
1540 804 1649 835 Baro-

939 852 1016 884 nius
1045 853 1170 886 Annal.
1198 862 1240 886 ιι.
1275 853 1448 886 videatur.
1492 854 1650 888 Bernart.

942 904 1084 936 Cesarea
1117 904 1297 946 peraravit]
1332 905 1436 937 Sarta
1468 909 1564 938 tecta
1592 905 1650 937 lia-

939 954 1052 987 benda
1074 961 1130 988 est
1152 956 1303 998 vulgaris
1318 955 1437 997 lectio,
1453 965 1566 998 neque
1581 956 1654 992 alio,

938 1005 1096 1047 respicit,
1121 1015 1223 1048 quam
1249 1006 1293 1038 ad
1317 1006 1575 1039 coronationem
1592 1006 1650 1038 Al·

939 1055 1075 1088 hanam.
1119 1056 1212 1089 Vide
1239 1067 1316 1099 quae
1338 1058 1441 1089 altius
1468 1057 1512 1089 de
1527 1057 1650 1090 ritibus
1684 1078 1688 1082 -

938 1107 1153 1149 agonisillius
1163 1108 1316 1150 repetita
1327 1112 1407 1141 sunt
1415 1108 1524 1141 Gron.
1538 1108 1648 1142 Diatr.

938 1168 969 1191 c.
981 1160 1035 1191 42.

982 1212 1024 1242 25
1057 1209 1138 1242 Cum
1161 1213 1198 1242 ta
1219 1210 1337 1242 sodalis
1357 1210 1447 1243 dulce
1466 1210 1651 1252 periculum,

937 1259 1011 1302 ξω]
1035 1260 1162 1292 Sodalis
1176 1260 1316 1302 proprie
1331 1264 1386 1293 est
1400 1260 1553 1301 ejusdem
1566 1260 1652 1292 ἔται·

938 1311 1032 1354 pelas,
1047 1312 1069 1344 l.
1087 1312 1149 1344 ult.
1165 1312 1209 1345 D.
1224 1311 1268 1344 de
1283 1311 1361 1344 coll.
1372 1316 1409 1344 et
1420 1321 1515 1353 corp.
1537 1311 1592 1343 bic
1606 1311 1650 1343 de

941 1360 1178 1405 condiscipulo
1189 1362 1385 1395 arctissime
1398 1362 1518 1403 charo,
1526 1362 1650 1395 utSta-

940 1416 1008 1448 tius
1030 1415 1198 1448 Severum
1220 1415 1255 1447 in
1277 1413 1495 1457 προσφωνήσει
1520 1423 1651 1446 nuncu-

941 1467 1039 1510 pavit
1054 1477 1064 1499 ε
1090 1466 1169 1509 quia
1183 1470 1351 1509 quantum
1362 1465 1550 1507 Septimius
1566 1474 1650 1497 con-

939 1518 1005 1550 niti
1035 1517 1149 1550 auimo
1177 1517 1307 1559 potuit,
1337 1520 1502 1558 quantum
1530 1515 1649 1548 labore

940 1567 1165 1610 contendere,
1179 1565 1297 1600 effecit
1311 1570 1352 1599 ut
1367 1566 1493 1608 Papin.
1517 1566 1652 1608 pericu-

939 1620 1010 1652 lum
1048 1619 1212 1661 ancipitis
1242 1618 1442 1651 certaminis
1471 1617 1650 1651 evaderet.

940 1671 1042 1704 Dulce
1049 1670 1236 1713 periculum,
1252 1673 1348 1702 recte
1360 1668 1483 1710 etjure
1495 1672 1652 1709 vocatur,

939 1723 1111 1766 quoniam,
1119 1725 1158 1754 ut
1165 1721 1337 1754 Pindarus
1346 1719 1490 1763 Olymp.
1497 1719 1541 1753 Ο.
1550 1729 1598 1752 vr.
1608 1719 1652 1753 A.

940 1777 955 1807 1
962 1777 994 1807 1.
1011 1773 1173 1812 affirmat,
1189 1771 1360 1806 Ἀκίνδυνοι
1371 1770 1478 1814 ἀρεταὶ
1486 1771 1570 1804 Οὔτε
1579 1771 1651 1814 παρ’

939 1824 1087 1869 ἀνδράσιν
1108 1823 1185 1858 Οὔτ’
1215 1824 1249 1856 ἐν
1278 1822 1367 1856 ναυσὶ
1389 1822 1508 1856 κοίλαις
1534 1822 1651 1863 Τίμιαι.

938 1875 1053 1909 πολλοὶ
1074 1875 1108 1908 δὲ
1122 1873 1304 1917 μέμνανται,
1316 1873 1416 1907 καλὸν
1439 1874 1497 1907 εἴτι
1519 1875 1651 1917 ποναθῇ.

939 1928 977 1960 S.
994 1927 1178 1960 Consulari
1203 1927 1425 1969 interprete:
1449 1925 1560 1958 Tutior
1585 1925 1651 1957 vir·

939 1982 991 2011 tus
1021 1978 1198 2020 rigidosque
1225 1987 1382 2019 nunquam
1409 1976 1481 2009 Icta
1507 1977 1652 2017 fortuna

937 2030 1090 2072 gravibus
1106 2030 1264 2072 procellis,
1278 2030 1346 2061 Nee
1359 2030 1423 2061 solo
1437 2029 1584 2067 illustris,
1598 2038 1653 2061 ne-

940 2091 1001 2124 que
1008 2081 1119 2122 fertur
1132 2082 1234 2113 altam
1252 2080 1348 2113 Clara
1360 2090 1418 2122 per
1431 2089 1555 2122 oequor:
1570 2080 1653 2112 Lon-

937 2143 983 2175 ga
1008 2134 1062 2165 sed
1081 2133 1206 2175 pulcros
1228 2131 1388 2164 hominum
1413 2131 1533 2163 labores
1551 2131 1653 2164 Fama

937 2194 997 2227 per
1011 2188 1114 2217 terras
1131 2186 1294 2216 memorat.
1319 2182 1458 2215 Morell.

983 2238 1026 2268 28
1047 2235 1166 2268 Arena
1181 2232 1364 2275 Bebrycioe]
1387 2232 1530 2274 Bebryx
1545 2230 1653 2264 filiam

941 2285 1116 2328 Pyrenem
1130 2284 1271 2317 babuit:
1290 2294 1310 2316 a
1322 2293 1389 2326 qua
1397 2292 1593 2325 compressa
1609 2282 1652 2315 ab

939 2337 1093 2370 Hercule
1111 2336 1300 2377 Pyrenaeos
1316 2340 1450 2367 montes
1465 2338 1568 2375 putat
1582 2333 1654 2366 dic-

941 2392 995 2421 tos
1025 2387 1143 2428 Silius,
1168 2386 1227 2428 qui
1250 2385 1414 2417 dividunt
1437 2385 1585 2418 Galliam
1609 2384 1653 2416 ab

940 2438 1125 2481 Hispania.
1174 2437 1349 2469 Diodorus
1373 2435 1480 2468 filiam
1503 2437 1595 2478 regis
1617 2436 1654 2468 in

940 2489 1114 2523 montibus
1138 2488 1318 2530 Pyrenaeis
1334 2487 1378 2520 ab
1394 2487 1547 2520 Hercule
1561 2497 1654 2520 com-

941 2550 1094 2583 pressam
1122 2538 1250 2572 tradit:
1274 2537 1336 2571 sed
1365 2547 1429 2570 nec
1456 2537 1653 2580 Bebrycem

941 2589 1148 2631 nominavit,
1160 2598 1224 2621 nec
1242 2589 1428 2631 Pyrenem.
1452 2588 1580 2621 Domit.

985 2645 1029 2675 29
1043 2642 1088 2674 Te
1103 2650 1142 2673 ne
1155 2640 1190 2672 in
1201 2639 1344 2680 remotis,
1357 2638 1428 2681 ἔγω]
1444 2639 1557 2681 Leptis
1571 2648 1654 2680 opp.

942 2691 1126 2734 Libycum,
1156 2690 1260 2721 situm
1291 2689 1383 2721 inter
1408 2688 1492 2721 duas
1519 2690 1653 2729 Syrtes,

942 2743 1120 2777 conditum
1144 2751 1165 2774 a
1186 2740 1337 2773 Sidoniis
1357 2738 1510 2782 profugis
1526 2739 1570 2771 ob
1584 2738 1652 2770 dis·

943 2794 1078 2829 cordias
1094 2792 1229 2826 civiles.
1252 2791 1381 2825 Morell.

986 2848 1030 2880 80
1059 2845 1136 2879 Jam
1157 2843 1244 2885 feret
1268 2842 1397 2878 Indicas
1424 2840 1552 2882 meses]
1578 2839 1653 2872 Has
