1858 3112
417 228 459 260 P.
492 226 687 259 ΡΑιηΝιι
721 227 890 260 εὐτυ
924 229 1070 262 san.
1104 229 1200 261 mn.
1225 229 1277 261 11.
1306 219 1351 262 2.

84 323 86 326 ’
143 320 293 355 Ovidius
304 331 314 355 ι
326 320 337 341 ⁸
349 320 398 355 Et
407 321 654 364 Methymnaeae
671 323 857 366 potiuntur.

140 373 267 410 littore,
279 372 407 406 tesbi:

142 422 293 464 ripbrasi
307 433 370 464 per
386 424 509 466 Lyram
527 424 686 456 Lesbiam
705 425 855 457 eumdem

145 473 315 513 Arionem
323 469 517 515 desijgnavit
538 475 686 509 Ovidius
702 476 797 508 Fast.
810 485 853 508 11.

144 523 228 566 dum
251 523 320 559 ait:
342 525 518 559 ‘Lesbida
533 536 610 558 cum
628 526 769 559 domiuo
792 536 855 559 sen

146 574 228 610 tulit
241 573 300 607 ille
315 575 450 616 lyram.'
471 576 681 609 Bernartius.

155 654 158 659 .
186 627 241 664 61·
256 625 405 669 Thebais]
419 626 460 659 Id
473 632 541 666 est,
554 628 697 668 cythara
711 626 855 668 Amphi-

145 675 377 711 onis'ruebnni
388 687 398 710 t
415 683 497 711 uota
504 678 647 710 historia
656 678 780 720 plectri
789 678 858 710 Ge-

78 767 93 779 ·
147 725 208 760 tici
224 725 374 768 Orphei,
388 727 447 770 qui
457 728 572 761 Thrax
585 727 664 768 fuit,
678 727 802 768 OEagri
817 727 856 760 fi-

146 776 236 811 lius:
259 777 318 820 qui
330 777 461 810 musice
478 787 598 810 omues
614 778 804 820 superavit,
819 781 858 810 ut

147 827 270 862 scribit
285 827 476 862 Diodorus.
519 827 641 863 Edidit
659 828 783 870 poema
796 829 857 860 mi-

149 887 189 914 ra
200 877 376 911 suavitate
393 877 574 913 refertum.
609 879 652 911 Iu
667 878 857 920 AEgyptum

149 927 349 972 navigavit:
373 937 477 960 uuum
508 928 784 961 caerimoniarum
822 938 859 960 n-

150 987 224 1010 sum
237 977 281 1010 ad
295 978 446 1011 Thraces
461 978 601 1012 detulit.
630 979 732 1012 Inter
747 979 858 1021 Argo-

149 1033 274 1067 nautas
289 1029 420 1062 cecinit
442 1029 623 1062 historiam
647 1029 692 1062 de
715 1029 799 1061 chao
824 1034 861 1061 et

149 1078 294 1115 exordio
307 1079 448 1120 nuundi3
473 1085 511 1112 ut
526 1086 581 1113 est
602 1081 694 1121 apud
719 1080 860 1120 Apollo-

23 1128 25 1134 ⁴
94 1172 96 1176 v
147 1129 256 1166 πίιιιιι.
313 1131 498 1173 Nunquam
537 1130 644 1163 fuisse
683 1131 861 1173 Orpheum

150 1179 272 1214 scribit
288 1180 413 1215 Cicero
430 1182 464 1214 iu
480 1181 705 1215 divinatione.
745 1182 862 1215 Graeci

152 1240 235 1264 vero
256 1231 409 1274 quinque
437 1231 597 1274 Orpheos
620 1233 861 1266 contendunt:

152 1291 299 1326 quntum
320 1283 470 1325 nomina,
493 1294 612 1326 opera,
635 1284 798 1326 patriam,
827 1284 862 1317 in

153 1333 413 1378 commentariis
426 1334 755 1368 Siliirecitavimus.
777 1335 865 1367 Tha-

152 1394 268 1427 myras
282 1384 366 1418 item
378 1385 594 1418 Philamonis
609 1385 700 1418 filius
715 1390 754 1418 et
767 1384 865 1417 Arsi·

153 1436 250 1471 ιιοὸι.
292 1437 459 1471 Thracius
474 1437 588 1470 dictus
604 1442 658 1470 est
675 1447 719 1470 ex
735 1437 866 1470 Edonis

154 1487 260 1525 urbe:
283 1487 357 1520 sive
373 1487 545 1525 Odrisius.
572 1493 610 1520 ut
636 1488 757 1520 scribit
773 1488 866 1521 Pau·

155 1538 285 1580 sanias,
309 1537 471 1581 quoniam
499 1539 571 1572 illic
596 1539 643 1572 sit
669 1544 783 1571 natus.
829 1538 866 1571 Is

156 1587 366 1630 theologiam
393 1588 536 1630 scripsit
573 1588 683 1621 tribus
717 1589 865 1621 millibus

158 1647 330 1673 versuum.
375 1638 480 1671 Nunc
502 1638 546 1671 de
573 1638 716 1680 Orpheo
742 1638 867 1671 intelli-

155 1689 207 1732 git
223 1688 389 1731 Papinius
403 1699 412 1721 :
425 1689 436 1707 ‘
451 1688 588 1730 cedat:
600 1689 727 1731 inquit,
737 1690 748 1707 ‘
760 1689 868 1730 gloria

157 1740 334 1782 cytharoe'
370 1739 519 1783 Orphei,
545 1740 697 1782 Arionis,
721 1746 758 1773 et
784 1741 869 1774 Am-

160 1792 426 1836 phioninvquod
450 1794 532 1826 olim
564 1793 666 1826 bruta
697 1798 734 1826 et
762 1794 870 1826 inani·

160 1849 256 1876 mata
293 1843 456 1876 allexerit
484 1854 591 1885 souo3
626 1854 705 1877 nam
731 1849 769 1878 et
799 1847 870 1878 ‘tu

159 1902 278 1930 moves
293 1892 406 1927 ειη]
428 1894 554 1927 Domie.

201 1943 246 1978 68
270 1942 358 1980 Quia
369 1943 504 1982 reseram
516 1944 650 1986 veteres]
675 1944 808 1977 Plinius
820 1948 870 1978 ta·

160 2003 241 2027 men
279 1995 438 2028 excludit
475 1996 639 2037 imagines
678 2006 796 2029 omues
825 1996 871 2029 ab

160 2045 266 2078 atriis·
286 2045 352 2078 uisi
381 2044 516 2088 cereas,
553 2047 633 2080 vide
660 2048 723 2080 lib.
751 2057 871 2081 xxxv.

162 2105 241 2138 enp-
255 2097 290 2131 2.
313 2112 319 2117 ·
335 2100 344 2114 ⁸
358 2094 495 2138 Aliter:
520 2097 648 2140 inquit,
666 2098 677 2116 ‘
692 2098 784 2140 apud
802 2108 872 2130 ma·

155 2145 254 2188 jores
269 2145 304 2178 in
317 2145 415 2178 atriis
429 2146 507 2180 haec
519 2151 631 2188 erant,
641 2158 717 2190 quae
733 2153 872 2190 specta-

164 2201 299 2236 rentur,
323 2205 390 2229 non
405 2197 504 2239 signa
525 2203 747 2236 externorum
768 2198 874 2231 artifi-

164 2256 256 2287 cum,
269 2255 334 2280 nec
358 2257 428 2280 aera
443 2252 505 2281 ant
519 2258 710 2281 marmora:
734 2258 874 2291 expres-

163 2297 194 2331 si
213 2304 296 2330 cera
313 2297 428 2329 vultus
445 2298 588 2339 siugulis
603 2299 875 2341 disponebantur

167 2347 338 2388 armariis,
376 2352 415 2381 ut
442 2354 563 2381 essent
593 2349 763 2391 imagines
795 2360 873 2392 quae

166 2398 418 2431 comitarentur
433 2399 605 2441 gentilitia
631 2399 764 2440 funera,
788 2410 875 2433 sem-

167 2457 298 2491 perque
312 2447 478 2482 defuncto
501 2451 615 2493 aliquo
637 2455 730 2483 totus
754 2450 877 2483 aderat

167 2497 307 2532 familia
323 2498 415 2541 ejus,
431 2499 488 2542 qui
505 2510 654 2543 unquam
670 2499 802 2541 fuerat,
815 2510 875 2542 po-

169 2548 292 2592 pulus!
351 2549 442 2582 Vide
465 2550 628 2593 Dempst.
658 2550 808 2593 paralip.
832 2550 877 2584 ad

242 2600 288 2632 iu.
301 2609 336 2642 p.
350 2603 404 2633 45.

170 2600 256 2688 Βῗβ
267 2652 408 2694 AEraque
421 2651 461 2684 ab
474 2651 654 2684 Isthmiacis
666 2661 744 2684 auro
753 2652 880 2693 potiora

161 2700 308 2743 finiuit]
352 2702 423 2734 AEs«
451 2703 668 2735 Corinthium
702 2702 878 2744 intelligit.

172 2751 355 2796 Corinthus
362 2754 534 2797 siquidem
548 2754 713 2796 oppidum
724 2755 879 2795 Achaiae,

173 2800 299 2836 serem
321 2805 436 2838 medio
466 2805 587 2840 Isthmi
613 2804 879 2848 Peloponesiaci

454 373 544 406 Hinc
559 384 627 406 non
644 374 770 407 inscita
793 384 852 416 pe·
872 383 878 389 ·

1498 219 1518 262 1
1528 219 1615 263 679

908 323 1026 358 situm.
1050 324 1221 357 Strabone
1236 328 1273 358 et
1285 322 1440 357 Diodoro
1455 323 1618 364 testibus,

907 375 948 407 L.
963 376 1133 408 Mummio
1150 376 1302 408 Consule
1318 380 1355 408 et
1382 375 1482 408 Duce
1499 385 1520 407 a
1548 375 1616 406 Ro-

908 426 1016 457 manis
1027 426 1186 458 incendio
1198 425 1462 468 deletum‚quod
1475 424 1618 467 quidem

907 475 1104 508 incendium
1126 485 1175 509 aes
1201 476 1415 509 Corinthium
1444 474 1618 510 conflavit.

908 526 1030 559 Florus
1057 526 1119 560 lib.
1150 536 1194 561 ιι.
1226 537 1305 568 cap.
1331 530 1386 559 16.
1432 529 1442 548 ⁶
1460 527 1619 560 Quantas

907 588 992 619 opes
1008 584 1044 611 et
1060 579 1245 611 abstulerit
1261 583 1298 611 et
1319 580 1525 612 cremaverit
1537 580 1618 612 hinc

908 629 1010 669 scias,
1040 629 1136 671 quod
1159 629 1324 671 quidquid
1348 629 1515 662 Corinthii
1541 630 1621 662 aeris

909 683 983 711 toto
1012 680 1093 711 orbe
1110 679 1287 720 laudatur,
1314 680 1472 712 incendio
1497 690 1618 721 super-

907 728 1014 761 fuisse
1031 730 1274 772 comperimus.
1305 731 1392 762 Nam
1409 731 1488 762 aeris
1500 735 1618 764 notam

910 780 1155 821 preciosiorem
1170 780 1443 822 opulentissimae
1461 781 1556 812 urbis
1569 780 1621 814 fe-

910 831 958 863 cit
987 831 1125 872 injuria,
1165 831 1244 873 quia
1272 830 1436 863 incendio
1467 831 1619 873 perustis

910 883 1067 925 plurimis
1095 882 1217 915 statuis
1259 886 1366 924 atque
1396 882 1621 923 simulachris,

911 932 1005 973 aeris,
1032 932 1116 970 auri,
1139 933 1339 974 argentique
1357 942 1455 965 venae
1471 932 1504 964 iu
1528 942 1621 965 com-

911 993 1013 1015 mune
1044 982 1203 1015 fluxere)
1260 982 1351 1014 Vide
1382 987 1419 1015 et
1445 982 1621 1016 Isidorum

911 1032 971 1067 lib.
990 1042 1068 1066 xvr.
1085 1043 1162 1074 cap.
1177 1035 1230 1066 19.
1257 1033 1406 1065 Bernart.

955 1087 998 1116 ⁷0
1024 1085 1111 1121 Quos
1125 1083 1186 1115 tibi
1197 1094 1274 1116 cura
1287 1084 1391 1126 sequi]
1436 1083 1622 1116 Inventum

912 1134 979 1167 fuit
996 1134 1108 1167 Asinii
1121 1134 1288 1167 Pollionis
1315 1141 1353 1166 ut
1381 1134 1548 1176 imagines
1571 1135 1623 1167 bi-

914 1186 1097 1219 bliothecis
1137 1189 1363 1228 ponerentur,
1399 1185 1458 1228 qui
1490 1186 1622 1227 primus

914 1236 1158 1269 bibliothecam
1186 1235 1399 1277 publicavit:
1424 1244 1542 1267 eorum
1558 1235 1625 1268 sci-

915 1288 999 1320 licet
1022 1297 1165 1329 quorum
1193 1286 1317 1318 animae
1344 1286 1556 1319 immortales
1587 1285 1624 1319 in

914 1338 1036 1371 iisdem
1053 1337 1303 1379 loquebantur:
1327 1336 1388 1368 sed
1411 1336 1513 1368 luxus
1537 1340 1626 1369 tem·

917 1398 1040 1431 porum
1056 1397 1164 1420 novas
1181 1396 1317 1429 quoque
1333 1391 1371 1418 et
1396 1387 1525 1418 alienas
1540 1386 1626 1419 ima-

916 1439 1012 1481 gines
1035 1437 1209 1470 formavit.
1233 1437 1409 1470 Domitius.

959 1492 1002 1522 ⁷3
1026 1489 1095 1521 Suu
1123 1488 1234 1528 cuique
1261 1486 1419 1529 voluptas]
1469 1487 1626 1520 Delicias

918 1541 1149 1573 Romanorum
1166 1538 1325 1575 observa,
1345 1537 1469 1577 lector,
1485 1537 1545 1579 qui
1568 1547 1628 1570 cu·

918 1590 1034 1622 bicula
1054 1589 1210 1621 villarum
1233 1597 1370 1620 suarum
1387 1588 1495 1629 juxta
1521 1597 1628 1630 aquas

918 1641 1153 1681 collocabant,
1178 1640 1227 1672 ita
1253 1644 1291 1671 ut
1317 1648 1337 1671 e
1363 1639 1492 1671 lectulo
1518 1639 1628 1672 maria

917 1696 1060 1733 possent
1097 1689 1338 1731 contemplari.
1384 1690 1558 1723 Martialis
1584 1690 1628 1722 ad

919 1742 1142 1774 Faustinnmt
1176 1743 1187 1760 ⁶
1203 1741 1250 1772 Et
1274 1749 1341 1772 non
1369 1740 1468 1772 unius
1492 1744 1631 1782 specta-

920 1796 977 1824 tor
1006 1792 1158 1824 lectulus
1185 1790 1299 1831 undae,
1327 1790 1397 1824 Qui
1424 1789 1520 1822 videt
1549 1790 1630 1822 hinc

922 1853 1058 1885 puppes
1083 1842 1245 1883 fluminis,
1272 1841 1355 1874 inde
1381 1841 1510 1874 maris.’
1555 1842 1630 1875 Pli-

920 1893 997 1925 nius
1011 1893 1034 1926 J
1039 1894 1138 1925 unior
1154 1892 1213 1925 lib.
1226 1901 1278 1924 ix.
1295 1890 1408 1933 Epist.
1424 1894 1457 1925 ⁷.
1473 1891 1517 1924 de
1529 1892 1632 1924 Villis

921 1943 1054 1977 duabus
1084 1953 1169 1986 quas
1200 1942 1306 1984 juxta
1347 1942 1487 1974 Larium
1517 1943 1632 1975 lacum

921 1995 1096 2028 habebat:
1120 1995 1131 2014 ‘
1143 1993 1288 2034 Altera,'
1303 1993 1429 2035 inquit,
1447 1993 1635 2034 ‘imposita

922 2047 1017 2080 saxis
1030 2056 1124 2079 more
1143 2046 1288 2085 Baiano,
1311 2046 1424 2077 lacum
1441 2044 1633 2086 prospicit:

926 2098 1053 2138 altera,
1082 2107 1182 2139 aeque
1210 2106 1306 2129 more
1343 2096 1487 2134 Baiano,
1519 2096 1634 2128 lacum

927 2148 1067 2190 tangit.'
1093 2149 1229 2181 Gevart.

969 2203 1014 2232 76
1037 2198 1215 2240 Inarimen]
1241 2197 1334 2230 Ante
1350 2198 1523 2230 Misenum
1541 2198 1634 2230 insu-

926 2250 1043 2282 la‘est.
1089 2249 1277 2287 Homerus,
1292 2252 1330 2279 nt
1353 2247 1480 2279 Strabo
1496 2248 1636 2289 quidem

927 2300 1069 2342 accipit,
1084 2299 1172 2331 duas
1194 2298 1367 2330 dictiones
1383 2296 1481 2334 fecit,
1497 2294 1542 2328 εῖν
1557 2295 1643 2337 'Api-

926 2362 1006 2391 μοις.
1052 2350 1174 2382 Nostri
1192 2348 1442 2389 conjungentes
1460 2346 1638 2380 Inarimen

928 2400 1105 2432 dixerunt.
1143 2398 1307 2440 Tiphoeus
1320 2397 1391 2429 illic
1404 2397 1557 2439 sepultus
1570 2402 1638 2430 est.

926 2451 1050 2484 Silius:
1086 2450 1189 2483 ‘Non
1217 2447 1398 2480 ardentem
1427 2447 1548 2479 sortita
1581 2447 1638 2480 Ti-

930 2502 1064 2544 phoeum
1077 2499 1253 2533 Inarime!
1280 2497 1458 2539 Prochyta]
1471 2496 1503 2529 A
1516 2496 1638 2530 Pithe-

929 2552 1020 2585 cusis
1042 2551 1177 2586 divulsa
1194 2553 1261 2589 est,
1275 2553 1313 2580 ut
1329 2548 1378 2580 ait
1394 2547 1541 2587 Strab03
1564 2547 1638 2579 Pli-

929 2602 1019 2641 nius,
1047 2602 1091 2634 ab
1126 2600 1301 2633 Inarime:
1335 2608 1415 2630 nam
1440 2597 1639 2630 Pithecusas

930 2659 967 2687 et
983 2653 1131 2685 Inarime
1148 2652 1239 2684 idem
1255 2654 1320 2684 est.
1343 2649 1449 2681 Dicta
1465 2659 1484 2680 a
1499 2647 1640 2691 τροχόν,

931 2704 1023 2747 quod
1040 2709 1092 2736 est
1110 2701 1303 2745 profundo;
1326 2710 1403 2732 nam
1428 2699 1570 2741 profusa
1584 2704 1639 2732 est

932 2754 1125 2795 Prochyta:
1161 2752 1260 2794 cujus
1295 2750 1449 2783 mulieris
1485 2748 1641 2783 meminit

932 2804 1120 2847 Dionysius
1138 2803 1441 2837 Halicarnasseus.
1462 2799 1589 2834 Domai.
