1846 3120
270 212 383 256 1254
760 223 802 253 ι’.
835 221 1026 254 PAPlNu
1058 221 1223 255 s'rA'rn

271 318 362 360 Vel
383 331 466 360 sua
485 320 631 371 portet
650 316 838 357 humus‘l
891 316 1059 370 Magno
1079 318 1145 360 sic
1166 312 1284 360 fatus
1306 320 1464 372 agebat

271 383 495 427 Procursu
510 383 770 437 fremituque
790 383 932 426 viros:
961 384 1079 426 furor
1096 386 1301 428 omnibus
1320 385 1438 428 idem
1666 386 1724 429 26

272 451 456 505 Tydeos
471 449 603 492 invisi
623 450 796 503 spoliis,
816 454 1036 505 raptoque
1053 451 1187 504 potiri

275 517 498 570 Corpore:
528 529 617 557 non
637 516 761 558 aliter
781 517 1016 558 subtexunt
1029 520 1146 558 astra
1166 520 1354 559 catervae

274 582 552 624 Incestarum
574 583 738 633 avium,
757 582 886 636 longe
905 583 1069 637 quibus
1090 596 1195 624 aura
1213 587 1442 625 nocentem

274 647 411 698 A'era,
430 648 718 703 desertasque
739 649 843 690 tulit
860 649 954 690 sine
974 648 1121 690 funere
1139 654 1327 692 mortes:

273 715 363 757 Illo
384 716 529 758 avidae
552 729 650 758 cum
670 728 782 758 voce
802 719 945 766 ruunt,
967 719 1097 757 sonat
1115 715 1277 757 arduus
1303 716 1451 758 aether·
1667 716 1726 759 30

276 783 533 832 Plausibus‚
553 787 595 824 et
613 783 729 825 coelo
750 783 953 824 volucres
975 794 1149 823 cessere
1169 783 1377 824 minores.

278 850 421 891 Fama
439 862 518 903 per
536 847 733 890 Aonium·
747 848 904 903 rapido
924 861 1039 902 vaga
1055 861 1273 891 murmure
1293 862 1500 904 campum

276 915 504 970 Spargitur
522 917 568 956 in
587 921 769 966 turmas,
791 915 926 957 solito
945 916 1159 968 pernicior
1177 915 1314 957 index

277 981 389 1024 Cum
408 981 597 1035 lugenda
616 982 770 1034 resert3
801 982 941 1023 donec
962 982 1036 1023 cui
1055 982 1252 1024 maxima
1267 983 1404 1025 fando

278 1050 455 1092 Damna
474 1049 604 1099 vehit,
623 1049 822 1103 trepidas
845 1050 975 1104 lapsa
993 1054 1063 1091 est
1084 1049 1314 1104 Polynicis
1335 1050 1394 1092 ad
1413 1062 1557 1092 aures.
1670 1049 1729 1091 35

279 1116 470 1168 Diriguit
482 1115 675 1170 juvenis,
693 1115 987 1171 lacrymaeque
1006 1116 1174 1158 haesere
1192 1120 1373 1170 paratae,
1604 1121 1606 1123 '

279 1183 337 1225 Et
354 1187 563 1224 cunctata
580 1181 713 1224 fides:
742 1182 920 1224 nimium
940 1195 1043 1224 nam
1061 1183 1237 1236 cognita
1259 1184 1398 1225 virtus

281 1249 463 1291 OEnidae
485 1250 602 1291 credi
622 1251 755 1291 letum
777 1250 1023 1304 suadetque
1043 1255 1264 1304 vetatque.

282 1316 371 1358 Sed
388 1322 625 1370 postquam
646 1316 764 1358 haud
784 1317 917 1358 dubio
933 1317 1086 1358 clades
1106 1322 1290 1358 auctore
1309 1322 1482 1371 reperta
1500 1323 1585 1371 est,

282 1382 394 1426 Nox
414 1382 579 1435 oculos',
600 1386 874 1437 mentemque
893 1384 1033 1438 rapit.
1064 1388 1156 1425 tum
1176 1384 1384 1437 sanguine
1402 1385 1494 1427 fixo
1672 1385 1731 1427 40

282 1534 315 1563 et
328 1534 502 1571 queruntur
515 1534 632 1562 terram
645 1530 813 1562 discedere.
846 1529 901 1561 An
915 1530 964 1561 vel
973 1539 1052 1570 prop
1031 1530 1102 1570 pria
1117 1531 1209 1563 tellus
1223 1530 1278 1562 hos
1290 1530 1378 1569 ferat
1387 1534 1401 1563 Ρ
1413 1531 1459 1562 εἰσ
1472 1531 1591 1563 locutu
1602 1532 1731 1567 multum

282 1574 435 1606 currendo
457 1582 512 1621 per
537 1574 661 1604 ordines
681 1576 712 1604 et
726 1571 901 1609 frendendo
924 1572 1098 1612 impellebat
1117 1572 1283 1604 Thebanos.
1331 1573 1446 1604 Rabies
1467 1574 1574 1605 eadem
1595 1573 1734 1606 omnibu

282 1615 489 1646 vindicandi
476 1625 510 1646 τη
523 1624 612 1646 suam
621 1617 806 1663 potestatem
819 1614 918 1655 spotia
928 1617 960 1645 et
974 1614 1144 1647 obductum
1150 1616 1281 1646 cadaver
1293 1615 1393 1646 odiosi
1408 1615 1538 1657 Tydei.
1559 1616 1635 1648 Non
1647 1625 1733 1648 necue

283 1657 384 1688 turbae
389 1658 589 1696 funestorum
601 1658 715 1696 avium,
724 1656 835 1697 quibus
847 1659 956 1688 ventus
968 1658 1074 1696 procul
1084 1657 1221 1697 portavit
1234 1657 1393 1689 scelestum
1405 1659 1527 1689 odorem
1540 1659 1735 1698 mdc-mm,

285 1710 354 1740 quoe
374 1702 533 1731 remanent
548 1699 710 1740 insepulta,
724 1698 888 1730 obscurant
902 1699 1027 1730 sidera:
1049 1701 1111 1730 cito
1126 1699 1231 1729 volant
1248 1700 1312 1735 illo,
1334 1699 1488 1732 inhiantes
1502 1709 1572 1731 cm
1584 1701 1737 1737 clamore:

283 1743 423 1775 excelsus
444 1742 499 1773 ae'r
522 1743 635 1782 strepit
653 1742 772 1773 alarum
786 1740 992 1780 clangoribus,
1015 1744 1046 1772 et
1070 1750 1176 1781 parvae
1190 1750 1260 1772 aveo
1273 1741 1491 1781 demigrarunt
1504 1742 1589 1774 calo.
1632 1742 1733 1774 Erra-

285 1784 387 1815 hunda
401 1783 493 1822 fama
507 1784 667 1824 spargitur
689 1782 846 1824 praecipiti
867 1792 994 1814 summo
1018 1792 1074 1823 per
1097 1792 1235 1823 campum
1259 1783 1446 1821 Thebanum,
1467 1783 1579 1816 nuntia
1601 1785 1734 1816 velocior

283 1827 387 1865 solito,
409 1836 478 1858 cum
502 1825 685 1867 defiendap
686 1828 795 1862 ortam
819 1826 912 1856 donee
933 1825 1045 1856 incidit
1069 1825 1103 1857 in
1129 1834 1220 1856 aures
1242 1826 1395 1858 attonitas
1418 1826 1594 1868 Polynicie,
1613 1826 1666 1861 eui
1689 1828 1734 1858 b·

285 1870 402 1908 queneto
415 1868 510 1909 affert
524 1869 693 1899 maximam
705 1868 832 1899 cladem.
874 1867 1007 1898 Juvenis
1024 1867 1192 1915 obtorpuit,
1215 1871 1245 1899 et
1259 1868 1357 1908 fletus
1373 1867 1444 1906 jam
1465 1877 1560 1908 prope
1574 1868 1734 1906 fundendi

285 1911 453 1949 sistuntur,
473 1913 504 1942 et
528 1910 625 1941 hoeret
641 1909 715 1950 quid
729 1910 858 1940 credat:
879 1918 951 1939 nam
964 1909 1094 1940 nimium
1117 1912 1271 1950 comperta
1286 1910 1446 1948 fortitudo
1460 1909 1531 1959 filii
1546 1910 1643 1942 (Επεὶ
1663 1911 1735 1942 hor-

288 1955 375 1983 tatur
380 1953 481 1993 fidem
494 1952 638 1983 adhibere
652 1951 720 1983 neci
733 1951 808 1991 ejus,
822 1950 1031 2000 prohibetque.
1076 1950 1139 1982 Sed
1150 1956 1313 1992 postquam
1327 1952 1460 1984 exitium
1472 1952 1502 1983 en·
1516 1952 1673 1992 cognitum
1685 1957 1736 1984 est

286 1998 369 2026 certo
382 1995 495 2031 indice,
518 1994 651 2026 tenebrae
665 1994 818 2025 invadunt
830 1992 967 2024 animum
988 1992 1054 2031 ejus
1068 1996 1098 2024 et
1117 1993 1239 2025 oculos.-
1261 1997 1328 2025 tum
1340 1997 1480 2026 concreto
1491 1995 1652 2037 «unguine,
1671 2004 1734 2026 una

894 2087 1130 2100 eeeeeeeeeeee

286 2174 361 2204 gam
374 2165 583 2201 miserantur,
606 2164 689 2195 Exc.
707 2163 851 2195 eantab.
855 2163 971 2203 fugam
984 2165 1148 2204 mirantur,
1162 2164 1222 2196 sed
1236 2164 1279 2195 ab
1290 2164 1357 2196 alia
1371 2173 1472 2196 manu
1487 2168 1690 2197 correctum.
1691 2181 1736 2188 —-

287 2210 330 2239 32
354 2207 453 2238 Fama
467 2216 523 2247 per
538 2206 696 2240 Inachiam
711 2205 917 2237 membranae
932 2205 1085 2245 Barthii5
1107 2207 1218 2248 ‘quod
1232 2207 1260 2238 si
1270 2206 1409 2246 placet:
1421 2206 1530 2248 inquit
1541 2207 1610 2246 ille,
1623 2207 1634 2226 ‘
1644 2216 1735 2238 eam-

290 2259 352 2288 pus
382 2250 571 2280 exercitum
596 2247 719 2279 notat!
741 2247 877 2279 Aonium
902 2248 1010 2279 rabido
1037 2249 1128 2280 Dan.
1130 2251 1215 2280 -36
1236 2248 1390 2288 Deriguit
1415 2258 1500 2280 uuus
1525 2247 1647 2281 Beho't.
1649 2251 1737 2280 -39

288 2291 405 2322 ‘Male
419 2292 488 2328 hic,
501 2295 538 2322 nt
550 2299 650 2330 supra
659 2290 778 2331 (Theb.
795 2298 876 2322 vm.
886 2292 962 2322 718.
966 2291 1026 2329 >in
1040 2291 1159 2322 eadem
1176 2300 1271 2329 voce,
1284 2290 1357 2322 libri
1373 2290 1594 2332 manuscripti
1609 2290 1740 2322 actore?

290 2333 499 2365 Barth—40
523 2332 662 2364 Behott.
681 2335 710 2364 1.
733 2335 764 2363 2.
781 2335 854 2364 tunc
878 2333 1203 2374 sanguinefixo.—41
1230 2333 1353 2374 Margo
1369 2333 1424 2364 ed.
1439 2333 1558 2365 Barth.
1573 2341 1616 2365 ex
1633 2332 1735 2365 codd.

946 2423 1084 2456 NOTAE

332 2497 374 2526 28
391 2495 585 2527 Ince-starum
599 2495 717 2537 avium]
733 2495 878 2528 Incestae
895 2505 988 2537 uvea,
1040 2496 1145 2528 nimia
1168 2496 1274 2528 virtus
1291 2490 1426 2537 semper
1442 2496 1556 2528 reddit
1570 2497 1738 2537 incautos,

290 2555 366 2587 quae
379 2554 523 2586 corpora
537 2550 746 2595 mortuoram
762 2545 934 2578 devorant.
1040 2549 1100 2578 aut
1129 2547 1207 2587 quia
1236 2547 1408 2593 interdum
1436 2547 1579 2579 consilio
1607 2553 1735 2579 careat.

331 2597 374 2627 29
395 2594 606 2635 Sinefunere]
629 2595 709 2627 Sine
733 2594 845 2628 officio
869 2596 986 2628 mortis
1049 2595 1211 2637 Vetatque]
1249 2595 1459 2628 Incredibile
1484 2596 1574 2628 enim
1599 2596 1737 2628 videba-

290 2654 350 2676 seu
363 2645 548 2686 sepultura.
1040 2650 1097 2678 tur
1113 2650 1180 2677 tam
1192 2644 1410 2678 fortissimum
1425 2646 1535 2678 virum
1548 2646 1660 2688 perire
1677 2656 1737 2688 poe

331 2697 371 2726 31
398 2693 577 2734 Plawsibus]
600 2693 740 2726 Alarum
765 2696 898 2736 supple.
1038 2696 1154 2728 tuisse.

331 2746 374 2775 38
400 2744 495 2775 Credi
510 2745 603 2776 letum
616 2745 799 2785 suadetque]
823 2745 887 2777 Vel
906 2745 983 2786 quia
1046 2750 1051 2753 “
