1846 3120
289 241 404 284 1556
780 251 821 281 P.
853 249 1043 281 ΡΑΡιΝιι
1077 248 1245 280 s'rA'ru

290 348 509 398 Claustra,
528 360 611 389 nec
630 345 861 388 undisonae
878 357 989 400 quos
1008 343 1165 387 circuit
1181 343 1314 386 umbo
1332 343 1518 395 Maleae,

291 415 381 457 Sed
398 415 555 469 procul
576 416 752 464 amotae,
769 412 938 468 Phryxi
956 425 1045 467 qua
1066 412 1223 455 semita
1232 411 1360 466 jungi

288 482 601 535 Europamque
623 478 867 534 Asiamque
885 482 1019 530 vetat,
1041 491 1242 534 quasque
1265 478 1413 520 ordine
1432 480 1580 533 gentes
1647 477 1738 523 41⁰

291 548 457 590 Littore
478 547 698 602 Abydeno
718 547 851 588 maris
875 547 1025 600 alligat
1042 546 1161 588 unda
1182 546 1371 600 superni.
1777 541 1788 545 ”

291 614 452 657 Fervet
472 627 596 656 amor
614 615 731 667 belli,
752 619 1082 668 concussasque
1101 614 1228 666 erigit
1243 613 1388 654 urbes.

291 681 400 723 AEra
419 681 600 724 domant
618 682 842 724 Temesae:
874 682 1068 736 quatitur
1086 681 1320 726 navalibus
1338 693 1417 722 ora

291 748 482 791 Eubois:
511 749 734 790 innumera
753 752 957 789 resonant
975 747 1130 789 incude
1153 746 1384 802 Mycenae:

291 814 403 857 Pisa
419 819 557 856 novat
576 827 750 857 currus:
782 814 950 856 Nemee
971 815 1046 857 dat
1065 818 1184 868 terga
1201 814 1415 856 ferarum:
1651 813 1739 856 415

292 933 420 964 cludunt
442 933 554 965 bimari
582 942 710 974 aggere,
733 936 788 965 aaa
811 943 883 975 quos
907 933 1147 975 promontorium
1170 933 1287 964 Maleoe
1309 933 1449 964 sonantis
1472 931 1559 964 illisu
1580 931 1738 974 flnctuum

292 975 532 1015 comprehendit,
553 978 606 1008 sed
632 978 722 1015 longe
750 977 870 1007 dissitae
891 976 1042 1015 nationes,
1066 986 1127 1016 qua
1151 976 1307 1016 angustia?
1325 975 1448 1016 Phryx-i
1470 974 1632 1015 prohibent
1655 973 1739 1006 wire

292 1017 403 1049 Asiam
424 1019 630 1058 Europamee,
656 1021 688 1049 et
712 1018 788 1054 illoe.
812 1028 888 1059 quas
913 1027 994 1059 aqua
1018 1017 1187 1059 superioris
1210 1017 1302 1058 ponti
1329 1027 1392 1049 nnn
1415 1016 1620 1049 continuitate
1647 1016 1745 1053 nutrit-

292 1061 334 1090 αα
366 1060 468 1099 ripam
495 1060 690 1102 Abydenum.
747 1061 868 1101 Cupido
893 1069 1048 1092 armorum
1071 1063 1197 1099 aestuat,
1225 1064 1253 1091 et
1280 1059 1373 1101 effert
1399 1062 1564 1091 commotus
1586 1058 1738 1090 civitates.

294 1101 450 1133 Themesoe
475 1112 519 1133 aes
548 1103 713 1142 subigunt.-
747 1103 915 1134 Euboicum
940 1103 1030 1133 littus
1053 1102 1228 1134 concutitur
1255 1101 1464 1140 fabricatione
1484 1100 1627 1133 natium:
1661 1101 1737 1142 My-

293 1153 376 1175 cenoe
400 1148 542 1176 resonant
564 1145 734 1177 innumeris
759 1144 936 1177 incudibus.-
964 1144 1043 1176 Pisa
1068 1147 1223 1176 restaurat
1245 1153 1372 1176 currus:
1402 1144 1517 1176 Nemee
1537 1143 1656 1185 prebet
1674 1145 1740 1175 ter-

899 1241 999 1254 ”m

293 1303 357 1336 Sed
367 1307 474 1346 procul
487 1306 614 1346 admoti,
629 1307 682 1338 vel
697 1307 834 1338 ammoti.
861 1307 954 1338 Dan.
968 1306 1049 1339 Put.
1065 1306 1187 1338 Petav.
1203 1305 1352 1346 Lipsian.
1367 1304 1472 1344 Lang.
1488 1304 1590 1336 Lanr.
1604 1302 1738 1336 Buslid.

295 1346 398 1379 Aldd.
414 1348 524 1380 Colin.
538 1348 670 1390 Gryph.
685 1349 791 1381 Basil.
808 1350 924 1381 Plant.
941 1348 1038 1380 Lind.
1054 1352 1090 1380 et
1106 1349 1207 1380 Crnc.
1231 1347 1321 1379 Vide
1336 1347 1419 1379 Not.
1434 1347 1625 1378 Van—412
1649 1346 1738 1378 Dan.

294 1388 421 1422 Petav.
446 1391 678 1433 Lindenbrog.
701 1395 738 1423 et
763 1392 866 1424 Cruc.
888 1392 1215 1432 conclususque—413
1238 1390 1318 1421 AEru
1339 1392 1451 1421 sonant
1475 1389 1584 1430 Laug.
1598 1392 1637 1420 'et
1652 1388 1738 1420 Exc.

910 1526 914 1530 ,
948 1485 1093 1519 No'rAE

294 1563 387 1596 unde
426 1563 585 1605 procedit
619 1565 886 1606 Peloponnesus.
936 1564 991 1596 Ibi

294 1619 349 1646 est
363 1614 508 1645 latitudo
525 1615 674 1656 quinque
690 1615 831 1646 millium
847 1617 990 1646 tantum.

296 1665 425 1696 Bimnri
438 1665 534 1705 vallo]
550 1665 801 1706 Intelligithinc
813 1664 992 1696 Lechaeum

295 1715 578 1756 promontorium,
589 1714 682 1745 illinc
696 1723 776 1746 vero
791 1713 992 1745 Cenchreas.

295 1764 439 1804 Rimari]
475 1763 563 1796 Quia
591 1763 713 1795 Isthmi
738 1764 849 1796 latera
877 1761 992 1804 AEgaeo

295 1814 382 1845 mari
398 1817 434 1845 et
450 1813 547 1846 Ionio
563 1814 760 1846 ablnuntur.

339 1865 406 1895 408
433 1863 546 1904 Umbo]
573 1863 829 1905 Metaphoriccaes
856 1864 992 1896 dorsum

298 1916 335 1943 et
350 1916 481 1943 tractus
495 1913 730 1952 promontorii.
763 1912 894 1953 Μαῖρα]
909 1913 992 1944 Pro-

297 1961 502 1992 montorinm
526 1962 693 2003 Laconiae,
716 1972 795 2004 qno,
819 1966 857 1994 nt
873 1962 993 1994 scribit

297 2010 444 2050 Plinius,
458 2014 532 2042 tota
546 2009 620 2042 fere
635 2012 730 2052 regio
745 2012 943 2044 includitur.

341 2062 406 2091 409
429 2060 557 2101 Phryxi
571 2070 630 2101 qua
644 2061 766 2099 semita,
776 2061 847 2102 ξω]
868 2061 910 2093 Id
927 2065 992 2103 est,

300 2108 546 2150 Hellespontus
558 2111 599 2141 ab
615 2110 717 2143 Helle
732 2111 863 2152 Phryxi
879 2121 992 2143 sorore

298 2159 503 2191 nominatus.
544 2160 634 2193 Vide
648 2161 753 2193 Theb.
769 2171 801 2193 v·
815 2164 892 2194 475.
935 2161 994 2193 Se-

298 2209 393 2250 mita]
403 2210 493 2243 Quia
506 2209 751 2252 Hellespontus
762 2215 894 2252 septem
910 2211 995 2243 dnn-

298 2262 397 2290 taxat
421 2258 554 2300 stadiis,
570 2265 609 2291 ut
628 2260 700 2301 jam
716 2261 876 2301 diximus,
890 2262 997 2293 Euro-

298 2318 379 2350 pam
405 2308 448 2340 ab
469 2308 552 2341 Asia
566 2310 708 2351 dirimit,
721 2311 790 2344 illic
804 2312 931 2344 habens
946 2311 996 2343 in-

299 2363 356 2390 ter
383 2368 420 2390 se
450 2360 625 2400 oppositas
649 2361 764 2402 urbes,
792 2362 827 2393 in
856 2362 995 2403 Europa

300 2408 485 2450 Callipolin
501 2414 537 2441 et
553 2409 687 2452 Seston,
704 2410 739 2442 in
762 2410 845 2443 Asia
871 2410 995 2452 Lamp-

299 2466 415 2489 sacum
432 2462 468 2489 et
481 2457 638 2499 Abydon.

340 2510 404 2539 411
427 2507 551 2539 Μίτυν-ε
578 2507 743 2550 Abydeno]
783 2508 966 2542 Exclusive
982 2520 993 2549 ;

300 2566 378 2588 nam
396 2556 537 2597 Abydos
554 2558 587 2589 in
606 2558 686 2590 Asia
700 2562 765 2591 est.
793 2559 899 2591 Maris
912 2560 994 2591 unda

300 2606 440 2647 superni]
463 2607 660 2648 Propontis.

343 2658 406 2687 413
437 2657 582 2697 Temesoe]
614 2658 702 2689 Urbs
721 2662 772 2690 est
787 2659 996 2700 Brutiornm,

301 2715 403 2745 quam
433 2705 574 2738 Ausonii
610 2708 850 2749 condiderunt,
886 2710 998 2741 Latini

301 2755 476 2788 'semesam
502 2756 727 2790 nominarunt.
773 2758 827 2791 Ibi
849 2758 998 2792 aerifodi·

1044 1574 1110 1604 nee,
1141 1573 1218 1605 quae
1245 1567 1368 1605 postea
1393 1561 1606 1595 defecerunt.
1649 1560 1740 1594 Vide

1045 1614 1178 1655 Equum
1195 1613 1379 1644 Domitiani
1398 1622 1445 1644 vs.
1460 1614 1516 1644 42.
1557 1611 1642 1643 Erat
1655 1616 1691 1642 et
1705 1610 1741 1642 in

1044 1664 1159 1705 Cypro
1183 1663 1261 1694 urbs
1276 1663 1429 1704 ejusdem
1444 1662 1602 1702 nominis,
1615 1662 1674 1694 ubi
1695 1672 1742 1694 se-

1044 1715 1090 1746 ris
1119 1714 1258 1746 metalla
1282 1713 1385 1745 etiam
1409 1712 1600 1746 abundasse
1620 1712 1743 1745 scribit

1043 1765 1180 1797 Strabo.
1196 1803 1200 1808 .
1223 1763 1411 1805 Navalibaoe]
1441 1764 1587 1796 Navalia
1602 1763 1742 1806 proprie

1044 1814 1122 1846 loca
1136 1813 1195 1846 nbi
1218 1813 1432 1846 aedificantur
1453 1822 1568 1854 naves,
1596 1818 1634 1846 et
1659 1813 1748 1845 reti-

1046 1867 1181 1895 nentur.
1235 1863 1304 1895 Hic
1326 1873 1390 1904 pro
1417 1862 1559 1894 navibus
1585 1865 1745 1904 usurpat.

1049 1914 1116 1944 Ora
1144 1912 1275 1953 Eubois]
1311 1913 1400 1945 Nam
1425 1913 1468 1944 ad
1491 1911 1648 1944 Aulidem
1671 1911 1741 1943 Eu-

1045 1962 1131 1995 boeae
1147 1963 1266 1994 urbem
1281 1971 1397 1995 omnes
1413 1971 1518 1993 naves
1539 1961 1742 1993 Graecorum

1046 2016 1287 2044 convenerant.
1335 2011 1468 2043 Euboea
1494 2015 1607 2043 autem
1631 2010 1742 2044 insula

1047 2065 1116 2093 tam
1130 2071 1236 2102 parvo
1258 2061 1379 2102 euripo
1395 2059 1544 2092 discreta
1559 2069 1581 2092 a
1594 2059 1744 2097 Boeotia‚

1047 2117 1086 2144 ut
1101 2116 1206 2154 ponte
1216 2113 1434 2154 jungeretur,

1087 2165 1152 2194 414
1174 2162 1336 2203 Mycenoe]
1359 2162 1450 2194 Urbs
1467 2160 1652 2203 Argeum,
1665 2171 1742 2203 pro-

1047 2221 1092 2253 pe
1107 2211 1231 2252 Argos,
1257 2212 1378 2253 haeque
1394 2212 1470 2244 dnae
1484 2212 1585 2244 urbes
1599 2217 1748 2254 propter-

1048 2262 1198 2294 locornm
1225 2262 1433 2294 vicinitatem
1454 2262 1620 2293 alterutro
1635 2261 1743 2292 nomi-

1049 2321 1093 2343 ne
1123 2321 1215 2353 saepe
1236 2317 1412 2344 *vocantur
1437 2322 1458 2343 a
1484 2310 1742 2352 Tragoediarnm

1048 2361 1281 2403 scriptoribus.
1310 2362 1425 2403 Regia
1440 2361 1506 2394 fuit
1519 2360 1744 2403 Agamemno-

1049 2421 1111 2443 nis.
1535 2429 1537 2431 -

1089 2463 1152 2493 415
1175 2459 1269 2501 Pisa]
1288 2460 1381 2493 Urbs
1392 2460 1512 2501 Elidis,
1529 2460 1625 2502 regia
1638 2461 1744 2493 (Βαο-

1045 2510 1124 2551 mai,
1153 2519 1260 2551 prope
1285 2510 1469 2551 Alpheum,
1490 2516 1573 2543 nota
1595 2510 1746 2543 celebra·

1047 2559 1140 2591 tione
1169 2560 1326 2592 ludorum
1357 2560 1626 2602 Olympicornm.
1679 2560 1745 2592 Ne-

1046 2608 1125 2649 mee]
1152 2609 1255 2650 Sylva
1282 2610 1317 2641 in
1346 2609 1497 2642 Arcadia
1525 2611 1616 2642 inter
1645 2610 1744 2642 Cleo-

1048 2668 1107 2690 nas
1124 2663 1160 2690 et
1182 2659 1391 2699 Phliuntem,
1417 2661 1450 2691 in
1474 2669 1542 2701 qua
1575 2659 1743 2691 Hercules

1049 2709 1184 2740 leonem
1213 2709 1392 2741 Nemaeum
1424 2709 1564 2742 occidit.
1627 2708 1745 2750 Terga]

1051 2758 1134 2795 Pro,
1155 2764 1299 2800 tergora.
1331 2759 1499 2801 Ferarum]
1532 2760 1682 2793 Leonum
1706 2763 1744 2790 et
