1846 3120
226 222 337 265 1304

728 231 767 263 Ρ.
802 229 993 262 PAPlNll
1026 227 1190 263 STATH

228 326 371 370 Dulce
391 325 531 366 nitent
554 324 689 374 visuS,
709 326 766 372 et,
788 336 903 378 quas
924 323 1048 365 dolet
1068 324 1168 379 ipse
1187 325 1365 376 morari,

227 391 440 434 Nondum
463 394 644 432 mutatae
665 403 793 432 rosea
813 390 1018 443 lanugine
1038 390 1193 450 malae..

228 459 326 501 Nec
346 457 498 499 formae
520 457 606 498 sibi
627 456 757 498 laude
778 458 940 511 placet,
959 446 1238 514 multumqtie
1256 459 1423 501 severis

227 524 426 579 Asperat
446 538 524 566 ora
544 524 696 566 minis:
726 524 803 566 sed
822 524 976 566 frontis
997 530 1140 568 servat
1158 525 1367 567 honorem

230 594 306 635 Ira
326 593 510 634 decens:
543 592 620 634 dat
639 596 795 647 sponte
814 592 959 634 locum
978 593 1191 635 Thebana
1202 593 1426 645 juventuS,

1593 525 1694 585 ⁷⁰55

231 661 452 703 Natorum
470 671 698 709 memores»,
720 659 971 713 intentaque
995 660 1085 701 tela
1103 663 1380 715 retorquent:

231 727 321 769 Sed
342 727 512 781 premit,
529 730 574 768 et
593 738 739 767 saevas
760 726 1064 767 miserantibus
1083 726 1237 780 ingerit
1253 727 1420 769 hastas.

231 795 364 837 Illum
383 799 428 835 et
450 793 645 835 Sidoniae
660 793 772 847 juga
791 805 867 847 per
884 793 1152 835 Theumesia
1170 794 1375 849 nymphae

231 858 493 911 Bellantem,
513 865 647 915 atque
666 861 769 915 ipso
790 860 949 902 sudore
970 866 1015 903 et
1036 861 1216 914 pulvere
1237 865 1409 916 gratum

233 930 452 979 Laudant,
472 933 518 970 et
537 928 680 970 tacito
701 927 866 968 ducunt
888 927 1082 982 suspiria
1099 931 1219 971 voto.

1598 862 1684 904 ’710

231 997 363 1038 Talia
384 996 579 1037 cernenti
601 995 720 1036 mitis
737 994 855 1036 subit
874 995 965 1036 alta
988 994 1145 1036 Dianae

233 1061 382 1106 Corda
403 1063 542 1113 dolor,
562 1062 754 1115 fletuque
774 1074 907 1115 genas
928 1061 1109 1111 violata,
1130 1059 1280 1112 Quod,
1301 1061 1456 1117 inquit,

234 1131 280 1174 N
284 1145 368 1173 unc
386 1130 483 1179 tibi,
504 1129 624 1184 quod
643 1129 721 1170 leti
741 1141 932 1182 quaeram
954 1128 1053 1170 Dea
1073 1128 1162 1170 fida
1182 1129 1420 1184 propinqui

241 1197 488 1252 Effugium‘?
519 1197 670 1238 haecne
691 1197 803 1237 ultro
824 1196 1072 1250 properasti
1093 1196 1149 1238 ad
1172 1196 1495 1250 praelia,⁴saeve-

237 1266 307 1308 Ac
323 1264 565 1307 miserande
586 1263 724 1318 puer?
755 1264 891 1305 cruda
904 1264 991 1305 heu
1013 1263 1261 1318 festinaque
1280 1263 1419 1307 virtus
1472 1274 1487 1297 ’-

1601 1197 1703 1272 7155

239 1333 407 1383 Suasit,
427 1335 471 1374 et
489 1332 706 1374 hortatrix
728 1331 917 1373 animosi
939 1332 1080 1386 gloria
1099 1331 1189 1374 leti.

1819 124 1826 147 κ.
1818 80 1832 107 ;ι.

237 1449 358 1490 blande,
372 1461 408 1483 ac
422 1452 502 1483 ocuti
516 1451 615 1483 radiis
630 1454 823 1484 coruscantes
838 1452 946 1484 blande
960 1452 1074 1491 lucent,
1095 1455 1126 1484 et
1149 1461 1311 1493 purpurea?
1322 1461 1413 1492 genae
1425 1451 1558 1484 nondum
1571 1450 1702 1483 indute,

238 1494 399 1534 lanugine,
414 1504 504 1535 quoem
517 1494 578 1536 ipsi
595 1504 692 1534 grace
706 1498 752 1526 est
767 1495 899 1527 tardari.
946 1495 1012 1526 Nec
1025 1493 1086 1526 sibi
1099 1498 1245 1534 gratatur
1265 1494 1418 1536 proeconio
1436 1493 1702 1536 pulchritudinisf.

238 1539 270 1566 et
286 1537 375 1568 valde
396 1537 509 1578 efferat
522 1537 641 1576 faciem
655 1537 767 1569 severis
782 1537 886 1573 minis,
910 1537 965 1569 sed
987 1540 1083 1576 grata
1095 1537 1250 1576 ferocitas
1262 1537 1383 1576 frontis
1402 1537 1541 1569 decorem
1562 1536 1689 1568 retinet.

240 1572 377 1610 Thebani
389 1580 517 1618 faciunt
532 1580 561 1611 ci
575 1581 657 1611 ultro
671 1580 767 1618 viam,
788 1579 944 1611 recordati
966 1579 1131 1611 liberorum
1148 1589 1283 1619 suorum,
1304 1582 1334 1611 et
1351 1581 1499 1612 revocant
1516 1577 1691 1612 destinatas

239 1621 385 1660 sagittas.
428 1622 493 1654 Sed
518 1622 628 1660 instat,
652 1626 683 1654 et
707 1622 812 1660 injicit
837 1622 975 1654 crudeles
1000 1622 1106 1654 hastas
1128 1622 1336 1662 parcentibus.
1379 1622 1475 1654 Illum
1488 1625 1520 1654 et
1537 1621 1701 1663 Nymphoe.

240 1663 391 1697 Thebanae
405 1665 437 1696 in
452 1664 657 1696 cacuminibus
672 1664 833 1696 Theumesi
856 1665 990 1698 laudant,
1006 1667 1211 1705 pugnantem,
1226 1668 1256 1696 et
1270 1667 1432 1699 venustum
1445 1664 1638 1706 ipsosudore
1658 1665 1703 1698 et.-

236 1706 374 1746 pulvere‚
389 1710 418 1737 et
433 1707 593 1748 suspirant
615 1708 730 1738 occulto
744 1707 906 1738 desiderio.
950 1707 1068 1738 Dianoe
1082 1707 1147 1739 hoec
1160 1707 1482 1749 aspicientitsplacidus
1494 1706 1581 1739 dolor
1597 1707 1691 1746 pene-

239 1751 304 1780 trat
324 1749 510 1789 profundum
530 1752 711 1789 pectusyet
732 1750 820 1781 vultu
844 1753 990 1781 temerato
1012 1751 1177 1791 lucrymis.-
1206 1750 1390 1792 Quemnam,
1406 1749 1520 1789 inquit,
1537 1747 1692 1782 nunatibi

237 1792 407 1831 procurabo
422 1792 493 1823 Dea
505 1792 578 1833 fida
593 1792 711 1823 exitum
726 1801 744 1822 a
760 1795 859 1823 morte
879 1792 1026 1834 proxima
1037 1791 1053 1824 ¹!
1096 1791 1149 1823 Aa
1165 1793 1258 1824 hasne
1267 1801 1392 1832 pugnas
1405 1790 1695 1832 sponteseetinasti,

241 1833 375 1867 crudelis
390 1837 421 1866 et
436 1835 621 1875 deplorande
635 1833 833 1868 adolescens?
879 1834 955 1866 Heu
967 1843 1098 1876 propera
1112 1837 1143 1866 et
1158 1835 1324 1866 immatura
1337 1834 1451 1870 virtus,
1466 1837 1496 1866 et
1511 1833 1607 1866 honor
1620 1842 1703 1865 sua--

847 1912 1091 1926 eeeeeeeeee

240 1970 378 2006 mentes;
401 1967 522 2001 Behot.
538 1971 571 2000 2.
594 1968 730 2000 nitentes
737 1978 750 2006 ;
774 1968 890 1999 Burm.
915 1976 975 2008 pro
992 1977 1023 2000 v.
1037 1968 1060 1999 1.
1081 1971 1228 2000 meantes.
1269 1966 1391 1999 Lectio
1418 1969 1583 1999 trementes
1604 1966 1694 1999 Bur-

240 2019 362 2041 manno
380 2010 521 2050 placuit.
545 2009 600 2042 Cf.
618 2011 778 2051 Propert.
795 2019 840 2042 iv.
854 2013 887 2042 6.
903 2013 956 2043 26.
971 2010 1019 2042 ibi
1035 2010 1226 2042 Bronkhus.
1243 2014 1277 2042 et
1292 2011 1428 2048 Passer.
1445 2010 1519 2042 Cic.
1532 2009 1651 2042 Divin.
1666 2019 1692 2041 ι.

243 2055 295 2084 11.
311 2058 347 2084 et
360 2053 463 2086 Theb.
481 2062 521 2085 11.
536 2056 611 2085 505.
626 2063 757 2085 necnon
772 2053 890 2084 Barth.
908 2053 949 2085 ad
968 2054 1105 2085 Nemes.
1124 2054 1196 2085 Ecl.
1215 2062 1256 2084 11.
1278 2055 1441 2085 76.-702
1476 2052 1578 2084 Dulce
1591 2052 1694 2084 nitent

241 2096 322 2126 oculi
336 2095 474 2137 optimae
492 2096 622 2127 Barthii
638 2096 844 2127 membranae
859 2106 868 2127 ι
889 2095 898 2112 ‘
916 2096 1054 2127 Pariter
1070 2096 1124 2128 hic
1141 2096 1322 2128 veritatem
1339 2094 1489 2127 restitnit
1503 2095 1624 2126 uniens
1635 2094 1709 2126 ine·

244 2137 367 2179 codex,
379 2148 470 2180 quam
484 2139 566 2171 dolet
575 2140 641 2180 ipse
653 2139 770 2170 morari
785 2137 991 2171 referendae
1005 2139 1229 2172 Barth.—-712
1253 2137 1292 2170 In
1305 2137 1478 2171 veteribus
1493 2136 1706 2170 membranis,

908 2207 1046 2240 NOTAE

289 2265 353 2294 704
381 2262 447 2294 Nec
477 2261 591 2301 formae
618 2261 679 2293 silei
705 2262 794 2294 laude
826 2261 942 2302 placet]

247 2314 298 2346 Ut
333 2322 407 2355 quoe
441 2311 612 2344 foeminam
645 2313 753 2353 magis
790 2312 948 2352 deceret,

246 2373 350 2406 quam
365 2363 474 2394 virum
489 2372 498 2394 ε
515 2362 593 2394 ideo
609 2362 699 2394 illam
716 2360 879 2393 efferabat
892 2371 945 2393 se-

250 2413 338 2445 veris
363 2413 473 2454 minis,
491 2416 528 2445 et
550 2421 593 2444 ne
614 2412 808 2445 timiditatis
825 2422 946 2454 argue-

249 2466 358 2495 retur.

285 2516 353 2545 '105
378 2514 442 2546 Sed
461 2513 583 2553 frontis
606 2516 709 2545 servat
733 2514 876 2545 honorem
891 2513 948 2544 Ira

248 2563 373 2603 decens]
411 2563 536 2595 Omnia
562 2563 779 2605 pulchrorum
810 2562 951 2604 pulchra

250 2619 341 2654 sunt,
367 2618 406 2645 ut
427 2614 565 2646 dicebat
585 2615 761 2654 Socrates,
786 2618 822 2645 et
838 2619 874 2645 ut
889 2614 950 2646 lib.»

252 2675 303 2697 vra
334 2664 470 2696 dixerat
495 2664 605 2696 Poeta
633 2664 877 2704 Parthenopaei
900 2664 949 2695 la-

250 2724 383 2756 crymas
399 2723 494 2745 snam
509 2714 637 2745 habere
653 2714 815 2754 gratiam,
832 2714 881 2745 sic
896 2713 950 2745 hie

250 2765 336 2798 dicit
352 2764 435 2796 iram
450 2764 522 2805 ejus
543 2765 552 2782 ‘
568 2763 647 2795 Non
662 2763 812 2805 potuisse
825 2762 948 2796 frontis

999 2261 1074 2303 ejus
1091 2264 1305 2293 venustatem
1331 2261 1547 2302 extinguere,
1568 2259 1628 2292 sed
1643 2259 1695 2302 ip·

999 2321 1067 2343 sam
1085 2310 1245 2343 servare.’
1700 2312 1705 2317 ⁴

1042 2364 1105 2393 707
1129 2361 1314 2400 [mentuque
1334 2360 1396 2391 tela
1420 2358 1611 2400 retorquent]
1633 2358 1698 2390 're-

1000 2411 1033 2442 la
1050 2414 1171 2442 contra
1182 2410 1472 2449 Parthenopaeum
1484 2413 1605 2450 parata
1615 2413 1704 2447 arta-r

1003 2461 1044 2493 tis
1059 2461 1132 2501 ejus
1146 2459 1378 2492 misericordia
1396 2462 1613 2491 revocantur.
1702 2474 1704 2476 ·

1043 2513 1107 2542 709
1141 2508 1281 2541 Sidonioe
1318 2507 1476 2550 nymphe]
1515 2507 1698 2540 Thebanae.

1000 2561 1088 2600 Juga
1099 2568 1156 2600 per
1173 2557 1372 2598 Theumesia]
1385 2557 1594 2589 Thenmesus
1605 2565 1700 2589 mons

1002 2609 1159 2649 Boeotiae,
1174 2613 1211 2640 ut
1229 2608 1301 2649 jam
1318 2607 1442 2649 saepius
1457 2607 1614 2639 diximus.

1044 2663 1064 2693 7
1071 2663 1107 2693 11
1133 2660 1177 2691 Et
1204 2659 1299 2691 tacito
1319 2659 1434 2689 ducunt
1459 2657 1595 2699 napata
1616 2656 1701 2697 voto]

1004 2712 1052 2744 Ut
1068 2711 1099 2744 ei
1114 2710 1258 2751 nubant,
1273 2709 1327 2741 vel
1344 2707 1468 2742 vincat.
