1846 3120
654 240 942 274 Tnssnamos
973 242 1071 273 ma.
1103 243 1214 274 vm.
1243 226 1247 230 ’

1550 234 1666 278 1203

159 318 168 328 ¹
193 338 326 382 Talia
343 337 528 381 fatidico
549 340 766 392 peragunt
785 337 986 380 solennia
1004 336 1112 390 regi,

194 405 291 450 Ceu
309 405 529 457 flammaS,
550 405 608 447 ad
628 405 747 448 dona
763 417 887 459 rogo,
907 404 1147 459 tristesque
1165 403 1406 459 rependant

193 473 440 530 Exequias,
458 473 669 529 mollique
688 473 882 515 animam
902 472 1059 515 tellure
1079 478 1311 527 reponant.

1576 474 1663 517 210

193 539 358 586 Fracta
376 541 535 584 dehinc
556 542 747 592 cunctis,
762 553 1007 595 aversaque
1026 544 1213 596 pectora
1232 541 1362 583 bello.

190 610 269 654 sic
286 610 423 653 fortes
439 609 619 665 Minyas
638 609 794 651 subito
808 621 909 651 cum
928 608 1079 650 funere
1094 608 1268 663 Tiphys

190 678 428 730 Destituit,
447 690 538 720 non
556 690 681 720 arma
700 677 847 731 sequi,
867 689 950 718 non
969 677 1078 719 ferre
1098 676 1275 719 videtur

189 745 365 790 Remus
385 759 545 802 aquas,
565 745 743 801 ipsique
760 745 907 787 minus
920 744 1015 800 jam
1038 744 1202 787 ducere
1223 745 1356 788 venti.

189 813 296 861 Jam
314 813 446 858 fessis
465 813 631 868 gemitu
649 812 869 868 paulatim
888 812 1025 855 corda
1047 813 1230 856 levabat

1575 815 1662 859 215

186 954 319 998 (fiune
337 955 471 989 antistes
491 954 581 988 dabit
599 955 736 988 oracula.
783 954 951 994 Peragunt
971 953 1052 986 talia
1076 953 1215 987 solennia
1234 956 1268 987 in
1286 955 1432 989 honorem
1446 957 1535 989 ducis
1561 957 1661 998 vatis,

187 1008 244 1032 m
262 1008 375 1040 mgnum
395 1000 577 1038 accendant,
600 1002 632 1030 et
645 1007 774 1030 munera
796 997 956 1038 injiciant,
979 1008 1016 1030 ac
1030 996 1159 1037 saciant
1173 998 1265 1030 triste
1280 999 1395 1039 sunus,
1416 1003 1509 1041 atque
1523 1001 1660 1032 condant

187 1041 377 1075 animia
394 1043 495 1074 lenem
515 1045 644 1074 imam.
688 1040 812 1072 Dehinc
830 1040 928 1072 animi
949 1041 1149 1073 conciderunt
1172 1042 1326 1080 omnibus,
1346 1047 1377 1075 et
1396 1043 1527 1075 alienati
1547 1047 1622 1076 sunt
1640 1055 1660 1075 a

187 1084 276 1125 bello.

321 1084 379 1118 sic
396 1095 469 1117 cum
489 1084 610 1127 Tiphys
628 1083 766 1116 deseruit
787 1083 916 1124 inopina
936 1087 1036 1116 morte
1058 1085 1277 1125 magnanimos
1293 1086 1436 1128 Minyas,
1450 1086 1581 1118 mimica
1605 1086 1660 1119 in-

186 1128 359 1161 arunt«
370 1128 520 1165 videntur
533 1127 702 1167 nonsungi
714 1127 815 1169 officio
829 1136 896 1166 auo,
906 1130 935 1158 et
951 1136 1057 1159 remus
1070 1127 1239 1168 dedignari
1249 1138 1357 1170 aquas,
1372 1133 1404 1162 et
1418 1130 1481 1170 ipsi
1490 1130 1578 1162 venti
1586 1129 1660 1169 J'am

158 1201 164 1208 .
186 1169 280 1212 “qen
293 1170 409 1204 samri
422 1171 598 1205 velocitate.
631 1169 709 1202 Jam
731 1169 883 1202 moeatitia
905 1171 1015 1202 sedata
1039 1171 1200 1212 colloquiis
1218 1171 1353 1213 pacabat
1368 1173 1488 1205 animos
1496 1172 1660 1214 fatigatos

799 1277 899 1291 ‘0000

902 1278 979 1291 0000
983 1277 1043 1292 000

187 1355 287 1390 Rom.
310 1359 347 1388 et
362 1355 442 1389 edd.
456 1359 716 1390 *εσθαι-209
739 1357 750 1374 ⁴
762 1356 806 1388 In
819 1356 951 1390 duobus
967 1357 1063 1390 libris
1078 1358 1167 1390 male
1181 1357 1348 1399 scriptum
1365 1361 1433 1399 est,
1447 1357 1660 1399 reprendunt!

186 1397 413 1432 Banu—215
435 1399 519 1433 Pm.
541 1403 574 1432 et
596 1401 692 1432 corda
715 1400 959 1434 levaban—223
983 1402 992 1420 ‘
1010 1401 1124 1434 Unum
1140 1402 1205 1434 hoc
1222 1402 1378 1443 verbum,
1400 1401 1561 1442 exordiae,
1591 1410 1659 1432 uno

846 1510 988 1543 NOTAE

185 1577 350 1612 Ceterum
372 1578 512 1611 oracula
533 1578 705 1612 reddebat
731 1578 895 1622 Amphia-

185 1637 265 1660 raus
299 1637 362 1670 per
389 1629 540 1662 somnia:
578 1629 771 1662 vaticinans
803 1631 892 1663 enim

185 1679 393 1713 immittebat
401 1681 533 1714 somnia
546 1681 758 1723 petentibus.
801 1682 892 1714 Vide

184 1729 437 1764 Philostramm
458 1730 495 1763 in
524 1731 596 1764 vita
622 1730 800 1773 Apollonii
829 1733 890 1765 lib.

186 1788 229 1815 n.
251 1783 290 1812 et
306 1780 515 1814 Pausaniam
535 1780 572 1814 in
600 1780 733 1814 Atticis
758 1786 796 1815 et
825 1783 890 1816 Co·

185 1830 375 1871 rinthiacis,
390 1830 451 1864 ubi
467 1829 625 1865 referunt
646 1832 732 1866 ritus
749 1833 809 1875 qui
832 1834 891 1866 ob-

165 1883 315 1916 :servari
350 1883 540 1925 dehebant,
578 1890 765 1928 antequam
805 1896 893 1920 aom-

175 1934 536 1970 manumitterentur.
579 1936 672 1969 Vide
689 1942 725 1969 et
752 1937 892 1970 Plutar-

182 1986 283 2020 eha-
296 1986 334 2019 in
357 1986 522 2028 opusculo
541 1986 588 2019 de
611 1987 759 2020 oraculis
774 1986 891 2021 defici·

181 2036 334 2079 entibus,
358 2041 398 2071 et
423 2036 583 2071 ciceron.
598 2037 644 2070 de
665 2037 892 2072 Divinatione

180 2088 240 2122 lib.
254 2097 282 2121 ι.
295 2087 355 2121 ubi
369 2087 446 2122 haec
458 2087 581 2121 scribit
591 2088 634 2119 :²⁸
643 2087 892 2130 Amphiaraum

182 2138 234 2172 nie
242 2138 427 2172 honoravit
439 2137 533 2172 fama
547 2138 712 2180 Graeciae,
725 2140 825 2172 Deus
850 2144 890 2172 nt

180 2189 384 2229 babet-etin,-
393 2193 498 2232 atque
519 2189 563 2222 ab
588 2194 631 2221 eo
657 2189 732 2231 ejus
753 2191 838 2231 solo,
854 2190 888 2223 in

180 2249 250 2283 quo
272 2243 328 2273 est
359 2240 529 2282 humatus,
559 2241 702 2274 oracula
727 2245 887 2284 peteren-

182 2291 261 2327 tur!

220 2343 287 2374 81⁰
307 2341 462 2384 Mollique
487 2343 627 2376 animam
658 2341 770 2376 tellure
799 2353 888 2386 repo-

178 2393 271 2436 nat]
291 2393 443 2426 Veteres
464 2398 675 2429 mortuorum
689 2395 825 2429 cineres
847 2406 889 2429 ac

179 2451 259 2477 ossa
272 2447 367 2476 terra
394 2444 575 2487 tegebant,
591 2445 808 2488 animamque
830 2455 889 2479 eo-

179 2492 257 2526 dem
270 2494 430 2535 sepulcro
446 2505 515 2527 una
528 2505 605 2528 cnm
622 2505 768 2538 corpore
785 2496 888 2530 condi
902 2526 909 2533 ,

179 2542 388 2579 eredebant:
410 2545 503 2578 unde
524 2550 606 2579 nata
630 2545 758 2587 fausta,
782 2551 819 2579 et
834 2557 887 2580 so-

177 2593 291 2627 lennis
313 2594 404 2628 bene
429 2596 595 2637 precandi
609 2596 797 2638 defunctis,
813 2599 886 2640 qui-

181 2643 244 2678 bua
280 2645 370 2678 bene
400 2646 578 2688 volebant,
607 2646 780 2681 formula:
813 2649 888 2682 ‘Sit

178 2695 244 2728 tibi
254 2699 349 2730 terra
363 2697 476 2740 levis?
486 2699 694 2742 tumulisque
706 2700 887 2742 inscripta.

178 2746 216 2780 8.
234 2747 275 2780 Τ.
293 2748 335 2781 Τ.
353 2749 391 2782 1..
416 2753 454 2782 et
476 2749 712 2792 precabantur
733 2755 888 2792 tenuem,

177 2802 215 2831 et
227 2797 300 2831 nine
314 2798 469 2842 pondere
494 2804 633 2843 terrani,
647 2801 762 2834 levem
778 2801 888 2844 cespi—

950 1585 1034 1622 tem,
1054 1585 1114 1613 aut
1130 1580 1284 1622 cippum,
1301 1583 1337 1612 et
1352 1583 1391 1611 ut
1413 1578 1564 1611 molliter
1579 1589 1657 1612 ossa

948 1631 1136 1671 cubarent3
1161 1634 1321 1671 putantes
1339 1629 1485 1661 animam
1508 1639 1585 1671 quae
1601 1639 1658 1661 eo-

948 1682 1025 1714 dem
1047 1681 1207 1723 sepnlcro
1234 1690 1312 1712 cum
1339 1689 1484 1721 corpore
1500 1680 1659 1712 contine-

946 1732 1063 1772 batur,
1087 1732 1137 1764 sic
1154 1730 1293 1763 facilius
1320 1731 1412 1763 ultro
1427 1731 1588 1774 citroque
1604 1741 1658 1764 re-

945 1783 1094 1815 dituram
1124 1782 1167 1814 ad
1199 1783 1395 1824 sepulcrum
1427 1782 1461 1813 in
1497 1788 1657 1824 parenta-

946 1832 1046 1866 libus.
1091 1832 1227 1866 Quibus
1251 1842 1334 1865 vero
1363 1833 1454 1866 male
1482 1833 1659 1876 volebant,

946 1887 1076 1916 terram
1107 1892 1246 1924 gravem
1272 1888 1309 1915 et
1338 1884 1506 1916 tumulum
1534 1894 1657 1918 onero-

948 1944 1022 1967 sum
1051 1934 1348 1976 imprecabantur,
1362 1945 1430 1977 quo
1455 1935 1569 1967 anima
1599 1935 1658 1969 de-

945 1994 1064 2027 pressa
1077 1985 1177 2017 tarde
1192 1989 1252 2018 aut
1269 1995 1361 2027 aegre
1379 1986 1570 2019 devolaret.

989 2038 1054 2068 212
1090 2035 1238 2078 Minyas]
1276 2035 1506 2077 Argonautas.
1565 2039 1655 2071 Vide

945 2086 1054 2119 Theb.
1080 2096 1114 2119 v.
1170 2086 1284 2119 Subita
1306 2098 1376 2119 cum
1393 2087 1508 2128 funere
1538 2090 1656 2132 Tiphys

945 2137 1122 2179 Destituit]
1146 2137 1309 2170 Valerius
1336 2138 1482 2171 Flaccus
1505 2145 1655 2173 testatur

943 2187 1078 2231 Argon.
1093 2189 1154 2222 lib.
1172 2198 1208 2222 ν.
1231 2189 1366 2231 Tiphyn
1380 2190 1517 2222 clavum
1535 2195 1655 2223 tenen-

935 2243 1014 2272 *tem
1056 2249 1161 2271 manu
1196 2239 1310 2272 subito
1334 2245 1506 2272 mortuum
1534 2241 1657 2283 fuisse,

941 2290 1023 2323 dum
1045 2290 1312 2332 Mariandynum
1345 2291 1379 2322 in
1404 2291 1581 2334 Bithynia,
1605 2293 1655 2325 A-

943 2341 1101 2374 cherusio
1118 2346 1219 2373 antro
1243 2341 1426 2380 celebrem,
1448 2344 1655 2385 appelleret,

943 2391 1141 2434 ibidemque
1155 2392 1312 2432 sepultus
1328 2396 1393 2424 est.
1424 2393 1501 2425 Non
1515 2398 1655 2433 constat

945 2446 1078 2482 tamen,
1101 2452 1145 2474 an
1161 2442 1196 2474 id
1220 2447 1400 2485 antequam
1417 2444 1562 2477 Colchos
1575 2455 1653 2486 per-

942 2494 1102 2526 venirent
1130 2494 1357 2535 Argonautae,
1387 2504 1431 2526 an
1462 2495 1497 2527 in
1525 2496 1652 2536 reditu,

942 2545 1022 2587 quia
1048 2545 1217 2587 Nymphis
1239 2550 1275 2577 et
1292 2545 1493 2578 Herodorus
1506 2547 1654 2587 variant,

942 2603 984 2631 ut
1012 2598 1117 2632 docet
1146 2598 1356 2631 Scholiastes
1386 2599 1563 2642 Apollonii
1592 2600 1652 2632 lib.

944 2658 986 2682 n.

984 2702 1049 2732 213
1073 2699 1189 2742 Arma]
1213 2699 1268 2733 An
1298 2700 1449 2741 nautica,
1475 2701 1564 2741 vela,
1597 2710 1652 2732 ru-

944 2750 1079 2784 dentes.
