<?xml version="1.0" encoding="UTF-8"?>
<!DOCTYPE html PUBLIC "-//W3C//DTD XHTML 1.0 Transitional//EN"
    "http://www.w3.org/TR/xhtml1/DTD/xhtml1-transitional.dtd">
<html xmlns="http://www.w3.org/1999/xhtml" xml:lang="en" lang="en">
 <head>
  <title>
</title>
<meta http-equiv="Content-Type" content="text/html;charset=utf-8" />
  <meta name='ocr-system' content='tesseract 3.04.00' />
  <meta name='ocr-capabilities' content='ocr_page ocr_carea ocr_par ocr_line ocrx_word'/>
</head>
<body>
  <div class='ocr_page' id='page_1' title='image "./operaomniaexedit03statuoft_0428.png"; bbox 0 0 1846 3120; ppageno 0'>
   <div class='ocr_carea' id='block_1_1' title="bbox 241 210 354 254">
    <p class='ocr_par' dir='ltr' id='par_1_1' title="bbox 241 210 354 254">
     <span class='ocr_line' id='line_1_1' title="bbox 241 210 354 254; baseline 0.009 -1"><span class='ocrx_word' id='word_1_1' title='bbox 241 210 354 254; x_wconf 81' lang='lat'>1528</span> 
     </span>
    </p>
   </div>
   <div class='ocr_carea' id='block_1_2' title="bbox 239 315 1693 1040">
    <p class='ocr_par' dir='ltr' id='par_1_2' title="bbox 240 315 1298 370">
     <span class='ocr_line' id='line_1_2' title="bbox 240 315 1298 370; baseline -0.001 -12"><span class='ocrx_word' id='word_1_2' title='bbox 240 316 439 358; x_wconf 80' lang='lat' dir='ltr'><strong>Undabit</strong></span> <span class='ocrx_word' id='word_1_3' title='bbox 459 329 656 370; x_wconf 86' lang='lat' dir='ltr'><strong>campos,</strong></span> <span class='ocrx_word' id='word_1_4' title='bbox 672 315 801 356; x_wconf 89' lang='lat' dir='ltr'><strong>modo</strong></span> <span class='ocrx_word' id='word_1_5' title='bbox 822 327 974 357; x_wconf 82' lang='lat' dir='ltr'><strong>crassa</strong></span> <span class='ocrx_word' id='word_1_6' title='bbox 992 315 1112 357; x_wconf 86' lang='lat' dir='ltr'><strong>exire</strong></span> <span class='ocrx_word' id='word_1_7' title='bbox 1132 315 1298 358; x_wconf 83' lang='lat' dir='ltr'><strong>vetabit</strong></span> 
     </span>
    </p>

    <p class='ocr_par' dir='ltr' id='par_1_3' title="bbox 239 381 1354 432">
     <span class='ocr_line' id='line_1_3' title="bbox 239 381 1354 432; baseline -0.001 -7"><span class='ocrx_word' id='word_1_8' title='bbox 239 383 466 431; x_wconf 86' lang='lat' dir='ltr'><strong>Flumina,</strong></span> <span class='ocrx_word' id='word_1_9' title='bbox 486 386 532 423; x_wconf 88' lang='lat' dir='ltr'><strong>et</strong></span> <span class='ocrx_word' id='word_1_10' title='bbox 551 381 777 424; x_wconf 89' lang='lat' dir='ltr'><strong>Hectoreo</strong></span> <span class='ocrx_word' id='word_1_11' title='bbox 797 381 990 424; x_wconf 81' lang='lat' dir='ltr'><strong>tardabit</strong></span> <span class='ocrx_word' id='word_1_12' title='bbox 1010 381 1167 424; x_wconf 85' lang='lat' dir='ltr'><strong>funere</strong></span> <span class='ocrx_word' id='word_1_13' title='bbox 1189 395 1354 432; x_wconf 84' lang='lat' dir='ltr'><strong>currus,</strong></span> 
     </span>
    </p>

    <p class='ocr_par' dir='ltr' id='par_1_4' title="bbox 241 450 1406 505">
     <span class='ocr_line' id='line_1_4' title="bbox 241 450 1406 505; baseline 0 -13"><span class='ocrx_word' id='word_1_14' title='bbox 241 450 539 505; x_wconf 87' lang='lat' dir='ltr'><strong>Impelletque</strong></span> <span class='ocrx_word' id='word_1_15' title='bbox 559 462 692 491; x_wconf 89' lang='lat' dir='ltr'><strong>manu</strong></span> <span class='ocrx_word' id='word_1_16' title='bbox 712 453 908 499; x_wconf 79' lang='lat' dir='ltr'><strong>nosth,</strong></span> <span class='ocrx_word' id='word_1_17' title='bbox 927 462 1062 503; x_wconf 85' lang='lat' dir='ltr'><strong>opera</strong></span> <span class='ocrx_word' id='word_1_18' title='bbox 1082 450 1220 499; x_wconf 86' lang='lat' dir='ltr'><strong>irrita,</strong></span> <span class='ocrx_word' id='word_1_19' title='bbox 1242 461 1406 492; x_wconf 85' lang='lat' dir='ltr'><strong>muros.</strong></span> 
     </span>
    </p>

    <p class='ocr_par' dir='ltr' id='par_1_5' title="bbox 239 517 1693 638">
     <span class='ocr_line' id='line_1_5' title="bbox 239 517 1693 571; baseline -0.001 -12"><span class='ocrx_word' id='word_1_20' title='bbox 239 517 381 560; x_wconf 87' lang='lat' dir='ltr'><strong>Pelea</strong></span> <span class='ocrx_word' id='word_1_21' title='bbox 393 517 489 571; x_wconf 90' lang='lat' dir='ltr'><strong>jam</strong></span> <span class='ocrx_word' id='word_1_22' title='bbox 509 517 677 559; x_wconf 81' lang='lat' dir='ltr'><strong>desiste</strong></span> <span class='ocrx_word' id='word_1_23' title='bbox 700 517 840 571; x_wconf 90' lang='lat' dir='ltr'><strong>queri,</strong></span> <span class='ocrx_word' id='word_1_24' title='bbox 861 517 1167 571; x_wconf 84' lang='lat' dir='ltr'><strong>thalamosque</strong></span> <span class='ocrx_word' id='word_1_25' title='bbox 1185 517 1393 568; x_wconf 86' lang='lat' dir='ltr'><strong>minores,</strong></span> <span class='ocrx_word' id='word_1_26' title='bbox 1504 537 1505 540; x_wconf 39' lang='lat'>¹</span> <span class='ocrx_word' id='word_1_27' title='bbox 1633 518 1693 563; x_wconf 85' lang='grc'><strong>90</strong></span> 
     </span>
     <span class='ocr_line' id='line_1_6' title="bbox 241 583 1381 638; baseline 0 -13"><span class='ocrx_word' id='word_1_28' title='bbox 241 583 492 626; x_wconf 86' lang='lat' dir='ltr'><strong>Credideris</strong></span> <span class='ocrx_word' id='word_1_29' title='bbox 514 584 742 638; x_wconf 82' lang='lat' dir='ltr'><strong>peperisse</strong></span> <span class='ocrx_word' id='word_1_30' title='bbox 761 583 792 625; x_wconf 84' lang='lat' dir='ltr'><strong>J</strong></span> <span class='ocrx_word' id='word_1_31' title='bbox 795 584 896 626; x_wconf 88' lang='lat' dir='ltr'><strong>ovi:</strong></span> <span class='ocrx_word' id='word_1_32' title='bbox 927 596 1007 625; x_wconf 87' lang='lat' dir='ltr'><strong>nec</strong></span> <span class='ocrx_word' id='word_1_33' title='bbox 1029 583 1170 626; x_wconf 86' lang='lat' dir='ltr'><strong>inulta</strong></span> <span class='ocrx_word' id='word_1_34' title='bbox 1190 583 1381 634; x_wconf 90' lang='lat' dir='ltr'><strong>dolebis,</strong></span> 
     </span>
    </p>

    <p class='ocr_par' dir='ltr' id='par_1_6' title="bbox 240 650 1293 704">
     <span class='ocr_line' id='line_1_7' title="bbox 240 650 1293 704; baseline 0.001 -12"><span class='ocrx_word' id='word_1_35' title='bbox 240 650 460 704; x_wconf 84' lang='lat' dir='ltr'><strong>Cognatis</strong></span> <span class='ocrx_word' id='word_1_36' title='bbox 480 655 599 694; x_wconf 87' lang='lat' dir='ltr'><strong>utere</strong></span> <span class='ocrx_word' id='word_1_37' title='bbox 619 651 770 694; x_wconf 86' lang='lat' dir='ltr'><strong>fretis:</strong></span> <span class='ocrx_word' id='word_1_38' title='bbox 801 651 920 693; x_wconf 89' lang='lat' dir='ltr'><strong>dabo</strong></span> <span class='ocrx_word' id='word_1_39' title='bbox 939 652 1094 693; x_wconf 85' lang='lat' dir='ltr'><strong>tollere</strong></span> <span class='ocrx_word' id='word_1_40' title='bbox 1116 651 1293 702; x_wconf 86' lang='lat' dir='ltr'><strong>fluctus,</strong></span> 
     </span>
    </p>

    <p class='ocr_par' dir='ltr' id='par_1_7' title="bbox 240 717 1472 773">
     <span class='ocr_line' id='line_1_8' title="bbox 240 717 1472 773; baseline 0.001 -14"><span class='ocrx_word' id='word_1_41' title='bbox 240 717 353 760; x_wconf 88' lang='lat' dir='ltr'><strong>Cum</strong></span> <span class='ocrx_word' id='word_1_42' title='bbox 372 717 554 760; x_wconf 88' lang='lat' dir='ltr'><strong>reduces</strong></span> <span class='ocrx_word' id='word_1_43' title='bbox 572 718 736 769; x_wconf 86' lang='lat' dir='ltr'><strong>Danai,</strong></span> <span class='ocrx_word' id='word_1_44' title='bbox 756 722 1053 772; x_wconf 88' lang='lat' dir='ltr'><strong>nocturnaque</strong></span> <span class='ocrx_word' id='word_1_45' title='bbox 1073 720 1197 772; x_wconf 85' lang='lat' dir='ltr'><strong>signa</strong></span> <span class='ocrx_word' id='word_1_46' title='bbox 1216 718 1472 773; x_wconf 85' lang='lat' dir='ltr'><strong>Caphareus</strong></span> 
     </span>
    </p>

    <p class='ocr_par' dir='ltr' id='par_1_8' title="bbox 241 782 1692 1040">
     <span class='ocr_line' id='line_1_9' title="bbox 241 782 1537 840; baseline 0.001 -13"><span class='ocrx_word' id='word_1_47' title='bbox 241 784 419 836; x_wconf 87' lang='lat' dir='ltr'><strong>Exeret,</strong></span> <span class='ocrx_word' id='word_1_48' title='bbox 440 791 485 828; x_wconf 88' lang='lat' dir='ltr'><strong>et</strong></span> <span class='ocrx_word' id='word_1_49' title='bbox 505 786 647 827; x_wconf 90' lang='lat' dir='ltr'><strong>dirum</strong></span> <span class='ocrx_word' id='word_1_50' title='bbox 669 786 835 840; x_wconf 86' lang='lat' dir='ltr'><strong>pariter</strong></span> <span class='ocrx_word' id='word_1_51' title='bbox 856 798 1103 839; x_wconf 77' lang='lat' dir='ltr'><strong>quaeremus</strong></span> <span class='ocrx_word' id='word_1_52' title='bbox 1126 785 1321 828; x_wconf 85' lang='lat' dir='ltr'><strong>Ulixem.</strong></span> <span class='ocrx_word' id='word_1_53' title='bbox 1532 782 1537 785; x_wconf 58' lang='grc'><strong>”</strong></span> 
     </span>
     <span class='ocr_line' id='line_1_10' title="bbox 241 852 1692 906; baseline -0.001 -11"><span class='ocrx_word' id='word_1_54' title='bbox 241 853 460 896; x_wconf 85' lang='lat' dir='ltr'><strong>Dixerat:</strong></span> <span class='ocrx_word' id='word_1_55' title='bbox 491 852 568 894; x_wconf 87' lang='lat' dir='ltr'><strong>illa</strong></span> <span class='ocrx_word' id='word_1_56' title='bbox 587 852 708 906; x_wconf 86' lang='lat' dir='ltr'><strong>gravi</strong></span> <span class='ocrx_word' id='word_1_57' title='bbox 725 852 896 894; x_wconf 89' lang='lat' dir='ltr'><strong>vultum</strong></span> <span class='ocrx_word' id='word_1_58' title='bbox 919 852 1111 894; x_wconf 89' lang='lat' dir='ltr'><strong>demissa</strong></span> <span class='ocrx_word' id='word_1_59' title='bbox 1131 853 1321 906; x_wconf 86' lang='lat' dir='ltr'><strong>repulsa,</strong></span> <span class='ocrx_word' id='word_1_60' title='bbox 1634 854 1692 899; x_wconf 77' lang='grc'><strong>95</strong></span> 
     </span>
     <span class='ocr_line' id='line_1_11' title="bbox 241 918 1529 974; baseline 0.003 -15"><span class='ocrx_word' id='word_1_61' title='bbox 241 918 358 969; x_wconf 82' lang='lat' dir='ltr'><strong>Quae</strong></span> <span class='ocrx_word' id='word_1_62' title='bbox 374 918 469 973; x_wconf 89' lang='lat' dir='ltr'><strong>jam</strong></span> <span class='ocrx_word' id='word_1_63' title='bbox 487 918 632 960; x_wconf 85' lang='lat' dir='ltr'><strong>excire</strong></span> <span class='ocrx_word' id='word_1_64' title='bbox 650 918 825 969; x_wconf 87' lang='lat' dir='ltr'><strong>fretum,</strong></span> <span class='ocrx_word' id='word_1_65' title='bbox 847 922 890 960; x_wconf 92' lang='lat' dir='ltr'><strong>et</strong></span> <span class='ocrx_word' id='word_1_66' title='bbox 910 920 1077 960; x_wconf 89' lang='lat' dir='ltr'><strong>ratibus</strong></span> <span class='ocrx_word' id='word_1_67' title='bbox 1097 919 1266 961; x_wconf 86' lang='lat' dir='ltr'><strong>bellare</strong></span> <span class='ocrx_word' id='word_1_68' title='bbox 1286 920 1473 974; x_wconf 85' lang='lat' dir='ltr'><strong>parabat</strong></span> <span class='ocrx_word' id='word_1_69' title='bbox 1526 960 1529 962; x_wconf 91' lang='lat'>.</span> 
     </span>
     <span class='ocr_line' id='line_1_12' title="bbox 241 985 1206 1040; baseline 0.001 -13"><span class='ocrx_word' id='word_1_70' title='bbox 241 985 410 1036; x_wconf 86' lang='lat' dir='ltr'><strong>Iliacis,</strong></span> <span class='ocrx_word' id='word_1_71' title='bbox 432 986 546 1028; x_wconf 87' lang='lat' dir='ltr'><strong>alios</strong></span> <span class='ocrx_word' id='word_1_72' title='bbox 565 987 723 1028; x_wconf 84' lang='lat' dir='ltr'><strong>iterum</strong></span> <span class='ocrx_word' id='word_1_73' title='bbox 744 991 987 1028; x_wconf 86' lang='lat' dir='ltr'><strong>commenta</strong></span> <span class='ocrx_word' id='word_1_74' title='bbox 1006 991 1206 1040; x_wconf 81' lang='lat' dir='ltr'><strong>paratuS,</strong></span> 
     </span>
    </p>
   </div>
   <div class='ocr_carea' id='block_1_3' title="bbox 741 220 1203 254">
    <p class='ocr_par' dir='ltr' id='par_1_9' title="bbox 741 220 1203 254">
     <span class='ocr_line' id='line_1_13' title="bbox 741 220 1203 254; baseline 0 -3"><span class='ocrx_word' id='word_1_75' title='bbox 741 222 779 251; x_wconf 80' lang='lat' dir='ltr'><strong>P.</strong></span> <span class='ocrx_word' id='word_1_76' title='bbox 815 220 1005 254; x_wconf 73' lang='lat' dir='ltr'><strong>PAlel</strong></span> <span class='ocrx_word' id='word_1_77' title='bbox 1038 220 1203 252; x_wconf 76' lang='lat' dir='ltr'>STATH</span> 
     </span>
    </p>
   </div>
   <div class='ocr_carea' id='block_1_4' title="bbox 238 1108 1693 1450">
    <p class='ocr_par' dir='ltr' id='par_1_10' title="bbox 238 1108 1693 1450">
     <span class='ocr_line' id='line_1_14' title="bbox 241 1108 1691 1153; baseline 0.002 -14"><span class='ocrx_word' id='word_1_78' title='bbox 241 1108 287 1140; x_wconf 73' lang='lat' dir='ltr'><strong>bit</strong></span> <span class='ocrx_word' id='word_1_79' title='bbox 301 1119 394 1150; x_wconf 78' lang='lat' dir='ltr'><strong>agros</strong></span> <span class='ocrx_word' id='word_1_80' title='bbox 409 1111 567 1151; x_wconf 66' lang='lat' dir='ltr'><strong>Troianos,</strong></span> <span class='ocrx_word' id='word_1_81' title='bbox 580 1121 661 1143; x_wconf 82' lang='lat' dir='ltr'><strong>nunc</strong></span> <span class='ocrx_word' id='word_1_82' title='bbox 684 1110 856 1152; x_wconf 79' lang='lat' dir='ltr'><strong>prohibebit</strong></span> <span class='ocrx_word' id='word_1_83' title='bbox 868 1109 971 1150; x_wconf 85' lang='lat' dir='ltr'><strong>fluere</strong></span> <span class='ocrx_word' id='word_1_84' title='bbox 985 1120 1090 1142; x_wconf 76' lang='lat' dir='ltr'><strong>amnes</strong></span> <span class='ocrx_word' id='word_1_85' title='bbox 1106 1112 1236 1152; x_wconf 74' lang='lat' dir='ltr'><strong>repletos</strong></span> <span class='ocrx_word' id='word_1_86' title='bbox 1250 1111 1437 1153; x_wconf 74' lang='lat' dir='ltr'><strong>corporibus,</strong></span> <span class='ocrx_word' id='word_1_87' title='bbox 1452 1115 1485 1144; x_wconf 85' lang='lat' dir='ltr'><strong>et</strong></span> <span class='ocrx_word' id='word_1_88' title='bbox 1498 1113 1605 1144; x_wconf 74' lang='lat' dir='ltr'><strong>reddet</strong></span> <span class='ocrx_word' id='word_1_89' title='bbox 1618 1118 1691 1142; x_wconf 67' lang='lat' dir='ltr'><strong>cm·-</strong></span> 
     </span>
     <span class='ocr_line' id='line_1_15' title="bbox 240 1153 1692 1196; baseline 0.001 -14"><span class='ocrx_word' id='word_1_90' title='bbox 240 1161 310 1182; x_wconf 73' lang='lat' dir='ltr'><strong>rum</strong></span> <span class='ocrx_word' id='word_1_91' title='bbox 325 1162 413 1184; x_wconf 77' lang='lat' dir='ltr'><strong>suum</strong></span> <span class='ocrx_word' id='word_1_92' title='bbox 437 1155 605 1185; x_wconf 81' lang='lat' dir='ltr'><strong>tardiorem</strong></span> <span class='ocrx_word' id='word_1_93' title='bbox 619 1154 767 1185; x_wconf 78' lang='lat' dir='ltr'><strong>cadavere</strong></span> <span class='ocrx_word' id='word_1_94' title='bbox 782 1153 939 1191; x_wconf 80' lang='lat' dir='ltr'><strong>Hectoris,</strong></span> <span class='ocrx_word' id='word_1_95' title='bbox 953 1156 983 1184; x_wconf 83' lang='lat' dir='ltr'><strong>et</strong></span> <span class='ocrx_word' id='word_1_96' title='bbox 999 1163 1091 1184; x_wconf 81' lang='lat' dir='ltr'><strong>manu</strong></span> <span class='ocrx_word' id='word_1_97' title='bbox 1104 1155 1242 1185; x_wconf 76' lang='lat' dir='ltr'><strong>destruet</strong></span> <span class='ocrx_word' id='word_1_98' title='bbox 1261 1164 1377 1194; x_wconf 83' lang='lat' dir='ltr'><strong>muros,</strong></span> <span class='ocrx_word' id='word_1_99' title='bbox 1400 1164 1475 1196; x_wconf 73' lang='lat' dir='ltr'><strong>quos</strong></span> <span class='ocrx_word' id='word_1_100' title='bbox 1494 1164 1573 1186; x_wconf 70' lang='lat' dir='ltr'><strong>vano</strong></span> <span class='ocrx_word' id='word_1_101' title='bbox 1588 1153 1692 1186; x_wconf 74' lang='lat' dir='ltr'><strong>labore</strong></span> 
     </span>
     <span class='ocr_line' id='line_1_16' title="bbox 240 1195 1692 1237; baseline 0.002 -14"><span class='ocrx_word' id='word_1_102' title='bbox 240 1196 480 1227; x_wconf 74' lang='lat' dir='ltr'><strong>construximus.</strong></span> <span class='ocrx_word' id='word_1_103' title='bbox 524 1197 599 1227; x_wconf 81' lang='lat' dir='ltr'><strong>Jam</strong></span> <span class='ocrx_word' id='word_1_104' title='bbox 613 1197 718 1227; x_wconf 78' lang='lat' dir='ltr'><strong>desine</strong></span> <span class='ocrx_word' id='word_1_105' title='bbox 733 1197 833 1237; x_wconf 77' lang='lat' dir='ltr'><strong>queri,</strong></span> <span class='ocrx_word' id='word_1_106' title='bbox 849 1196 927 1236; x_wconf 79' lang='lat' dir='ltr'><strong>quod</strong></span> <span class='ocrx_word' id='word_1_107' title='bbox 944 1195 1036 1227; x_wconf 84' lang='lat' dir='ltr'><strong>Peleo</strong></span> <span class='ocrx_word' id='word_1_108' title='bbox 1050 1196 1201 1236; x_wconf 73' lang='lat' dir='ltr'><strong>nupseris,</strong></span> <span class='ocrx_word' id='word_1_109' title='bbox 1215 1206 1269 1228; x_wconf 82' lang='lat' dir='ltr'><strong>nec</strong></span> <span class='ocrx_word' id='word_1_110' title='bbox 1286 1198 1407 1229; x_wconf 74' lang='lat' dir='ltr'><strong>incuses</strong></span> <span class='ocrx_word' id='word_1_111' title='bbox 1421 1196 1567 1231; x_wconf 72' lang='lat' dir='ltr'><strong>humilius</strong></span> <span class='ocrx_word' id='word_1_112' title='bbox 1581 1195 1692 1228; x_wconf 53' lang='lat' dir='ltr'><strong>matria</strong></span> 
     </span>
     <span class='ocr_line' id='line_1_17' title="bbox 241 1237 1692 1279; baseline 0.002 -13"><span class='ocrx_word' id='word_1_113' title='bbox 241 1237 388 1277; x_wconf 80' lang='lat' dir='ltr'><strong>monium,</strong></span> <span class='ocrx_word' id='word_1_114' title='bbox 410 1238 534 1278; x_wconf 78' lang='lat' dir='ltr'><strong>putabis</strong></span> <span class='ocrx_word' id='word_1_115' title='bbox 552 1238 700 1278; x_wconf 80' lang='lat' dir='ltr'><strong>genuisse</strong></span> <span class='ocrx_word' id='word_1_116' title='bbox 715 1240 752 1269; x_wconf 87' lang='lat' dir='ltr'><strong>de</strong></span> <span class='ocrx_word' id='word_1_117' title='bbox 765 1239 857 1269; x_wconf 88' lang='lat' dir='ltr'><strong>Jove.</strong></span> <span class='ocrx_word' id='word_1_118' title='bbox 902 1238 1009 1269; x_wconf 77' lang='lat' dir='ltr'><strong>Inulta</strong></span> <span class='ocrx_word' id='word_1_119' title='bbox 1026 1248 1085 1269; x_wconf 80' lang='lat' dir='ltr'><strong>non</strong></span> <span class='ocrx_word' id='word_1_120' title='bbox 1106 1239 1260 1270; x_wconf 59' lang='lat' dir='ltr'><strong>maerebis«</strong></span> <span class='ocrx_word' id='word_1_121' title='bbox 1299 1239 1430 1271; x_wconf 70' lang='lat' dir='ltr'><strong>Assume</strong></span> <span class='ocrx_word' id='word_1_122' title='bbox 1450 1239 1692 1279; x_wconf 69' lang='lat' dir='ltr'><strong>consanguineas</strong></span> 
     </span>
     <span class='ocr_line' id='line_1_18' title="bbox 240 1279 1693 1322; baseline 0.003 -14"><span class='ocrx_word' id='word_1_123' title='bbox 240 1288 348 1318; x_wconf 78' lang='lat' dir='ltr'><strong>aquas.</strong></span> <span class='ocrx_word' id='word_1_124' title='bbox 383 1279 493 1311; x_wconf 81' lang='lat' dir='ltr'><strong>Sinam</strong></span> <span class='ocrx_word' id='word_1_125' title='bbox 509 1284 539 1312; x_wconf 86' lang='lat' dir='ltr'><strong>te</strong></span> <span class='ocrx_word' id='word_1_126' title='bbox 553 1282 651 1311; x_wconf 81' lang='lat' dir='ltr'><strong>undas</strong></span> <span class='ocrx_word' id='word_1_127' title='bbox 664 1290 793 1316; x_wconf 79' lang='lat' dir='ltr'><strong>movere,</strong></span> <span class='ocrx_word' id='word_1_128' title='bbox 808 1286 876 1311; x_wconf 83' lang='lat' dir='ltr'><strong>cum</strong></span> <span class='ocrx_word' id='word_1_129' title='bbox 894 1280 1001 1311; x_wconf 79' lang='lat' dir='ltr'><strong>Graeci</strong></span> <span class='ocrx_word' id='word_1_130' title='bbox 1015 1284 1222 1320; x_wconf 79' lang='lat' dir='ltr'><strong>revertentur,</strong></span> <span class='ocrx_word' id='word_1_131' title='bbox 1235 1285 1266 1313; x_wconf 88' lang='lat' dir='ltr'><strong>et</strong></span> <span class='ocrx_word' id='word_1_132' title='bbox 1283 1282 1461 1322; x_wconf 70' lang='lat' dir='ltr'><strong>caphar-eus</strong></span> <span class='ocrx_word' id='word_1_133' title='bbox 1474 1282 1606 1313; x_wconf 78' lang='lat' dir='ltr'><strong>elevabit</strong></span> <span class='ocrx_word' id='word_1_134' title='bbox 1617 1290 1693 1313; x_wconf 86' lang='lat' dir='ltr'><strong>noc-</strong></span> 
     </span>
     <span class='ocr_line' id='line_1_19' title="bbox 242 1322 1692 1367; baseline 0.003 -16"><span class='ocrx_word' id='word_1_135' title='bbox 242 1324 350 1352; x_wconf 75' lang='lat' dir='ltr'><strong>tumus</strong></span> <span class='ocrx_word' id='word_1_136' title='bbox 363 1322 466 1362; x_wconf 77' lang='lat' dir='ltr'><strong>foces,</strong></span> <span class='ocrx_word' id='word_1_137' title='bbox 492 1327 522 1354; x_wconf 82' lang='lat' dir='ltr'><strong>et</strong></span> <span class='ocrx_word' id='word_1_138' title='bbox 546 1333 608 1354; x_wconf 79' lang='lat' dir='ltr'><strong>una</strong></span> <span class='ocrx_word' id='word_1_139' title='bbox 630 1324 825 1363; x_wconf 70' lang='lat' dir='ltr'><strong>insequentur</strong></span> <span class='ocrx_word' id='word_1_140' title='bbox 844 1323 979 1354; x_wconf 77' lang='lat' dir='ltr'><strong>invisum</strong></span> <span class='ocrx_word' id='word_1_141' title='bbox 1000 1323 1153 1363; x_wconf 78' lang='lat' dir='ltr'><strong>Ulyssem.</strong></span> <span class='ocrx_word' id='word_1_142' title='bbox 1195 1324 1344 1356; x_wconf 79' lang='lat' dir='ltr'><strong>Dixerat.</strong></span> <span class='ocrx_word' id='word_1_143' title='bbox 1390 1324 1463 1361; x_wconf 73' lang='lat' dir='ltr'><strong>lun,</strong></span> <span class='ocrx_word' id='word_1_144' title='bbox 1483 1334 1551 1367; x_wconf 78' lang='lat' dir='ltr'><strong>quae</strong></span> <span class='ocrx_word' id='word_1_145' title='bbox 1565 1323 1636 1365; x_wconf 76' lang='lat' dir='ltr'><strong>jum</strong></span> <span class='ocrx_word' id='word_1_146' title='bbox 1657 1331 1692 1356; x_wconf 67' lang='lat' dir='ltr'><strong>ee</strong></span> 
     </span>
     <span class='ocr_line' id='line_1_20' title="bbox 238 1363 1693 1406; baseline 0.003 -14"><span class='ocrx_word' id='word_1_147' title='bbox 238 1364 437 1404; x_wconf 76' lang='lat' dir='ltr'><strong>pra-parabat</strong></span> <span class='ocrx_word' id='word_1_148' title='bbox 451 1366 491 1396; x_wconf 82' lang='lat' dir='ltr'><strong>ad</strong></span> <span class='ocrx_word' id='word_1_149' title='bbox 505 1367 748 1397; x_wconf 78' lang='lat' dir='ltr'><strong>commorendum</strong></span> <span class='ocrx_word' id='word_1_150' title='bbox 762 1374 860 1403; x_wconf 79' lang='lat' dir='ltr'><strong>more,</strong></span> <span class='ocrx_word' id='word_1_151' title='bbox 874 1368 905 1396; x_wconf 86' lang='lat' dir='ltr'><strong>et</strong></span> <span class='ocrx_word' id='word_1_152' title='bbox 920 1366 960 1396; x_wconf 84' lang='lat' dir='ltr'><strong>ad</strong></span> <span class='ocrx_word' id='word_1_153' title='bbox 977 1365 1085 1396; x_wconf 77' lang='lat' dir='ltr'><strong>bellum</strong></span> <span class='ocrx_word' id='word_1_154' title='bbox 1100 1365 1291 1405; x_wconf 81' lang='lat' dir='ltr'><strong>inferendum</strong></span> <span class='ocrx_word' id='word_1_155' title='bbox 1305 1366 1432 1398; x_wconf 76' lang='lat' dir='ltr'><strong>navibus</strong></span> <span class='ocrx_word' id='word_1_156' title='bbox 1444 1366 1569 1406; x_wconf 73' lang='lat' dir='ltr'><strong>Iliacis,</strong></span> <span class='ocrx_word' id='word_1_157' title='bbox 1578 1363 1693 1406; x_wconf 71' lang='lat' dir='ltr'><strong>dejecit</strong></span> 
     </span>
     <span class='ocr_line' id='line_1_21' title="bbox 240 1406 1690 1450; baseline 0.002 -14"><span class='ocrx_word' id='word_1_158' title='bbox 240 1406 360 1437; x_wconf 81' lang='lat' dir='ltr'><strong>vultum</strong></span> <span class='ocrx_word' id='word_1_159' title='bbox 375 1407 412 1438; x_wconf 87' lang='lat' dir='ltr'><strong>ob</strong></span> <span class='ocrx_word' id='word_1_160' title='bbox 423 1408 563 1439; x_wconf 80' lang='lat' dir='ltr'><strong>acerbum</strong></span> <span class='ocrx_word' id='word_1_161' title='bbox 578 1409 745 1449; x_wconf 78' lang='lat' dir='ltr'><strong>repulsam,</strong></span> <span class='ocrx_word' id='word_1_162' title='bbox 760 1411 791 1439; x_wconf 86' lang='lat' dir='ltr'><strong>et</strong></span> <span class='ocrx_word' id='word_1_163' title='bbox 805 1407 987 1447; x_wconf 78' lang='lat' dir='ltr'><strong>excogitans</strong></span> <span class='ocrx_word' id='word_1_164' title='bbox 1002 1417 1109 1438; x_wconf 79' lang='lat' dir='ltr'><strong>rursus</strong></span> <span class='ocrx_word' id='word_1_165' title='bbox 1122 1409 1200 1441; x_wconf 72' lang='lat' dir='ltr'><strong>alias</strong></span> <span class='ocrx_word' id='word_1_166' title='bbox 1213 1412 1308 1450; x_wconf 77' lang='lat' dir='ltr'><strong>artes,</strong></span> <span class='ocrx_word' id='word_1_167' title='bbox 1323 1408 1459 1450; x_wconf 72' lang='lat' dir='ltr'><strong>deflectit</strong></span> <span class='ocrx_word' id='word_1_168' title='bbox 1472 1411 1579 1441; x_wconf 73' lang='lat' dir='ltr'><strong>moesta</strong></span> <span class='ocrx_word' id='word_1_169' title='bbox 1592 1409 1690 1440; x_wconf 75' lang='lat' dir='ltr'><strong>lacer·</strong></span> 
     </span>
    </p>
   </div>
   <div class='ocr_carea' id='block_1_5' title="bbox 847 1490 1086 1504">
    <p class='ocr_par' dir='ltr' id='par_1_11' title="bbox 847 1490 1086 1504">
     <span class='ocr_line' id='line_1_22' title="bbox 847 1490 1086 1504; baseline 0 -1"><span class='ocrx_word' id='word_1_170' title='bbox 847 1490 1086 1504; x_wconf 54' lang='lat' dir='ltr'><strong>‘&#39;O‘OO‘mOO</strong></span> 
     </span>
    </p>
   </div>
   <div class='ocr_carea' id='block_1_6' title="bbox 239 1547 1691 1638">
    <p class='ocr_par' dir='ltr' id='par_1_12' title="bbox 239 1547 1691 1638">
     <span class='ocr_line' id='line_1_23' title="bbox 241 1547 1691 1594; baseline -0.001 -8"><span class='ocrx_word' id='word_1_171' title='bbox 241 1553 296 1586; x_wconf 76' lang='lat' dir='ltr'><strong>dos</strong></span> <span class='ocrx_word' id='word_1_172' title='bbox 319 1554 406 1585; x_wconf 88' lang='lat' dir='ltr'><strong>modo</strong></span> <span class='ocrx_word' id='word_1_173' title='bbox 430 1554 579 1594; x_wconf 79' lang='lat' dir='ltr'><strong>sanguine</strong></span> <span class='ocrx_word' id='word_1_174' title='bbox 596 1554 737 1586; x_wconf 75' lang='lat' dir='ltr'><strong>Teucros.</strong></span> <span class='ocrx_word' id='word_1_175' title='bbox 781 1554 791 1571; x_wconf 82' lang='lat'>‘</span> <span class='ocrx_word' id='word_1_176' title='bbox 809 1552 899 1586; x_wconf 80' lang='lat' dir='ltr'><strong>Quid</strong></span> <span class='ocrx_word' id='word_1_177' title='bbox 916 1552 942 1584; x_wconf 85' lang='lat' dir='ltr'><strong>si</strong></span> <span class='ocrx_word' id='word_1_178' title='bbox 970 1553 1123 1593; x_wconf 67' lang='lat' dir='ltr'><strong>legatur:</strong></span> <span class='ocrx_word' id='word_1_179' title='bbox 1149 1552 1228 1583; x_wconf 84' lang='lat' dir='ltr'><strong>Cum</strong></span> <span class='ocrx_word' id='word_1_180' title='bbox 1242 1556 1313 1584; x_wconf 77' lang='lat' dir='ltr'><strong>tuus</strong></span> <span class='ocrx_word' id='word_1_181' title='bbox 1327 1547 1475 1584; x_wconf 75' lang='lat' dir='ltr'><strong>AEact‘des</strong></span> <span class='ocrx_word' id='word_1_182' title='bbox 1487 1553 1590 1594; x_wconf 76' lang='lat' dir='ltr'><strong>tepido</strong></span> <span class='ocrx_word' id='word_1_183' title='bbox 1603 1553 1691 1584; x_wconf 80' lang='lat' dir='ltr'><strong>modo</strong></span> 
     </span>
     <span class='ocr_line' id='line_1_24' title="bbox 239 1594 1691 1638; baseline 0.001 -12"><span class='ocrx_word' id='word_1_184' title='bbox 239 1595 393 1634; x_wconf 76' lang='lat' dir='ltr'><strong>sanguine</strong></span> <span class='ocrx_word' id='word_1_185' title='bbox 412 1596 560 1628; x_wconf 78' lang='lat' dir='ltr'><strong>Teucrum</strong></span> <span class='ocrx_word' id='word_1_186' title='bbox 578 1596 715 1628; x_wconf 78' lang='lat' dir='ltr'><strong>Undabit</strong></span> <span class='ocrx_word' id='word_1_187' title='bbox 729 1594 873 1638; x_wconf 61' lang='lat' dir='ltr'><strong>campos?</strong></span> <span class='ocrx_word' id='word_1_188' title='bbox 898 1596 1101 1628; x_wconf 86' lang='lat' dir='ltr'><strong>Burm.—-88</strong></span> <span class='ocrx_word' id='word_1_189' title='bbox 1124 1595 1206 1627; x_wconf 90' lang='lat' dir='ltr'><strong>Put.</strong></span> <span class='ocrx_word' id='word_1_190' title='bbox 1229 1595 1367 1627; x_wconf 81' lang='lat' dir='ltr'><strong>tardavit</strong></span> <span class='ocrx_word' id='word_1_191' title='bbox 1381 1595 1596 1634; x_wconf 55' lang='grc' dir='ltr'><strong>[κυρτὼ-97</strong></span> <span class='ocrx_word' id='word_1_192' title='bbox 1619 1596 1630 1615; x_wconf 82' lang='lat'>‘</span> <span class='ocrx_word' id='word_1_193' title='bbox 1648 1595 1691 1628; x_wconf 86' lang='lat' dir='ltr'><strong>In</strong></span> 
     </span>
    </p>
   </div>
   <div class='ocr_carea' id='block_1_7' title="bbox 891 1681 1035 1715">
    <p class='ocr_par' dir='ltr' id='par_1_13' title="bbox 891 1681 1035 1715">
     <span class='ocr_line' id='line_1_25' title="bbox 891 1681 1035 1715; baseline -0.014 0"><span class='ocrx_word' id='word_1_194' title='bbox 891 1681 1035 1715; x_wconf 82' lang='lat' dir='ltr'>NOTAE</span> 
     </span>
    </p>
   </div>
   <div class='ocr_carea' id='block_1_8' title="bbox 241 1745 1693 1841">
    <p class='ocr_par' dir='ltr' id='par_1_14' title="bbox 241 1745 1693 1841">
     <span class='ocr_line' id='line_1_26' title="bbox 283 1745 1693 1788; baseline 0.001 -11"><span class='ocrx_word' id='word_1_195' title='bbox 283 1748 324 1777; x_wconf 86' lang='grc'><strong>87</strong></span> <span class='ocrx_word' id='word_1_196' title='bbox 353 1746 507 1788; x_wconf 82' lang='lat' dir='ltr'><strong>Undabit]</strong></span> <span class='ocrx_word' id='word_1_197' title='bbox 528 1748 598 1780; x_wconf 87' lang='lat' dir='ltr'><strong>Pro</strong></span> <span class='ocrx_word' id='word_1_198' title='bbox 615 1751 624 1766; x_wconf 85' lang='lat'>¹</span> <span class='ocrx_word' id='word_1_199' title='bbox 641 1747 843 1780; x_wconf 86' lang='lat' dir='ltr'><strong>inundabit.’</strong></span> <span class='ocrx_word' id='word_1_200' title='bbox 867 1748 940 1779; x_wconf 91' lang='lat' dir='ltr'><strong>Mo·</strong></span> <span class='ocrx_word' id='word_1_201' title='bbox 994 1748 1126 1780; x_wconf 73' lang='lat' dir='ltr'><strong>credas.</strong></span> <span class='ocrx_word' id='word_1_202' title='bbox 1171 1746 1294 1788; x_wconf 83' lang='lat' dir='ltr'><strong>Inulto]</strong></span> <span class='ocrx_word' id='word_1_203' title='bbox 1317 1746 1405 1778; x_wconf 83' lang='lat' dir='ltr'><strong>Nam</strong></span> <span class='ocrx_word' id='word_1_204' title='bbox 1426 1745 1526 1778; x_wconf 85' lang='lat' dir='ltr'><strong>multi</strong></span> <span class='ocrx_word' id='word_1_205' title='bbox 1549 1745 1693 1779; x_wconf 67' lang='lat' dir='ltr'><strong>Graeco.-</strong></span> 
     </span>
     <span class='ocr_line' id='line_1_27' title="bbox 241 1796 1692 1841; baseline 0.001 -13"><span class='ocrx_word' id='word_1_206' title='bbox 241 1798 280 1829; x_wconf 87' lang='lat' dir='ltr'><strong>do</strong></span> <span class='ocrx_word' id='word_1_207' title='bbox 291 1807 396 1830; x_wconf 76' lang='lat' dir='ltr'><strong>crassa</strong></span> <span class='ocrx_word' id='word_1_208' title='bbox 410 1799 496 1831; x_wconf 77' lang='lat' dir='ltr'><strong>exire</strong></span> <span class='ocrx_word' id='word_1_209' title='bbox 510 1800 626 1832; x_wconf 72' lang='lat' dir='ltr'><strong>vetabit</strong></span> <span class='ocrx_word' id='word_1_210' title='bbox 648 1799 812 1841; x_wconf 70' lang='lat' dir='ltr'><strong>Flumina]</strong></span> <span class='ocrx_word' id='word_1_211' title='bbox 836 1799 939 1831; x_wconf 82' lang='lat' dir='ltr'><strong>Nem·</strong></span> <span class='ocrx_word' id='word_1_212' title='bbox 994 1807 1066 1828; x_wconf 88' lang='lat' dir='ltr'><strong>rum</strong></span> <span class='ocrx_word' id='word_1_213' title='bbox 1087 1797 1272 1829; x_wconf 75' lang='lat' dir='ltr'><strong>redeuntes</strong></span> <span class='ocrx_word' id='word_1_214' title='bbox 1287 1796 1322 1828; x_wconf 91' lang='lat' dir='ltr'><strong>in</strong></span> <span class='ocrx_word' id='word_1_215' title='bbox 1337 1796 1482 1837; x_wconf 82' lang='lat' dir='ltr'><strong>patriam</strong></span> <span class='ocrx_word' id='word_1_216' title='bbox 1498 1797 1594 1837; x_wconf 77' lang='lat' dir='ltr'><strong>gravi</strong></span> <span class='ocrx_word' id='word_1_217' title='bbox 1607 1806 1692 1831; x_wconf 78' lang='lat' dir='ltr'><strong>nau·</strong></span> 
     </span>
    </p>
   </div>
   <div class='ocr_carea' id='block_1_9' title="bbox 234 1848 938 2790">
    <p class='ocr_par' dir='ltr' id='par_1_15' title="bbox 241 1848 726 1888">
     <span class='ocr_line' id='line_1_28' title="bbox 241 1848 726 1888; baseline 0.006 -9"><span class='ocrx_word' id='word_1_218' title='bbox 241 1857 284 1888; x_wconf 88' lang='lat' dir='ltr'><strong>pe</strong></span> <span class='ocrx_word' id='word_1_219' title='bbox 296 1848 514 1883; x_wconf 77' lang='lat' dir='ltr'><strong>multitudIne</strong></span> <span class='ocrx_word' id='word_1_220' title='bbox 526 1850 726 1882; x_wconf 87' lang='lat' dir='ltr'><strong>occisorum.</strong></span> 
     </span>
    </p>

    <p class='ocr_par' dir='ltr' id='par_1_16' title="bbox 239 1898 938 2031">
     <span class='ocr_line' id='line_1_29' title="bbox 283 1898 936 1940; baseline 0.002 -12"><span class='ocrx_word' id='word_1_221' title='bbox 283 1900 326 1928; x_wconf 88' lang='lat'><strong>88</strong></span> <span class='ocrx_word' id='word_1_222' title='bbox 350 1898 504 1930; x_wconf 82' lang='lat' dir='ltr'><strong>Hectoreo</strong></span> <span class='ocrx_word' id='word_1_223' title='bbox 517 1898 648 1940; x_wconf 80' lang='lat' dir='ltr'><strong>funere]</strong></span> <span class='ocrx_word' id='word_1_224' title='bbox 675 1899 825 1930; x_wconf 86' lang='lat' dir='ltr'><strong>Achilles</strong></span> <span class='ocrx_word' id='word_1_225' title='bbox 849 1899 936 1930; x_wconf 89' lang='lat' dir='ltr'><strong>enim</strong></span> 
     </span>
     <span class='ocr_line' id='line_1_30' title="bbox 239 1947 938 1990; baseline 0.003 -12"><span class='ocrx_word' id='word_1_226' title='bbox 239 1947 393 1987; x_wconf 75' lang='lat' dir='ltr'><strong>alligavit</strong></span> <span class='ocrx_word' id='word_1_227' title='bbox 416 1949 529 1980; x_wconf 85' lang='lat' dir='ltr'><strong>currui</strong></span> <span class='ocrx_word' id='word_1_228' title='bbox 555 1959 679 1990; x_wconf 84' lang='lat' dir='ltr'><strong>eorpus</strong></span> <span class='ocrx_word' id='word_1_229' title='bbox 706 1949 880 1989; x_wconf 82' lang='lat' dir='ltr'><strong>Hectoris,</strong></span> <span class='ocrx_word' id='word_1_230' title='bbox 899 1958 938 1980; x_wconf 86' lang='lat' dir='ltr'><strong>ac</strong></span> 
     </span>
     <span class='ocr_line' id='line_1_31' title="bbox 239 1997 925 2031; baseline 0.004 -4"><span class='ocrx_word' id='word_1_231' title='bbox 239 2001 293 2028; x_wconf 84' lang='lat' dir='ltr'><strong>ter</strong></span> <span class='ocrx_word' id='word_1_232' title='bbox 309 1997 436 2029; x_wconf 88' lang='lat' dir='ltr'><strong>circum</strong></span> <span class='ocrx_word' id='word_1_233' title='bbox 454 1999 618 2030; x_wconf 87' lang='lat' dir='ltr'><strong>tumulum</strong></span> <span class='ocrx_word' id='word_1_234' title='bbox 636 1998 791 2030; x_wconf 82' lang='lat' dir='ltr'><strong>Patrocli</strong></span> <span class='ocrx_word' id='word_1_235' title='bbox 807 1999 925 2031; x_wconf 86' lang='lat' dir='ltr'><strong>traxit.</strong></span> 
     </span>
    </p>

    <p class='ocr_par' dir='ltr' id='par_1_17' title="bbox 238 2047 937 2430">
     <span class='ocr_line' id='line_1_32' title="bbox 282 2047 937 2089; baseline 0.002 -12"><span class='ocrx_word' id='word_1_236' title='bbox 282 2049 325 2077; x_wconf 86' lang='lat'><strong>89</strong></span> <span class='ocrx_word' id='word_1_237' title='bbox 348 2047 483 2078; x_wconf 80' lang='lat' dir='ltr'><strong>Nostros</strong></span> <span class='ocrx_word' id='word_1_238' title='bbox 510 2048 626 2089; x_wconf 80' lang='lat' dir='ltr'><strong>muros]</strong></span> <span class='ocrx_word' id='word_1_239' title='bbox 650 2048 832 2088; x_wconf 78' lang='lat' dir='ltr'><strong>Neptunus</strong></span> <span class='ocrx_word' id='word_1_240' title='bbox 848 2048 937 2079; x_wconf 85' lang='lat' dir='ltr'><strong>enim</strong></span> 
     </span>
     <span class='ocr_line' id='line_1_33' title="bbox 240 2096 936 2137; baseline 0.004 -10"><span class='ocrx_word' id='word_1_241' title='bbox 240 2099 276 2127; x_wconf 86' lang='lat' dir='ltr'><strong>et</strong></span> <span class='ocrx_word' id='word_1_242' title='bbox 300 2096 421 2137; x_wconf 85' lang='lat' dir='ltr'><strong>Apollo</strong></span> <span class='ocrx_word' id='word_1_243' title='bbox 437 2097 668 2129; x_wconf 81' lang='lat' dir='ltr'><strong>construxisse</strong></span> <span class='ocrx_word' id='word_1_244' title='bbox 691 2097 851 2130; x_wconf 88' lang='lat' dir='ltr'><strong>dicuntur</strong></span> <span class='ocrx_word' id='word_1_245' title='bbox 865 2108 936 2130; x_wconf 88' lang='lat' dir='ltr'><strong>mu-</strong></span> 
     </span>
     <span class='ocr_line' id='line_1_34' title="bbox 240 2146 937 2189; baseline 0.004 -12"><span class='ocrx_word' id='word_1_246' title='bbox 240 2146 294 2177; x_wconf 72' lang='lat' dir='ltr'><strong>ros</strong></span> <span class='ocrx_word' id='word_1_247' title='bbox 318 2146 443 2188; x_wconf 84' lang='lat' dir='ltr'><strong>Trojae.</strong></span> <span class='ocrx_word' id='word_1_248' title='bbox 507 2148 611 2188; x_wconf 86' lang='lat' dir='ltr'><strong>Opera</strong></span> <span class='ocrx_word' id='word_1_249' title='bbox 632 2147 743 2188; x_wconf 80' lang='lat' dir='ltr'><strong>irrita]</strong></span> <span class='ocrx_word' id='word_1_250' title='bbox 769 2149 834 2179; x_wconf 88' lang='lat' dir='ltr'><strong>Vel</strong></span> <span class='ocrx_word' id='word_1_251' title='bbox 859 2148 937 2189; x_wconf 80' lang='lat' dir='ltr'><strong>quia</strong></span> 
     </span>
     <span class='ocr_line' id='line_1_35' title="bbox 238 2196 936 2238; baseline 0.004 -11"><span class='ocrx_word' id='word_1_252' title='bbox 238 2196 423 2237; x_wconf 80' lang='lat' dir='ltr'><strong>Neptunus</strong></span> <span class='ocrx_word' id='word_1_253' title='bbox 435 2200 470 2228; x_wconf 89' lang='lat' dir='ltr'><strong>et</strong></span> <span class='ocrx_word' id='word_1_254' title='bbox 482 2197 607 2238; x_wconf 84' lang='lat' dir='ltr'><strong>Apollo</strong></span> <span class='ocrx_word' id='word_1_255' title='bbox 615 2196 763 2229; x_wconf 84' lang='lat' dir='ltr'><strong>fraudati</strong></span> <span class='ocrx_word' id='word_1_256' title='bbox 773 2197 936 2230; x_wconf 81' lang='lat' dir='ltr'><strong>fueranta</strong></span> 
     </span>
     <span class='ocr_line' id='line_1_36' title="bbox 239 2246 936 2289; baseline 0.004 -12"><span class='ocrx_word' id='word_1_257' title='bbox 239 2246 473 2278; x_wconf 80' lang='lat' dir='ltr'><strong>Laomedonte</strong></span> <span class='ocrx_word' id='word_1_258' title='bbox 489 2247 648 2279; x_wconf 83' lang='lat' dir='ltr'><strong>mercede</strong></span> <span class='ocrx_word' id='word_1_259' title='bbox 665 2253 767 2289; x_wconf 78' lang='lat' dir='ltr'><strong>pacta</strong></span> <span class='ocrx_word' id='word_1_260' title='bbox 783 2257 845 2289; x_wconf 87' lang='lat' dir='ltr'><strong>pro</strong></span> <span class='ocrx_word' id='word_1_261' title='bbox 857 2257 936 2280; x_wconf 90' lang='lat' dir='ltr'><strong>con-</strong></span> 
     </span>
     <span class='ocr_line' id='line_1_37' title="bbox 239 2295 936 2341; baseline 0.006 -15"><span class='ocrx_word' id='word_1_262' title='bbox 239 2295 408 2327; x_wconf 85' lang='lat' dir='ltr'><strong>struendis</strong></span> <span class='ocrx_word' id='word_1_263' title='bbox 434 2297 539 2328; x_wconf 87' lang='lat' dir='ltr'><strong>muris</strong></span> <span class='ocrx_word' id='word_1_264' title='bbox 560 2297 695 2339; x_wconf 83' lang='lat' dir='ltr'><strong>Trojae:</strong></span> <span class='ocrx_word' id='word_1_265' title='bbox 721 2299 774 2330; x_wconf 88' lang='lat' dir='ltr'><strong>vel</strong></span> <span class='ocrx_word' id='word_1_266' title='bbox 797 2299 875 2341; x_wconf 85' lang='lat' dir='ltr'><strong>quia</strong></span> <span class='ocrx_word' id='word_1_267' title='bbox 902 2298 936 2330; x_wconf 88' lang='lat' dir='ltr'><strong>hi</strong></span> 
     </span>
     <span class='ocr_line' id='line_1_38' title="bbox 238 2346 937 2389; baseline 0.007 -13"><span class='ocrx_word' id='word_1_268' title='bbox 238 2346 325 2377; x_wconf 88' lang='lat' dir='ltr'><strong>muri</strong></span> <span class='ocrx_word' id='word_1_269' title='bbox 347 2346 508 2378; x_wconf 80' lang='lat' dir='ltr'><strong>resistere</strong></span> <span class='ocrx_word' id='word_1_270' title='bbox 525 2356 593 2378; x_wconf 89' lang='lat' dir='ltr'><strong>non</strong></span> <span class='ocrx_word' id='word_1_271' title='bbox 611 2351 795 2389; x_wconf 86' lang='lat' dir='ltr'><strong>potueruut</strong></span> <span class='ocrx_word' id='word_1_272' title='bbox 807 2349 937 2381; x_wconf 81' lang='lat' dir='ltr'><strong>conati-</strong></span> 
     </span>
     <span class='ocr_line' id='line_1_39' title="bbox 238 2396 742 2430; baseline 0.004 -3"><span class='ocrx_word' id='word_1_273' title='bbox 238 2396 302 2428; x_wconf 86' lang='lat' dir='ltr'><strong>bus</strong></span> <span class='ocrx_word' id='word_1_274' title='bbox 320 2396 459 2428; x_wconf 82' lang='lat' dir='ltr'><strong>Achillis</strong></span> <span class='ocrx_word' id='word_1_275' title='bbox 473 2406 513 2428; x_wconf 85' lang='lat' dir='ltr'><strong>ac</strong></span> <span class='ocrx_word' id='word_1_276' title='bbox 527 2397 742 2430; x_wconf 87' lang='lat' dir='ltr'><strong>Graecorum.</strong></span> 
     </span>
    </p>

    <p class='ocr_par' dir='ltr' id='par_1_18' title="bbox 236 2447 937 2578">
     <span class='ocr_line' id='line_1_40' title="bbox 281 2447 937 2491; baseline 0.006 -14"><span class='ocrx_word' id='word_1_277' title='bbox 281 2449 323 2477; x_wconf 88' lang='grc'><strong>90</strong></span> <span class='ocrx_word' id='word_1_278' title='bbox 350 2447 442 2478; x_wconf 84' lang='lat' dir='ltr'><strong>Peleo</strong></span> <span class='ocrx_word' id='word_1_279' title='bbox 463 2447 533 2486; x_wconf 81' lang='lat' dir='ltr'><strong>J&#39;am</strong></span> <span class='ocrx_word' id='word_1_280' title='bbox 559 2448 673 2479; x_wconf 80' lang='lat' dir='ltr'><strong>desiste</strong></span> <span class='ocrx_word' id='word_1_281' title='bbox 690 2449 792 2490; x_wconf 81' lang='lat' dir='ltr'><strong>queri]</strong></span> <span class='ocrx_word' id='word_1_282' title='bbox 817 2449 858 2481; x_wconf 88' lang='lat' dir='ltr'><strong>Id</strong></span> <span class='ocrx_word' id='word_1_283' title='bbox 873 2453 937 2491; x_wconf 89' lang='lat' dir='ltr'><strong>est,</strong></span> 
     </span>
     <span class='ocr_line' id='line_1_41' title="bbox 237 2497 936 2541; baseline 0.004 -14"><span class='ocrx_word' id='word_1_284' title='bbox 237 2505 280 2527; x_wconf 90' lang='lat' dir='ltr'><strong>ne</strong></span> <span class='ocrx_word' id='word_1_285' title='bbox 295 2497 462 2538; x_wconf 81' lang='lat' dir='ltr'><strong>queraris,</strong></span> <span class='ocrx_word' id='word_1_286' title='bbox 479 2497 568 2538; x_wconf 82' lang='lat' dir='ltr'><strong>quod</strong></span> <span class='ocrx_word' id='word_1_287' title='bbox 586 2498 693 2530; x_wconf 92' lang='lat' dir='ltr'><strong>Peleo</strong></span> <span class='ocrx_word' id='word_1_288' title='bbox 703 2499 836 2530; x_wconf 81' lang='lat' dir='ltr'><strong>mortali</strong></span> <span class='ocrx_word' id='word_1_289' title='bbox 852 2509 936 2541; x_wconf 91' lang='lat' dir='ltr'><strong>nup-</strong></span> 
     </span>
     <span class='ocr_line' id='line_1_42' title="bbox 236 2555 332 2578; baseline 0 0"><span class='ocrx_word' id='word_1_290' title='bbox 236 2555 332 2578; x_wconf 77' lang='lat' dir='ltr'><strong>sens.</strong></span> 
     </span>
    </p>

    <p class='ocr_par' dir='ltr' id='par_1_19' title="bbox 234 2595 937 2790">
     <span class='ocr_line' id='line_1_43' title="bbox 279 2595 937 2639; baseline 0.005 -11"><span class='ocrx_word' id='word_1_291' title='bbox 279 2598 318 2628; x_wconf 82' lang='lat'><strong>91</strong></span> <span class='ocrx_word' id='word_1_292' title='bbox 359 2595 537 2628; x_wconf 78' lang='lat' dir='ltr'><strong>Credideris</strong></span> <span class='ocrx_word' id='word_1_293' title='bbox 561 2598 715 2638; x_wconf 74' lang='lat' dir='ltr'><strong>peperisse</strong></span> <span class='ocrx_word' id='word_1_294' title='bbox 739 2597 830 2639; x_wconf 76' lang='lat' dir='ltr'><strong>Jovi]</strong></span> <span class='ocrx_word' id='word_1_295' title='bbox 870 2599 937 2632; x_wconf 88' lang='lat' dir='ltr'><strong>Tot</strong></span> 
     </span>
     <span class='ocr_line' id='line_1_44' title="bbox 235 2644 936 2682; baseline 0.007 -6"><span class='ocrx_word' id='word_1_296' title='bbox 235 2645 325 2677; x_wconf 86' lang='lat' dir='ltr'><strong>enim</strong></span> <span class='ocrx_word' id='word_1_297' title='bbox 347 2654 388 2677; x_wconf 82' lang='lat' dir='ltr'><strong>ac</strong></span> <span class='ocrx_word' id='word_1_298' title='bbox 413 2649 507 2677; x_wconf 77' lang='lat' dir='ltr'><strong>tanta</strong></span> <span class='ocrx_word' id='word_1_299' title='bbox 532 2644 687 2679; x_wconf 78' lang='lat' dir='ltr'><strong>facinora</strong></span> <span class='ocrx_word' id='word_1_300' title='bbox 710 2648 793 2680; x_wconf 87' lang='lat' dir='ltr'><strong>edet</strong></span> <span class='ocrx_word' id='word_1_301' title='bbox 814 2649 848 2680; x_wconf 89' lang='lat' dir='ltr'><strong>in</strong></span> <span class='ocrx_word' id='word_1_302' title='bbox 873 2649 936 2682; x_wconf 88' lang='lat' dir='ltr'><strong>hoc</strong></span> 
     </span>
     <span class='ocr_line' id='line_1_45' title="bbox 236 2694 934 2738; baseline 0.004 -10"><span class='ocrx_word' id='word_1_303' title='bbox 236 2695 325 2728; x_wconf 88' lang='lat' dir='ltr'><strong>bello</strong></span> <span class='ocrx_word' id='word_1_304' title='bbox 339 2695 427 2727; x_wconf 86' lang='lat' dir='ltr'><strong>filius</strong></span> <span class='ocrx_word' id='word_1_305' title='bbox 441 2699 518 2727; x_wconf 88' lang='lat' dir='ltr'><strong>tuus</strong></span> <span class='ocrx_word' id='word_1_306' title='bbox 530 2694 694 2738; x_wconf 82' lang='lat' dir='ltr'><strong>Achilles,</strong></span> <span class='ocrx_word' id='word_1_307' title='bbox 708 2703 747 2730; x_wconf 92' lang='lat' dir='ltr'><strong>ut</strong></span> <span class='ocrx_word' id='word_1_308' title='bbox 758 2699 851 2730; x_wconf 90' lang='lat' dir='ltr'><strong>illum</strong></span> <span class='ocrx_word' id='word_1_309' title='bbox 867 2709 934 2731; x_wconf 88' lang='lat' dir='ltr'><strong>non</strong></span> 
     </span>
     <span class='ocr_line' id='line_1_46' title="bbox 234 2745 933 2790; baseline 0.006 -13"><span class='ocrx_word' id='word_1_310' title='bbox 234 2745 278 2778; x_wconf 87' lang='lat' dir='ltr'><strong>de</strong></span> <span class='ocrx_word' id='word_1_311' title='bbox 308 2745 428 2787; x_wconf 89' lang='lat' dir='ltr'><strong>Peleo,</strong></span> <span class='ocrx_word' id='word_1_312' title='bbox 455 2745 515 2778; x_wconf 81' lang='lat' dir='ltr'><strong>sed</strong></span> <span class='ocrx_word' id='word_1_313' title='bbox 545 2746 587 2778; x_wconf 89' lang='lat' dir='ltr'><strong>de</strong></span> <span class='ocrx_word' id='word_1_314' title='bbox 617 2746 706 2780; x_wconf 88' lang='lat' dir='ltr'><strong>Jove</strong></span> <span class='ocrx_word' id='word_1_315' title='bbox 736 2749 933 2790; x_wconf 80' lang='lat' dir='ltr'><strong>concepisse</strong></span> 
     </span>
    </p>
   </div>
   <div class='ocr_carea' id='block_1_10' title="bbox 988 1847 1692 2789">
    <p class='ocr_par' dir='ltr' id='par_1_20' title="bbox 991 1847 1299 1888">
     <span class='ocr_line' id='line_1_47' title="bbox 991 1847 1299 1888; baseline -0.003 -9"><span class='ocrx_word' id='word_1_316' title='bbox 991 1847 1101 1888; x_wconf 79' lang='lat' dir='ltr'><strong>sragio</strong></span> <span class='ocrx_word' id='word_1_317' title='bbox 1113 1849 1299 1888; x_wconf 82' lang='lat' dir='ltr'><strong>perierunt.</strong></span> 
     </span>
    </p>

    <p class='ocr_par' dir='ltr' id='par_1_21' title="bbox 992 1896 1691 1980">
     <span class='ocr_line' id='line_1_48' title="bbox 1034 1896 1691 1938; baseline 0.002 -8"><span class='ocrx_word' id='word_1_318' title='bbox 1034 1901 1076 1930; x_wconf 87' lang='grc'><strong>92</strong></span> <span class='ocrx_word' id='word_1_319' title='bbox 1103 1898 1254 1938; x_wconf 79' lang='lat' dir='ltr'><strong>Cognatis</strong></span> <span class='ocrx_word' id='word_1_320' title='bbox 1261 1896 1377 1937; x_wconf 74' lang='lat' dir='ltr'><strong>fretis]</strong></span> <span class='ocrx_word' id='word_1_321' title='bbox 1389 1896 1477 1929; x_wconf 77' lang='lat' dir='ltr'><strong>Quia</strong></span> <span class='ocrx_word' id='word_1_322' title='bbox 1487 1896 1604 1928; x_wconf 79' lang='lat' dir='ltr'><strong>Thetis</strong></span> <span class='ocrx_word' id='word_1_323' title='bbox 1613 1897 1691 1931; x_wconf 72' lang='lat' dir='ltr'><strong>Dea</strong></span> 
     </span>
     <span class='ocr_line' id='line_1_49' title="bbox 992 1949 1132 1980; baseline 0 -1"><span class='ocrx_word' id='word_1_324' title='bbox 992 1949 1132 1980; x_wconf 81' lang='lat' dir='ltr'><strong>marina.</strong></span> 
     </span>
    </p>

    <p class='ocr_par' dir='ltr' id='par_1_22' title="bbox 989 1997 1692 2489">
     <span class='ocr_line' id='line_1_50' title="bbox 1033 1997 1691 2039; baseline 0 -9"><span class='ocrx_word' id='word_1_325' title='bbox 1033 2001 1074 2030; x_wconf 78' lang='lat'><strong>93</strong></span> <span class='ocrx_word' id='word_1_326' title='bbox 1101 1999 1180 2030; x_wconf 79' lang='lat' dir='ltr'><strong>Cum</strong></span> <span class='ocrx_word' id='word_1_327' title='bbox 1193 1999 1320 2029; x_wconf 81' lang='lat' dir='ltr'><strong>reduces</strong></span> <span class='ocrx_word' id='word_1_328' title='bbox 1342 1997 1462 2037; x_wconf 80' lang='lat' dir='ltr'><strong>Danai,</strong></span> <span class='ocrx_word' id='word_1_329' title='bbox 1483 2000 1691 2039; x_wconf 71' lang='lat' dir='ltr'><strong>nocturnaque</strong></span> 
     </span>
     <span class='ocr_line' id='line_1_51' title="bbox 991 2046 1690 2089; baseline 0.001 -10"><span class='ocrx_word' id='word_1_330' title='bbox 991 2048 1083 2088; x_wconf 76' lang='lat' dir='ltr'><strong>signa</strong></span> <span class='ocrx_word' id='word_1_331' title='bbox 1099 2048 1277 2089; x_wconf 71' lang='lat' dir='ltr'><strong>caphar-eus</strong></span> <span class='ocrx_word' id='word_1_332' title='bbox 1291 2047 1426 2088; x_wconf 78' lang='lat' dir='ltr'><strong>Exeret]</strong></span> <span class='ocrx_word' id='word_1_333' title='bbox 1448 2047 1573 2088; x_wconf 80' lang='lat' dir='ltr'><strong>Tangit</strong></span> <span class='ocrx_word' id='word_1_334' title='bbox 1594 2046 1690 2080; x_wconf 71' lang='lat' dir='ltr'><strong>fabu-</strong></span> 
     </span>
     <span class='ocr_line' id='line_1_52' title="bbox 991 2097 1689 2140; baseline 0.001 -11"><span class='ocrx_word' id='word_1_335' title='bbox 991 2099 1149 2140; x_wconf 57' lang='lat' dir='ltr'><strong>laanna</strong></span> <span class='ocrx_word' id='word_1_336' title='bbox 1171 2098 1298 2130; x_wconf 82' lang='lat' dir='ltr'><strong>dicitur</strong></span> <span class='ocrx_word' id='word_1_337' title='bbox 1315 2097 1494 2139; x_wconf 83' lang='lat' dir='ltr'><strong>Nauplius,</strong></span> <span class='ocrx_word' id='word_1_338' title='bbox 1515 2097 1561 2130; x_wconf 80' lang='lat' dir='ltr'><strong>ob</strong></span> <span class='ocrx_word' id='word_1_339' title='bbox 1584 2097 1689 2130; x_wconf 87' lang='lat' dir='ltr'><strong>iuter-</strong></span> 
     </span>
     <span class='ocr_line' id='line_1_53' title="bbox 992 2144 1690 2188; baseline -0.001 -8"><span class='ocrx_word' id='word_1_340' title='bbox 992 2147 1120 2180; x_wconf 79' lang='lat' dir='ltr'><strong>fectum</strong></span> <span class='ocrx_word' id='word_1_341' title='bbox 1137 2158 1157 2179; x_wconf 81' lang='lat' dir='ltr'><strong>a</strong></span> <span class='ocrx_word' id='word_1_342' title='bbox 1173 2147 1318 2188; x_wconf 85' lang='lat' dir='ltr'><strong>Graecis,</strong></span> <span class='ocrx_word' id='word_1_343' title='bbox 1330 2147 1465 2188; x_wconf 79' lang='lat' dir='ltr'><strong>Ulyssis</strong></span> <span class='ocrx_word' id='word_1_344' title='bbox 1477 2144 1690 2188; x_wconf 76' lang='lat' dir='ltr'><strong>fraude,&#39;Pa-</strong></span> 
     </span>
     <span class='ocr_line' id='line_1_54' title="bbox 992 2199 1689 2240; baseline 0.001 -9"><span class='ocrx_word' id='word_1_345' title='bbox 992 2200 1158 2231; x_wconf 84' lang='lat' dir='ltr'><strong>lamedem</strong></span> <span class='ocrx_word' id='word_1_346' title='bbox 1179 2200 1298 2236; x_wconf 86' lang='lat' dir='ltr'><strong>filium,</strong></span> <span class='ocrx_word' id='word_1_347' title='bbox 1314 2209 1371 2231; x_wconf 86' lang='lat' dir='ltr'><strong>eos</strong></span> <span class='ocrx_word' id='word_1_348' title='bbox 1384 2199 1486 2240; x_wconf 80' lang='lat' dir='ltr'><strong>Troja</strong></span> <span class='ocrx_word' id='word_1_349' title='bbox 1499 2199 1614 2232; x_wconf 75' lang='lat' dir='ltr'><strong>diruta</strong></span> <span class='ocrx_word' id='word_1_350' title='bbox 1628 2199 1689 2232; x_wconf 82' lang='lat' dir='ltr'><strong>do-</strong></span> 
     </span>
     <span class='ocr_line' id='line_1_55' title="bbox 993 2248 1689 2290; baseline 0 -10"><span class='ocrx_word' id='word_1_351' title='bbox 993 2259 1083 2281; x_wconf 88' lang='lat' dir='ltr'><strong>mum</strong></span> <span class='ocrx_word' id='word_1_352' title='bbox 1109 2248 1304 2289; x_wconf 84' lang='lat' dir='ltr'><strong>redeuntes,</strong></span> <span class='ocrx_word' id='word_1_353' title='bbox 1319 2248 1399 2280; x_wconf 85' lang='lat' dir='ltr'><strong>dum</strong></span> <span class='ocrx_word' id='word_1_354' title='bbox 1421 2252 1522 2280; x_wconf 87' lang='lat' dir='ltr'><strong>noctu</strong></span> <span class='ocrx_word' id='word_1_355' title='bbox 1538 2249 1689 2290; x_wconf 78' lang='lat' dir='ltr'><strong>procella</strong></span> 
     </span>
     <span class='ocr_line' id='line_1_56' title="bbox 991 2297 1688 2339; baseline 0 -9"><span class='ocrx_word' id='word_1_356' title='bbox 991 2299 1199 2338; x_wconf 80' lang='lat' dir='ltr'><strong>laborarent,</strong></span> <span class='ocrx_word' id='word_1_357' title='bbox 1228 2297 1305 2331; x_wconf 80' lang='lat' dir='ltr'><strong>face</strong></span> <span class='ocrx_word' id='word_1_358' title='bbox 1331 2302 1486 2330; x_wconf 69' lang='lat' dir='ltr'><strong>exertae</strong></span> <span class='ocrx_word' id='word_1_359' title='bbox 1509 2297 1688 2339; x_wconf 70' lang='lat' dir='ltr'><strong>Capuan-eo</strong></span> 
     </span>
     <span class='ocr_line' id='line_1_57' title="bbox 992 2347 1692 2389; baseline 0 -9"><span class='ocrx_word' id='word_1_360' title='bbox 992 2348 1130 2381; x_wconf 86' lang='lat' dir='ltr'><strong>Euboeae</strong></span> <span class='ocrx_word' id='word_1_361' title='bbox 1149 2348 1265 2380; x_wconf 84' lang='lat' dir='ltr'><strong>insulae</strong></span> <span class='ocrx_word' id='word_1_362' title='bbox 1289 2348 1534 2389; x_wconf 81' lang='lat' dir='ltr'><strong>promontorio,</strong></span> <span class='ocrx_word' id='word_1_363' title='bbox 1557 2347 1591 2380; x_wconf 87' lang='lat' dir='ltr'><strong>in</strong></span> <span class='ocrx_word' id='word_1_364' title='bbox 1607 2357 1692 2380; x_wconf 78' lang='lat' dir='ltr'><strong>saxa</strong></span> 
     </span>
     <span class='ocr_line' id='line_1_58' title="bbox 990 2397 1688 2439; baseline 0 -9"><span class='ocrx_word' id='word_1_365' title='bbox 990 2401 1026 2430; x_wconf 85' lang='lat' dir='ltr'><strong>et</strong></span> <span class='ocrx_word' id='word_1_366' title='bbox 1041 2398 1196 2439; x_wconf 74' lang='lat' dir='ltr'><strong>scopulos</strong></span> <span class='ocrx_word' id='word_1_367' title='bbox 1209 2397 1405 2438; x_wconf 80' lang='lat' dir='ltr'><strong>attraxisse,</strong></span> <span class='ocrx_word' id='word_1_368' title='bbox 1417 2397 1477 2430; x_wconf 84' lang='lat' dir='ltr'><strong>ubi</strong></span> <span class='ocrx_word' id='word_1_369' title='bbox 1492 2397 1591 2431; x_wconf 80' lang='lat' dir='ltr'><strong>multi</strong></span> <span class='ocrx_word' id='word_1_370' title='bbox 1604 2407 1688 2430; x_wconf 76' lang='lat' dir='ltr'><strong>nau·</strong></span> 
     </span>
     <span class='ocr_line' id='line_1_59' title="bbox 989 2446 1371 2489; baseline -0.01 -9"><span class='ocrx_word' id='word_1_371' title='bbox 989 2447 1133 2489; x_wconf 81' lang='lat' dir='ltr'><strong>fragium</strong></span> <span class='ocrx_word' id='word_1_372' title='bbox 1148 2446 1316 2479; x_wconf 85' lang='lat' dir='ltr'><strong>fecerunt.</strong></span> <span class='ocrx_word' id='word_1_373' title='bbox 1366 2458 1371 2461; x_wconf 57' lang='lat'>&gt;</span> 
     </span>
    </p>

    <p class='ocr_par' dir='ltr' id='par_1_23' title="bbox 988 2496 1689 2731">
     <span class='ocr_line' id='line_1_60' title="bbox 1031 2496 1686 2538; baseline -0.002 -7"><span class='ocrx_word' id='word_1_374' title='bbox 1031 2501 1073 2531; x_wconf 75' lang='lat'><strong>94</strong></span> <span class='ocrx_word' id='word_1_375' title='bbox 1096 2499 1140 2530; x_wconf 84' lang='lat' dir='ltr'><strong>Et</strong></span> <span class='ocrx_word' id='word_1_376' title='bbox 1151 2498 1254 2530; x_wconf 84' lang='lat' dir='ltr'><strong>dirum</strong></span> <span class='ocrx_word' id='word_1_377' title='bbox 1271 2496 1394 2538; x_wconf 76' lang='lat' dir='ltr'><strong>pariter</strong></span> <span class='ocrx_word' id='word_1_378' title='bbox 1408 2506 1583 2538; x_wconf 72' lang='lat' dir='ltr'><strong>quoeremus</strong></span> <span class='ocrx_word' id='word_1_379' title='bbox 1594 2497 1686 2530; x_wconf 77' lang='lat' dir='ltr'><strong>Ulix-</strong></span> 
     </span>
     <span class='ocr_line' id='line_1_61' title="bbox 989 2547 1689 2590; baseline -0.003 -8"><span class='ocrx_word' id='word_1_380' title='bbox 989 2548 1051 2589; x_wconf 87' lang='lat' dir='ltr'><strong>em]</strong></span> <span class='ocrx_word' id='word_1_381' title='bbox 1088 2548 1270 2589; x_wconf 85' lang='lat' dir='ltr'><strong>Neptunus</strong></span> <span class='ocrx_word' id='word_1_382' title='bbox 1312 2547 1354 2579; x_wconf 89' lang='lat' dir='ltr'><strong>ob</strong></span> <span class='ocrx_word' id='word_1_383' title='bbox 1385 2547 1490 2579; x_wconf 84' lang='lat' dir='ltr'><strong>filium</strong></span> <span class='ocrx_word' id='word_1_384' title='bbox 1521 2548 1689 2590; x_wconf 79' lang='lat' dir='ltr'><strong>Polyphe-</strong></span> 
     </span>
     <span class='ocr_line' id='line_1_62' title="bbox 988 2597 1686 2640; baseline -0.001 -9"><span class='ocrx_word' id='word_1_385' title='bbox 988 2608 1079 2631; x_wconf 87' lang='lat' dir='ltr'><strong>mum</strong></span> <span class='ocrx_word' id='word_1_386' title='bbox 1109 2603 1331 2638; x_wconf 83' lang='lat' dir='ltr'><strong>excaecatum‚</strong></span> <span class='ocrx_word' id='word_1_387' title='bbox 1347 2597 1466 2630; x_wconf 82' lang='lat' dir='ltr'><strong>Thetis</strong></span> <span class='ocrx_word' id='word_1_388' title='bbox 1489 2607 1582 2639; x_wconf 81' lang='lat' dir='ltr'><strong>vero,</strong></span> <span class='ocrx_word' id='word_1_389' title='bbox 1595 2597 1686 2640; x_wconf 84' lang='lat' dir='ltr'><strong>quod</strong></span> 
     </span>
     <span class='ocr_line' id='line_1_63' title="bbox 988 2646 1686 2691; baseline 0.003 -11"><span class='ocrx_word' id='word_1_390' title='bbox 988 2649 1129 2691; x_wconf 77' lang='lat' dir='ltr'><strong>Ulysses</strong></span> <span class='ocrx_word' id='word_1_391' title='bbox 1149 2647 1320 2680; x_wconf 89' lang='lat' dir='ltr'><strong>Achillem</strong></span> <span class='ocrx_word' id='word_1_392' title='bbox 1337 2647 1380 2678; x_wconf 86' lang='lat' dir='ltr'><strong>ad</strong></span> <span class='ocrx_word' id='word_1_393' title='bbox 1397 2647 1521 2680; x_wconf 85' lang='lat' dir='ltr'><strong>bellum</strong></span> <span class='ocrx_word' id='word_1_394' title='bbox 1533 2646 1686 2684; x_wconf 75' lang='lat' dir='ltr'><strong>adduxe·</strong></span> 
     </span>
     <span class='ocr_line' id='line_1_64' title="bbox 989 2703 1163 2731; baseline 0 0"><span class='ocrx_word' id='word_1_395' title='bbox 989 2703 1055 2731; x_wconf 85' lang='lat' dir='ltr'><strong>rat.</strong></span> <span class='ocrx_word' id='word_1_396' title='bbox 1161 2716 1163 2718; x_wconf 90' lang='lat'>·</span> 
     </span>
    </p>

    <p class='ocr_par' dir='ltr' id='par_1_24' title="bbox 1030 2746 1407 2789">
     <span class='ocr_line' id='line_1_65' title="bbox 1030 2746 1407 2789; baseline 0 -8"><span class='ocrx_word' id='word_1_397' title='bbox 1030 2751 1072 2781; x_wconf 84' lang='grc'><strong>97</strong></span> <span class='ocrx_word' id='word_1_398' title='bbox 1095 2747 1218 2789; x_wconf 68' lang='lat' dir='ltr'><strong>Iliacis]</strong></span> <span class='ocrx_word' id='word_1_399' title='bbox 1239 2746 1407 2788; x_wconf 78' lang='lat' dir='ltr'><strong>Trojanis.</strong></span> 
     </span>
    </p>
   </div>
  </div>
 </body>
</html>
