1846 3120
271 504 373 582 P.
457 504 967 582 PAPINII
1048 504 1451 582 STATII

445 693 1279 755 ACHILLEIDOS

695 876 918 926 LIBER
969 855 1017 925 1.

675 1205 1051 1238 ARGUMENTUM.

132 1301 267 1334 Tan-ris
292 1303 394 1343 raptu
410 1300 558 1333 Helenae
574 1301 708 1342 territa,
722 1301 814 1344 quod
830 1301 908 1334 inde
923 1301 1128 1334 acerrimum
1145 1301 1273 1334 bellum
1290 1301 1381 1335 inter
1396 1301 1540 1335 Graecos
1556 1305 1593 1334 et

176 1354 347 1396 Trojanos
362 1359 563 1388 exorturum
577 1355 693 1396 sciret,
709 1360 745 1388 ct
760 1355 796 1388 in
811 1365 852 1387 eo
867 1355 1038 1388 Achillem
1052 1355 1160 1387 filium
1175 1355 1378 1397 periturum,
1391 1355 1593 1397 Neptunum

177 1409 350 1446 convenit,
377 1408 420 1441 ab
443 1418 553 1452 eoque
576 1409 678 1442 enixe
699 1409 804 1452 petit,
825 1413 865 1442 ut
890 1410 1035 1442 classem
1051 1410 1199 1452 raptoris
1221 1409 1358 1442 Paridis
1373 1413 1595 1451 summergat.

175 1461 294 1504 Negat
310 1461 496 1504 Neptunus
509 1462 573 1495 hoc
586 1462 664 1495 fieri
679 1472 801 1505 posse:
825 1463 988 1496 statuisse
1001 1463 1093 1496 Deos
1109 1468 1269 1496 cruentas
1282 1464 1428 1497 miscere
1443 1464 1594 1506 Europa:

177 1520 282 1558 atque
306 1513 402 1548 Asiae
428 1525 549 1548 manns
563 1527 572 1547 z
594 1516 752 1557 ingentes
777 1516 892 1550 clades
915 1518 1072 1559 Trojanis
1094 1517 1265 1550 Achillem
1287 1518 1472 1559 illaturum,
1489 1522 1526 1550 et
1541 1522 1595 1551 tot

176 1569 342 1611 praeclara
351 1568 525 1602 editurum
537 1568 702 1612 facinora,
713 1575 751 1602 ut
762 1570 837 1612 ipsa
850 1570 971 1603 credat
980 1580 1018 1603 se
1027 1581 1105 1604 eum
1116 1570 1160 1603 de
1173 1571 1263 1604 Jove
1278 1571 1490 1613 concepisse.
1515 1572 1594 1605 Hac

178 1622 317 1665 repulsa
326 1622 447 1656 Thetis
456 1623 603 1656 animum
618 1623 661 1656 ad
672 1624 739 1656 alia
750 1624 934 1666 convertit,
947 1629 984 1657 et
996 1625 1058 1658 sibi
1074 1626 1238 1667 proponit
1246 1625 1353 1658 filium
1366 1626 1403 1658 in
1414 1625 1527 1669 aliquo
1540 1630 1595 1658 tu-

176 1676 309 1709 tissimo
323 1676 398 1709 loco
407 1677 592 1715 occultare,
599 1676 711 1710 donec
721 1682 908 1720 tempestas
918 1683 987 1711 tam
994 1677 1167 1711 formidati
1177 1678 1260 1711 belli
1268 1678 1464 1712 detonaret.
1477 1678 1595 1711 Achil-

177 1730 228 1763 les
241 1728 332 1771 apud
347 1729 529 1762 Chironem
544 1730 754 1764 Centaurum
768 1731 804 1763 in
818 1731 994 1764 Thessalia
1013 1731 1241 1766 educabatur.
1280 1732 1409 1765 Tendit
1430 1733 1536 1774 igitur
1560 1733 1595 1764 in

177 1783 385 1817 ssessaliam
395 1783 525 1824 Thetis,
534 1783 640 1816 filium
651 1794 672 1816 a
683 1783 832 1817 Chirone
842 1784 984 1827 repetit,
994 1789 1135 1818 causata
1146 1795 1184 1818 se
1195 1784 1354 1818 infaustis
1367 1786 1410 1818 de
1421 1785 1492 1818 filio
1507 1795 1595 1818 som-

180 1838 247 1871 niis
258 1837 395 1875 terreri,
410 1847 451 1870 ac
466 1838 554 1870 velle
569 1838 694 1871 eumin
712 1838 847 1871 Oceani
858 1838 971 1881 aquis,
982 1842 1022 1872 ut
1034 1839 1184 1871 Proteus
1194 1838 1357 1881 jubebat,
1367 1839 1510 1881 magicis
1521 1839 1596 1882 qui-

175 1889 319 1923 busdam
331 1890 437 1923 sacris
448 1890 606 1924 lustrare.
629 1891 758 1924 Chiron
768 1891 947 1924 consilium
961 1892 1037 1934 ejus
1054 1892 1190 1934 probat,
1203 1891 1414 1935 laudataque
1427 1892 1549 1924 mirum
1561 1893 1597 1925 in

175 1944 313 1977 modum
330 1943 473 1976 Achillis
487 1943 613 1981 indole,
627 1944 808 1978 humanam
821 1954 1055 1987 supergressa,
1069 1945 1236 1978 Invidiam
1249 1945 1389 1988 placare
1401 1946 1503 1978 matri
1518 1956 1596 1978 sua-

176 1997 260 2030 det:
284 1997 374 2030 nnde
397 1997 489 2031 aucti
511 1998 663 2031 Thetidis
687 2004 812 2032 metus.
857 1999 973 2032 Nocte
996 1999 1142 2042 cogitat,
1162 2009 1240 2042 quae
1262 1999 1338 2032 loca
1352 1998 1598 2032 abscondendo

177 2050 249 2084 filio
264 2051 411 2093 aptiora.
454 2051 554 2085 Inter
572 2053 638 2085 alia
651 2052 777 2095 Scyros
791 2053 902 2085 insula
916 2053 964 2085 illi
980 2053 1110 2095 placet,
1130 2053 1191 2086 ubi
1204 2052 1373 2095 regnabat
1385 2053 1597 2095 Lycomedes

178 2105 327 2148 plurium
341 2099 486 2138 filiarum
501 2111 614 2148 pater,
628 2107 728 2149 cujus
740 2107 818 2140 aula
829 2107 993 2149 virgineis
1004 2107 1115 2141 choris
1130 2106 1352 2149 personabat.
1396 2107 1519 2139 Filium
1532 2108 1597 2149 igi-

178 2163 236 2192 tur
250 2159 442 2192 arctissimo
461 2169 579 2192 somno
593 2165 791 2203 correptum
806 2160 882 2193 sinu
898 2161 1091 2202 complexa,
1104 2169 1242 2193 currum
1257 2158 1426 2201 delphinis
1436 2160 1597 2202 junctum

178 2213 390 2254 conscendit,
404 2217 442 2246 et
453 2223 548 2246 mare
563 2223 702 2247 emensa
714 2214 757 2247 ad
772 2215 930 2257 Scyrum,
940 2214 1071 2246 oriente
1086 2214 1170 2255 sole,
1186 2213 1358 2256 pervenit.
1382 2214 1597 2256 Experrecto

178 2265 304 2300 Achilli
318 2271 430 2300 mater
444 2277 521 2300 suos
535 2272 646 2301 metus
660 2267 806 2310 fatetur,
822 2273 970 2312 oratque
985 2268 1093 2305 illum,
1108 2267 1240 2300 virilem
1255 2266 1404 2299 animum
1420 2268 1598 2309 paululum

177 2321 386 2362 summittat,
409 2325 445 2354 et
468 2321 512 2354 ad
539 2322 644 2355 breve
666 2327 802 2365 tempus
817 2322 1020 2355 muliebrem
1043 2321 1199 2354 habitum
1214 2325 1349 2354 sumat:
1373 2330 1441 2353 non
1456 2321 1507 2354 illi
1522 2321 1598 2355 fore

177 2374 358 2408 dedecori:
382 2375 581 2418 Herculem,
602 2377 790 2414 Bacchum,
806 2381 843 2410 et
865 2376 977 2419 ipsum
989 2376 1113 2410 Jovem
1128 2374 1307 2408 foemineas
1322 2380 1437 2408 vestes
1454 2385 1524 2409 non
1539 2375 1598 2409 dc·

178 2427 352 2470 dignatos.
395 2427 547 2462 Achilles
575 2429 678 2462 nullis
706 2430 826 2463 matris
855 2429 1016 2472 precibus
1046 2428 1214 2462 flectitur.
1259 2429 1391 2462 Verum
1419 2429 1599 2471 inopinato

179 2491 263 2515 casu
292 2482 367 2524 eJus
391 2482 523 2514 animus
545 2481 676 2516 fractus
700 2487 766 2516 est.
811 2483 917 2516 Forte
939 2483 1052 2525 Scyrii
1073 2483 1165 2516 diem
1187 2481 1315 2516 festum
1344 2483 1527 2525 Minervae,
1542 2485 1600 2517 cui

179 2535 347 2577 templum
362 2534 396 2568 in
410 2535 527 2568 littore
542 2541 697 2569 erectum
712 2540 799 2578 erat,
820 2536 982 2578 agebant,
999 2541 1037 2569 et
1059 2535 1142 2568 filiae
1165 2535 1368 2577 Lycomedis
1388 2536 1490 2569 domo
1506 2538 1599 2570 exie-

180 2594 273 2630 rant,
288 2592 328 2621 ut
351 2588 442 2621 veris
466 2589 632 2631 primitias
654 2591 743 2623 Deae
766 2590 944 2632 offerrent,
970 2600 1153 2633 comasque
1174 2590 1250 2632 ejus
1266 2590 1367 2623 sertis
1381 2597 1601 2625 coronarent.

179 2641 332 2684 Turbam
347 2641 499 2676 ducebat
513 2643 710 2682 Deidamia.
726 2644 822 2687 cujus
838 2649 878 2678 ut
891 2644 1051 2677 eximiam
1073 2643 1362 2687 pulchritudinem
1376 2643 1532 2678 Achilles
1554 2646 1604 2679 vi·

180 2697 255 2738 det,
270 2697 344 2740 ejus
368 2706 484 2730 amore
510 2698 626 2731 statim
647 2699 843 2742 corripitur.
890 2698 1148 2732 Animadvertit
1160 2698 1289 2740 Thetis,
1305 2702 1342 2731 et
1355 2698 1481 2731 blande
1496 2699 1604 2731 inter-

182 2755 324 2792 rogatus
346 2749 449 2792 filins,
469 2760 512 2783 an
535 2751 627 2785 inter
649 2759 719 2785 tam
743 2753 901 2796 pulchras
926 2752 1075 2795 virgines
1099 2751 1227 2794 degere
1241 2751 1309 2794 ipsi
1324 2751 1484 2784 acerbum
1499 2750 1605 2792 foret,

182 2805 280 2838 latus
294 2804 444 2847 erubuit,
460 2809 497 2838 et
512 2805 594 2839 sinit
607 2816 645 2840 se
656 2811 761 2851 ‚veste
777 2807 936 2841 foeminea
951 2806 1060 2843 indui.
1103 2806 1221 2840 Thetis
1237 2806 1467 2849 Lycomedem
1483 2815 1605 2848 aggre-
