1858 3112
264 230 378 280 1694

306 344 368 374 134
390 341 746 384 Dolorqueseslzcs,85·c.]
768 344 959 386 Elegantis-

261 392 346 424 sime
365 393 474 431 festus
499 392 609 425 dolor:
639 402 707 425 non
736 403 835 426 secus
865 405 906 427 ac
932 394 961 427 si

261 442 397 474 Adonin
411 447 471 475 aut
485 443 691 485 Hyacinthia
702 444 837 486 agenda
850 445 885 477 in
901 455 961 478 na-

727 247 872 281 NO'PAE
906 248 1172 283 VARIORUM
1209 252 1260 283 ΙΝ

1013 345 1073 377 tali
1085 345 1210 378 Lucani
1227 346 1366 378 diceret.
1391 346 1489 380 Gran.
1504 344 1615 381 Dialr.
1626 357 1653 382 e.
1661 341 1718 383 22ss

1057 399 1119 428 135
1141 397 1276 438 Adora]
1299 397 1460 430 Celebret
1471 404 1508 432 et
1523 400 1616 433 colat
1626 391 1716 434 diem

1016 447 1168 480 natalem
1183 447 1322 481 Lucani.
1337 447 1462 482 Domie.

608 687 1000 737 SYLVARUM
1056 686 1199 736 LIB·
1258 689 1359 738 111.

324 794 480 829 Fideliter·
515 799 663 841 inhaeres]
711 800 846 831 Summa
879 797 962 837 fide,

257 848 383 887 spretis
399 849 588 885 ambitionis
611 855 647 882 et
664 849 819 881 avaritiae
843 848 962 880 seduc·

243 897 409 930 -tionibus
426 910 445 931 a
468 907 573 942 scopo
589 910 678 932 νει-ω
695 900 790 933 vitae.
811 900 902 931 Vere
925 903 962 930 et

258 957 301 978 ex
325 949 437 981 animo
461 951 509 983 ait
539 953 822 994 tranquillitatem
846 955 882 983 et
907 960 959 982 se-

257 1003 391 1030 cessum
409 1001 521 1032 colere
538 1011 632 1033 suum
650 1001 809 1034 Polliam.
835 1001 959 1033 Coma-

255 1048 364 1080 minat
391 1050 478 1083 hanc
504 1051 698 1091 lectionem,
718 1057 754 1083 et
779 1051 958 1083 veritatem

254 1097 342 1130 adeo
363 1099 483 1141 ipsam,
508 1102 565 1143 qui
580 1102 724 1140 feliciter
748 1111 848 1143 quam
876 1100 956 1132 illud

253 1149 392 1182 mavult.
438 1150 474 1182 Is
490 1156 543 1183 est
553 1161 620 1184 non
630 1161 759 1193 magnae
773 1152 823 1183 rei
836 1151 957 1183 Gram-

253 1199 388 1231 matista
404 1200 461 1234 Jo.
474 1201 612 1244 Scoppa
628 1202 877 1234 Collectaneor.
898 1201 956 1234 lib.

253 1253 280 1279 1.
293 1258 369 1290 cap.
382 1253 435 1283 30.
450 1251 572 1284 Barth.

294 1299 363 1332 His
372 1301 520 1342 versibus,
531 1302 600 1344 «ξς-0.]
617 1301 771 1335 Adorare
784 1302 954 1334 interdum

251 1355 307 1383 est
330 1353 537 1393 compellare
566 1359 600 1384 et
625 1354 786 1391 salutare,
802 1357 840 1384 ut
862 1361 954 1393 saepe

252 1401 343 1442 apud
361 1402 467 1443 Apul:
505 1402 707 1435 Praesertim
733 1403 808 1434 Mil.
837 1403 895 1435 lib.
914 1412 952 1434 ιι.

249 1451 259 1468 ‘
275 1450 468 1484 Accusator
494 1453 630 1494 qnidam
653 1453 770 1485 *senior
799 1453 954 1493 exsurgit

249 1505 286 1531 et
309 1502 471 1542 populum
493 1503 541 1534 sic
558 1502 704 1535 adorat?
728 1503 857 1534 Noster
872 1501 952 1534 infr.

249 1550 362 1591 Epist.
378 1552 436 1583 lib.
451 1561 501 1584 ιν.
523 1554 532 1570 ‘
551 1553 770 1585 Consulatum
787 1551 951 1584 adoravi!

248 1600 302 1632 De
318 1601 382 1633 hoc
398 1603 501 1634 verbo
516 1602 591 1635 fuse
613 1603 771 1635 Muretus
788 1601 822 1633 in
838 1602 951 1634 variis.

250 1653 400 1686 Graccus.

292 1703 474 1735 Germanici
494 1704 594 1736 nostri
615 1704 758 1745 libertus]
783 1704 862 1736 Non
884 1704 949 1736 Dei

245 1754 365 1785 nostri.-
388 1755 478 1796 quod
507 1754 636 1787 fatetur
658 1765 720 1796 pro
743 1755 884 1787 libidine
911 1764 948 1787 se

245 1803 428 1836 inseruisse
445 1805 630 1837 Domitius.
653 1805 793 1837 Gronov.

251 1856 254 1859 ’
299 1855 379 1886 Cum
424 1859 582 1895 gemmata
625 1855 758 1897 pyxide]
812 1855 946 1887 Morem

243 1903 332 1935 hunc
349 1906 518 1937 condendi
535 1911 570 1937 et
594 1904 818 1937 consecrandi
841 1905 946 1945 capil-

244 1954 294 1985 los
324 1953 427 1987 docet
456 1955 626 1987 Lucianus
656 1954 699 1986 de
730 1955 808 1986 Dea
835 1955 945 1996 Syria.

249 2004 345 2035 Cruc.

290 2054 455 2085 Intendere
493 2054 567 2096 tibi]
618 2055 821 2095 Susceptam
867 2065 940 2088 esse

242 2113 346 2136 causa
362 2110 420 2136 tua
435 2109 473 2136 ut
494 2110 609 2137 tecum
620 2115 758 2137 verser:
782 2107 941 2147 quoniam

241 2154 284 2186 ad
303 2159 337 2186 te
362 2159 435 2194 tua,
462 2155 584 2196 inquit,
600 2156 812 2197 potissimum
838 2165 942 2188 causa

238 2205 274 2236 in
302 2205 447 2245 patriam
478 2205 613 2247 cogito:
648 2215 726 2237 nam
752 2206 883 2238 Pollius
906 2206 940 2238 in

240 2255 427 2296 Campania
440 2259 527 2287 erat.
543 2256 713 2288 Domitius.
870 2263 874 2267 ⁴

282 2305 402 2336 CARM.
417 2314 442 2337 1.
461 2309 477 2336 1
494 2306 676 2347 Tirynthie]
698 2306 854 2337 Herculis
868 2306 940 2347 epi-

238 2356 370 2387 theton.
395 2355 426 2387 A
439 2356 603 2397 Tirynthe
616 2357 755 2388 civitate
770 2358 939 2398 Pelopon-

238 2406 322 2446 nesi,
349 2406 393 2438 ab
411 2416 527 2438 sorore
542 2406 800 2448 Amphitryonis
816 2417 939 2439 nomen

237 2455 377 2497 ada-pta,
391 2461 530 2488 auctore
545 2457 781 2498 Epitomatore
799 2458 939 2499 Stepha-

237 2507 285 2539 ni.
320 2509 403 2539 Eam
421 2510 591 2549 Cyclopes
605 2509 772 2541 moenibus
788 2510 938 2542 cinxisse

238 2560 356 2587 auctor
368 2558 594 2597 Apollodorus
610 2559 667 2592 lib.
684 2568 726 2590 ιι.
750 2559 805 2591 1ὺί
821 2565 939 2592 natum

238 2605 423 2638 Herculem
442 2609 548 2640 tradit
560 2609 701 2641 Servius
713 2609 754 2641 ad
770 2611 845 2642 AEn.
855 2619 937 2643 v111.

238 2656 443 2689 Habitatum
478 2668 518 2690 eo
547 2658 741 2699 profectum
771 2669 813 2691 ex
838 2661 936 2702 jussu

237 2706 378 2738 Oraculi
395 2706 634 2748 Apollodorus.
651 2710 817 2742 Bar-thia&

278 2759 299 2788 2
325 2757 443 2789 Causas
452 2759 526 2789 anni
538 2759 669 2799 desidis]
705 2760 813 2792 Causa
828 2770 934 2802 quare

234 2805 298 2839 hoc
312 2815 399 2840 anno
415 2807 477 2840 tibi
490 2809 702 2841 cessaverint
717 2819 835 2843 saera:
860 2811 934 2844 haee

1016 802 1130 831 autem
1154 800 1241 832 ratio
1263 805 1325 838 est,
1340 800 1429 842 quod
1444 801 1569 834 coleris
1585 799 1713 841 majore

1016 848 1122 890 tholo,
1138 850 1170 881 id
1198 856 1261 891 est,
1276 852 1365 893 quod
1389 857 1578 893 occupatus
1605 850 1654 883 fui
1677 850 1712 881 in

1014 899 1105 931 tholo
1122 905 1156 932 et
1170 902 1299 942 templo
1323 902 1384 934 tibi
1398 901 1636 944 amplificando
1653 900 1711 932 ubi

1013 952 1145 985 coleris.
1162 953 1334 986 Domitius.
1558 946 1562 951 A

1056 1004 1075 1033 ⁵
1099 1002 1162 1034 Sed
1176 1003 1294 1035 nitidos
1313 1007 1426 1045 postes,
1446 1003 1626 1045 Graii-sque,
1638 1000 1711 1044 δὶα]

1012 1051 1135 1084 Paruit
1154 1054 1284 1086 monito
1313 1059 1370 1086 tuo
1400 1054 1564 1086 Pindaro.
1594 1052 1712 1094 Olym·

1012 1102 1139 1142 pionic.
1165 1103 1232 1136 Od.
1259 1113 1307 1136 v1.
1336 1104 1487 1136 inserto:
1521 1101 1710 1145 Ἀρχομένον

1012 1151 1113 1193 ἔργου,
1128 1153 1290 1194 πρόσωπον
1303 1153 1370 1196 Χρὴ
1381 1152 1470 1194 θέμεν
1482 1150 1648 1192 τηλαυγές.
1665 1159 1708 1183 en

1010 1203 1154 1246 πρόθυρον
1165 1204 1267 1236 etiam
1283 1204 1433 1244 εὒτεῖχες,
1445 1202 1631 1242 arrectaria,
1641 1202 1709 1234 val-

1009 1264 1117 1286 varum
1135 1258 1328 1293 ornamenta,
1341 1255 1591 1295 antepagmenta,
1613 1249 1708 1284 πωθὲ

1007 1303 1070 1345 μοὶ,
1081 1309 1165 1337 antoe
1173 1316 1184 1337 .·
1206 1305 1308 1346 φλιαὶ,
1316 1308 1431 1346 postes,
1441 1314 1484 1346 qu
1489 1303 1538 1336 asi
1548 1300 1706 1346 παραστᾷ-

1008 1356 1068 1393 δες,
1080 1364 1099 1386 a
1112 1355 1235 1396 quibus
1247 1356 1368 1387 ostium
1381 1354 1520 1396 pendet.
1543 1352 1708 1384 Veterani

1008 1406 1140 1436 emeriti
1170 1405 1346 1445 ἀναθήματα
1368 1413 1536 1436 armorum
1559 1403 1601 1434 ad
1630 1412 1707 1444 pos-

1008 1458 1060 1487 tes
1073 1455 1255 1497 Ἧρακλείου
1270 1454 1524 1497 appendebant.
1537 1453 1662 1485 Mareu.

1049 1508 1070 1537 7
1095 1506 1219 1547 OEtoea]
1243 1507 1327 1538 Erat
1351 1505 1384 1537 iu
1410 1507 1580 1536 monteeo
1598 1503 1706 1544 locus,

1007 1565 1106 1597 quem
1124 1556 1133 1573 ‘
1151 1565 1270 1596 pyram
1283 1554 1292 1570 ’
1307 1551 1598 1595 dicebant‚‚index
1614 1552 1705 1584 Her·

1006 1605 1092 1637 culis
1113 1605 1162 1637 ibi
1178 1603 1397 1644 concremati,
1411 1608 1450 1635 ut
1465 1602 1579 1635 Livius
1597 1605 1704 1634 testaa

1002 1660 1059 1688 tur
1068 1655 1129 1688 lib.
1143 1664 1275 1688 xxxvt.
1297 1655 1342 1687 Et
1353 1653 1486 1686 notavit
1500 1651 1703 1685 illustrando

1002 1705 1079 1737 huic
1096 1706 1233 1746 Papinii
1258 1706 1332 1737 loco
1353 1703 1557 1736 Hermolaus
1573 1703 1704 1735 Barba-

1001 1765 1058 1788 rus
1074 1756 1115 1788 ad
1134 1756 1225 1788 Plin.
1238 1756 1297 1787 lib.
1315 1764 1408 1787 xxv.
1421 1764 1451 1787 c.
1466 1758 1499 1786 5.
1521 1753 1589 1788 Qui
1611 1753 1701 1785 male

1002 1810 1118 1838 tamen
1130 1806 1234 1837 verba
1247 1805 1383 1847 Papinii
1395 1803 1565 1846 producit.
1580 1803 1699 1849 Barth.

1043 1859 1085 1888 23
1110 1858 1199 1897 Ergo
1223 1866 1293 1897 age,
1317 1859 1349 1888 et
1372 1865 1519 1896 mer-snm,
1538 1853 1608 1896 ξω]
1629 1853 1699 1886 Eu-

1001 1907 1158 1948 rystheus
1185 1907 1398 1939 Micenarum
1418 1908 1491 1947 rex‘,
1504 1905 1603 1947 cujus
1627 1913 1699 1936 me-

998 1957 1098 1989 minit
1113 1958 1215 1988 etiam
1227 1956 1440 1999 Thucydides
1456 1956 1491 1987 in
1511 1955 1619 1997 primo
1633 1954 1700 1986 his·

999 2006 1174 2047 turim-um,
1194 2007 1251 2048 qui
1273 2006 1405 2038 labores
1426 2005 1572 2038 Herculi
1593 2005 1698 2047 impe·

997 2057 1108 2098 rabat,
1124 2061 1243 2097 postea
1259 2066 1357 2098 quam
1375 2056 1523 2097 peractis
1538 2055 1697 2087 certami-

996 2107 1093 2139 nibus
1114 2108 1249 2141 Junone
1272 2116 1407 2149 quoque
1421 2105 1643 2147 assentiente,
1659 2110 1698 2138 ut

996 2158 1115 2190 scribit
1130 2157 1312 2193 Diodorus,
1335 2157 1367 2188 in
1384 2157 1506 2188 caelum
1526 2154 1696 2188 Hercules

996 2209 1121 2240 relatus
1145 2212 1209 2245 est,
1226 2207 1432 2239 interficitur
1447 2206 1489 2238 ab
1515 2206 1590 2248 ejus
1615 2205 1695 2238 filiis

995 2259 1051 2299 qui
1089 2257 1345 2289 Atheniensium
1384 2256 1557 2298 praesidio,
1588 2251 1696 2297 Iolao,

994 2308 1139 2348 Theseo,
1165 2308 1217 2339 Ilo
1239 2307 1397 2347 ducibus,
1418 2306 1609 2339 exercitum
1633 2305 1693 2338 ad·

994 2367 1112 2389 versus
1135 2357 1362 2398 Eurystheum
1378 2357 1569 2388 duxerunt:
1592 2364 1693 2398 quem

996 2407 1120 2439 victum
1149 2411 1185 2439 et
1205 2406 1395 2448 fugientem
1420 2406 1490 2437 Ilus
1506 2405 1693 2439 interfecit.

994 2458 1169 2489 Hactenus
1182 2457 1365 2489 Diodorus.
1410 2456 1534 2488 Strabo
1559 2465 1641 2489 vero
1655 2461 1694 2490 et

994 2507 1180 2540 Pausanias
1194 2508 1363 2547 scribunt,
1380 2506 1563 2547 Eurysthei
1585 2516 1690 2539 mem—

993 2558 1054 2590 bra
1069 2558 1234 2600 Gai-getis
1254 2558 1390 2599 sepulta
1406 2566 1493 2597 esse,
1507 2562 1610 2599 caput
1625 2557 1689 2589 Co-

992 2607 1095 2639 rinthi
1119 2617 1281 2645 scorsum,
1297 2607 1387 2649 quod
1413 2607 1457 2638 ab
1479 2606 1574 2639 Iolao
1594 2607 1691 2639 circa

990 2656 1119 2689 fontem
1135 2657 1293 2689 Acariam
1318 2666 1417 2689 secus
1443 2656 1614 2689 tramitem
1628 2657 1688 2690 ab·

989 2709 1130 2740 scissum
1142 2707 1221 2748 fuit,
1235 2709 1398 2750 locusque
1413 2707 1608 2749 appellatur
1619 2708 1688 2741 Eu-

988 2759 1116 2801 rysthei
1140 2763 1256 2800 caput.
1277 2758 1338 2791 Ait
1361 2758 1475 2800 itaque
1499 2757 1687 2799 Papinius:

988 2809 1091 2842 Adsis
1125 2809 1295 2842 Hercules
1322 2809 1394 2842 sive
1417 2808 1491 2849 jam
1528 2809 1679 2850 peractis
1728 2840 1730 2842 .
