1846 3120
401 532 498 605 P.
578 531 1086 608 PAPINII
1164 533 1570 611 STATII

631 679 1326 783 THEBAIDOS

774 903 994 952 LIBER
1040 901 1190 951 vm.
1259 886 1261 888 ’

792 1203 1166 1236 ARGUMENTUM.

252 1280 506 1315 Anrnnmms
528 1290 604 1314 cum
621 1280 722 1313 armis
738 1290 910 1323 curruque
933 1285 1053 1314 vectus
1076 1281 1112 1313 in
1129 1280 1271 1315 Inferos
1281 1282 1487 1317 delabitur:
1507 1275 1707 1319 mian·

295 1335 423 1367 umbrae
436 1336 498 1367 hoc
513 1344 602 1367 novo
613 1334 825 1375 spectaculo,
835 1338 874 1366 et
886 1333 1018 1366 Pluto‘
1009 1344 1059 1367 ira
1072 1335 1283 1377 exardescit,
1295 1336 1384 1379 quod
1403 1337 1495 1380 teges
1506 1324 1705 1372 inferorum

293 1389 374 1421 vivo
398 1388 534 1430 hospite
554 1387 706 1420 immisso
730 1387 863 1420 violatae
889 1387 1038 1420 fuerant.
1082 1388 1202 1430 Argivi
1227 1394 1343 1422 autem
1368 1391 1434 1423 rati
1464 1394 1590 1423 terram
1614 1390 1708 1433 ipsos

292 1442 402 1474 etiam
419 1441 670 1483 absorpturam,
683 1439 798 1482 fugam
815 1441 971 1482 capiunt,
985 1450 1069 1483 quos
1082 1442 1235 1475 Thebani
1257 1443 1383 1475 acriter
1397 1448 1544 1486 urgeam
1564 1443 1624 1484 sed
1638 1453 1706 1479 nox

263 1496 267 1506 ’
292 1495 450 1536 praelium
466 1495 606 1527 dirimit.
651 1495 730 1527 Non
746 1494 865 1526 cadem
881 1493 947 1526 fnit
963 1495 1118 1538 utrisque
1132 1506 1142 1528 e
1173 1505 1251 1528 nam
1272 1495 1375 1529 fracti
1394 1497 1507 1529 animo
1518 1496 1641 1540 Argivi
1656 1496 1707 1530 lu·

295 1547 407 1589 gendo
432 1547 641 1590 Amphiarao
665 1553 701 1580 et
724 1558 787 1580 sua
809 1553 900 1580 sorte
920 1548 1130 1590 deploranda
1153 1549 1244 1581 illam
1269 1549 1524 1583 transmittunt:
1548 1559 1569 1583 e
1584 1547 1706 1584 eontra

286 1600 444 1633 Thebani
456 1601 537 1633 belli
550 1610 712 1633 successu
727 1601 939 1641 exultantes,
950 1601 1037 1633 hauc
1051 1601 1085 1633 in
1103 1602 1270 1634 conviviis
1285 1607 1502 1641 consumunt,
1516 1607 1554 1635 et
1565 1607 1707 1636 cantan-

290 1653 347 1685 dis
373 1654 504 1695 hymnis
525 1655 560 1686 in
583 1655 747 1686 honorem
771 1654 922 1687 Deorum
948 1659 984 1686 et
1009 1655 1185 1697 praecipue
1202 1656 1362 1688 Herculis
1375 1660 1412 1688 et
1426 1656 1555 1689 Bacchi
1570 1666 1706 1690 suornm

289 1706 434 1746 civium,
460 1707 695 1749 Tiresiamque
718 1711 830 1740 vatem
854 1708 1009 1755 laudibus
1033 1709 1068 1740 in
1097 1709 1221 1741 coelum
1249 1710 1430 1742 extollunt.
1488 1710 1619 1742 Exorta
1649 1710 1705 1742 die

296 1759 466 1792 Adrastus
478 1761 662 1793 concilium
679 1767 848 1793 convocat
863 1762 906 1794 ad
919 1761 1194 1795 substituendum
1211 1762 1359 1805 aliquem
1373 1762 1531 1795 inlocum
1543 1762 1705 1805 Amphia-

290 1813 357 1845 rai.
400 1813 602 1846 Thiodamas
618 1814 765 1846 omnium
792 1813 964 1857 suffra-giis
987 1816 1132 1856 electus,
1147 1815 1331 1848 sacerdotii
1345 1816 1503 1858 iusignia,
1515 1827 1594 1859 quae
1609 1826 1706 1851 secu-

292 1865 404 1906 sabat,
417 1874 551 1898 sumere
567 1866 714 1908 cogitur.
758 1866 825 1899 Ille
854 1866 946 1900 facto
969 1867 1137 1900 sacrificio
1161 1869 1333 1901 Tellurem
1355 1870 1483 1911 placat.
1527 1870 1614 1902 Cum
1629 1869 1705 1902 hoec
1740 1906 1743 1912 ‚

288 1918 386 1960 apud
402 1918 549 1960 Argivos
572 1924 751 1960 geruntur,
774 1920 927 1952 Thebani
958 1921 1066 1962 portis
1088 1919 1186 1953 effusi
1202 1921 1309 1953 aciem
1333 1922 1518 1956 instruunt.
1559 1922 1705 1958 Tardius

292 1969 468 2013 prodeunt
480 1972 596 2003 tristes
614 1971 748 2013 Argivi,
763 1972 970 2015 tandemque
986 1977 1132 2016 utroque
1145 1973 1299 2006 exercitu
1311 1975 1428 2012 mixto.
1441 1979 1539 2008 atrox
1551 1976 1705 2008 commit-

291 2025 382 2056 -titur
392 2028 581 2057 certamen.
614 2025 761 2057 Haemon
778 2026 869 2058 inter
883 2026 1063 2058 Thebanos
1080 2027 1219 2067 eminet,
1236 2027 1291 2059 cni
1306 2026 1444 2060 favebat
1459 2029 1644 2071 Hercules,
1653 2030 1704 2062 in-

290 2081 350 2109 ·ter
378 2076 524 2119 Argivos
553 2078 703 2120 Tydeus,
729 2088 829 2121 quem
855 2080 1015 2112 Minerva
1041 2080 1227 2113 animabat.
1272 2080 1442 2113 Hercules
1461 2081 1629 2115 Minervae
1651 2092 1706 2115 re-

291 2130 450 2162 verentia
465 2131 585 2172 praelio
599 2131 693 2163 cedit
709 2141 750 2164 ac
775 2132 977 2165 Hemonam
1001 2132 1142 2166 deserit.
1185 2133 1309 2175 Itaque
1331 2143 1408 2166 eum
1427 2134 1570 2176 Tydeus
1591 2134 1704 2178 fugat,

288 2181 458 2223 iilumque
472 2183 653 2216 occidisset
668 2185 766 2217 hasta
781 2195 881 2228 quam
898 2186 1069 2223 emiserat,
1085 2186 1150 2218 nisi
1160 2186 1276 2219 Pallas
1288 2187 1359 2228 ipsa
1373 2187 1477 2219 ictum
1489 2187 1704 2221 detorsisset.

292 2233 464 2267 Plurimos
480 2235 668 2277 interfecit,
683 2237 774 2269 inter
789 2247 873 2279 quos
889 2237 975 2280 Atys
993 2238 1146 2271 Ismenes
1168 2249 1319 2282 sponsus.
1362 2240 1513 2273 Tandem
1528 2241 1704 2275 Eteoclem

291 2288 447 2328 agnitum
463 2289 498 2320 in
513 2294 688 2322 certamen
705 2294 879 2332 provocat.
924 2291 1083 2323 Eteocles
1098 2292 1130 2323 in
1146 2301 1222 2324 eum
1238 2293 1369 2324 hastam
1383 2292 1526 2334 emittit,
1537 2303 1605 2336 qua
1617 2294 1703 2327 vita-

292 2346 329 2371 ta
342 2340 484 2382 Tydeus
498 2342 603 2374 telum
618 2342 651 2373 in
665 2342 798 2375 hostem
821 2343 1011 2385 intorquet,
1025 2354 1092 2386 quo
1108 2344 1184 2376 finis
1198 2345 1300 2383 belli3
1322 2344 1389 2377 nisi
1404 2345 1598 2379 obstitisset
1619 2346 1705 2380 'risi-

293 2392 417 2433 phone,
434 2402 474 2425 ac
486 2394 664 2426 Eteoclem
678 2393 779 2427 fratri
793 2395 950 2437 Polynici
966 2401 1187 2429 reservasset.
1231 2396 1300 2430 Hic
1310 2398 1424 2439 gravis
1437 2407 1563 2439 pugna,
1571 2398 1703 2432 Theba-

290 2443 347 2476 nls
363 2454 459 2476 snum
477 2455 591 2487 regem
604 2446 744 2479 fortiter
757 2446 1036 2481 defendentibus.
1069 2449 1207 2491 Tydeus
1223 2449 1411 2482 innumeris
1425 2451 1534 2484 adhuc
1547 2451 1704 2490 hostibus

293 2497 415 2529 occisis
441 2503 476 2529 et
497 2497 673 2532 funeribus
688 2500 931 2543 circumdatus,
946 2511 967 2533 a
981 2501 1183 2544 Menalippa
1197 2502 1318 2535 Astaci
1332 2503 1403 2536 filio
1417 2505 1570 2537 letaliter
1586 2504 1702 2537 vulne-

292 2554 399 2590 ratur,
413 2560 515 2592 quem
530 2551 654 2584 cadens
671 2553 742 2585 telo
757 2553 1021 2595 missaperimit.
1066 2555 1254 2588 Extractus
1270 2557 1345 2589 acie
1361 2558 1487 2590 amicos
1509 2562 1622 2600 rogat,
1637 2558 1702 2593 sibi

292 2602 530 2645 Menalippum
556 2610 752 2646 apportent.
796 2607 910 2639 Currit
934 2607 1127 2649 Capenam,
1151 2607 1313 2651 ferroque
1338 2610 1402 2642 sibi
1425 2610 1480 2642 vis
1499 2619 1562 2652 per
1575 2610 1704 2643 medios

285 2653 408 2688 hostes
423 2662 555 2698 aperta,
571 2658 810 2700 Menalippum
825 2659 936 2692 adhuc
951 2652 1173 2702 palpitantem
1193 2660 1237 2692 ad
1258 2662 1413 2703 Tydeum
1429 2661 1545 2696 affert.
1587 2663 1703 2705 caput

287 2707 382 2740 iliius
399 2709 528 2742 abscidi
546 2710 650 2751 jubet
664 2712 815 2753 Tydeus,
831 2713 963 2756 sibique
978 2714 1106 2756 porrigi
1120 2727 1129 2754 ;
1152 2714 1319 2746 traditum
1334 2715 1526 2748 immaniter
1538 2715 1701 2749 dentibus

282 2760 467 2797 dilacerat.
510 2763 669 2797 Minerva
680 2773 760 2798 ,vero
772 2764 825 2800 ,illi
839 2766 983 2800 honores
998 2767 1263 2802 immortalitatis
1277 2767 1394 2804 atr-Iove
1409 2768 1452 2801 ob
1465 2768 1619 2811 ingentia
1633 2778 1702 2806 me-
