1846 3120
283 227 397 270 1572

279 330 498 385 Quodque
518 329 632 381 fugit
652 328 851 378 comites,
869 327 1005 371 nimio
1026 327 1146 382 quod
1166 327 1329 370 lumine
1347 335 1446 371 seso

280 400 427 452 Figat,
451 402 497 438 et
515 397 558 438 in
579 395 728 438 verbis
749 394 1090 450 intempestivus
1109 395 1294 446 anhelet,

758 236 823 267 Ῥ.
856 234 1048 266 ΡΑΡΙΝΙΙ
1082 233 1245 267 STA'ru

280 466 495 507 Miratur:
518 463 809 518 jamjamque
827 463 959 506 dolos
979 463 1150 517 aperire
1171 467 1399 517 parantem

279 532 491 586 Virginea
509 531 689 573 levitate
708 531 832 585 fugit,
852 531 1141 585 prohibetque
1161 530 1306 573 fateri.

280 600 356 642 Sic
378 600 460 641 sub
480 603 620 641 matre
642 598 770 640 Rhea
781 599 964 654 juvenis
986 603 1190 653 regnator
1211 597 1391 653 Olympi

281 666 448 708 Oscula
465 679 632 708 securae
653 666 791 708 dabat
809 666 1028 708 insidiosa
1048 667 1189 708 sorori

282 733 437 776 Frater
456 733 618 784 adhuc,
639 733 772 775 medii
793 733 932 775 donec
952 734 1192 776 reverentia
1210 733 1347 776 cessit

280 801 528 855 Sanguinis,
555 805 601 842 et
622 813 752 842 veros
773 814 978 854 germana
999 802 1184 856 expavit
1203 814 1390 844 amores.

279 868 479 911 Tandem
501 867 666 919 detecti
686 867 855 910 timidae
878 867 1100 910 Nereidos
1122 873 1264 911 astus.

280 935 432 977 Lucus
452 932 678 988 Agenorei
698 934 902 976 sublimis
921 935 979 976 ad
998 936 1123 988 orgia
1146 935 1309 978 Bacchi

281 1003 458 1052 Stabat,
480 1006 527 1043 et
545 1001 785 1043 admissum
805 1002 920 1044 coelo
938 1015 1116 1045 nemus:
1146 1002 1278 1057 hujus
1298 1003 1345 1044 in
1364 1002 1521 1045 umbra

282 1067 520 1110 Alternum
539 1081 746 1110 revocare
767 1069 855 1122 piae
877 1069 1120 1111 Trieterica
1139 1073 1300 1111 matres

1623 1068 1736 1126 „⁵95

279 1174 353 1196 num
367 1164 463 1204 vocis,
485 1168 517 1196 et
538 1166 657 1205 pondus
680 1166 898 1206 amplexantis,
920 1166 1057 1207 quodque
1072 1167 1167 1198 evitet
1191 1167 1282 1206 alias,
1299 1168 1380 1208 quod
1398 1175 1432 1199 se
1443 1165 1591 1208 respiciat
1602 1164 1734 1198 ninnium

279 1207 412 1238 intentis
425 1208 535 1247 oculis,
549 1210 581 1239 et
595 1208 819 1248 inopportuna,
832 1209 967 1248 suspiret
982 1209 1016 1240 in
1030 1209 1129 1240 medio
1142 1218 1290 1241 sermone.
1329 1211 1371 1241 Et
1378 1209 1450 1249 J'am
1461 1209 1595 1250 puello-i
1607 1207 1736 1240 “vinee

270 1249 331 1289 fug
337 1249 364 1280 it
376 1249 476 1290 illum,
498 1251 572 1281 dum
584 1250 703 1282 volebat
717 1259 787 1281 suas
801 1250 935 1289 fraudes
949 1251 1103 1291 detegere,
1116 1255 1258 1293 vetatque
1273 1261 1313 1284 ne
1326 1262 1358 1284 se
1368 1253 1493 1294 prodat.
1537 1251 1595 1283 Sic
1605 1249 1735 1290 juvenis

279 1292 456 1323 dominator
470 1293 538 1324 coeli
551 1292 699 1334 affigebat
711 1302 814 1324 coram
828 1293 919 1324 Rhea
933 1296 1036 1324 matre
1041 1293 1248 1332 fiandalenta
1260 1294 1368 1326 suavia
1390 1294 1488 1326 sorori
1505 1293 1587 1324 nihil
1598 1291 1735 1332 tituenti,

279 1334 379 1365 adhuc
396 1334 525 1372 frater,-
547 1336 642 1367 donec
653 1336 753 1376 pudor
764 1335 1048 1375 consanguinitatis
1071 1346 1135 1368 sese
1155 1338 1335 1377 opponentis
1357 1337 1494 1375 recessit,
1515 1339 1548 1368 et
1569 1344 1658 1368 soror
1677 1343 1735 1369 w-

279 1376 404 1408 horruit
418 1380 554 1408 mutatos
567 1387 696 1408 ammes.
743 1379 879 1409 Tandem
900 1381 984 1409 artes
1005 1378 1128 1418 pavidoe
1145 1379 1299 1410 Nereidos
1317 1382 1498 1420 patuerunt.
1546 1379 1648 1410 Lam
1665 1379 1735 1408 erat

279 1420 427 1457 excelsus,
437 1423 631 1451 consecratus
640 1419 740 1459 orgiis
749 1420 869 1451 Bacchi
878 1420 1047 1460 Agenorei,
1054 1423 1086 1451 et
1094 1421 1181 1462 sylva
1189 1421 1412 1462 provehebatur
1418 1421 1453 1452 in
1461 1421 1578 1453 coelum.
1600 1419 1641 1451 ln
1650 1418 1736 1450 imm

279 1461 388 1493 umbra
401 1462 556 1502 religiosae
567 1465 718 1494 matronoe
732 1466 951 1494 consueverant
965 1472 1113 1494 renovare
1127 1463 1243 1495 vicibus
1256 1473 1345 1495 sacra
1358 1463 1537 1504 mennaha,
1557 1465 1594 1494 et'
1605 1465 1734 1503 portare

888 1543 909 1556 O

280 1600 365 1633 sian.
380 1600 472 1632 Dan.
490 1600 571 1633 Put.
587 1600 710 1632 Petav.
726 1605 763 1634 et
777 1602 916 1634 venett.
939 1603 1046 1634 laudat
1059 1603 1334 1635 Achillem—584
1353 1601 1364 1620 ‘
1380 1601 1421 1634 In
1447 1610 1515 1633 una
1539 1599 1735 1644 membrana

279 1643 445 1685 scriptum
462 1647 515 1674 est
521 1643 620 1683 fugat
631 1654 644 1681 ,·
666 1643 756 1684 quod
783 1644 941 1676 nimirum
956 1645 1046 1677 solus
1060 1655 1137 1677 cnm
1152 1646 1223 1677 sola
1245 1646 1340 1686 cupit
1362 1654 1447 1676 esse.
1491 1643 1588 1676 Nihil
1605 1647 1734 1676 temere

279 1685 741 1718 mutandum.’Bartla.—591
767 1687 875 1727 Lang.
899 1687 999 1718 Lanr.
1025 1687 1156 1720 Busiid.
1182 1689 1330 1727 Lipsian.
1345 1685 1451 1719 Aldd.
1475 1686 1585 1719 Colin.
1600 1684 1732 1726 Gryph-

281 1733 316 1765 et
342 1728 444 1760 Basil.
461 1732 490 1760 et
518 1737 622 1760 versos
642 1738 817 1768 germana;
841 1730 931 1761 Dan.
958 1729 1041 1762 Put.
1056 1730 1180 1763 PetaV.
1202 1731 1303 1763 Bern.
1330 1728 1558 1771 Lindenbrog.
1582 1728 1681 1760 Cruc.
1697 1731 1734 1760 ot

279 1770 422 1803 Gevart.
437 1774 467 1802 et
482 1780 583 1803 versos
593 1774 874 1811 germanae.--594
897 1774 906 1790 ‘
922 1771 1037 1804 Barde
1052 1772 1194 1813 faciunt,
1213 1773 1270 1816 qui
1292 1772 1421 1805 malunt
1435 1771 1601 1804 admistum
1613 1781 1627 1808 ,·
1648 1768 1733 1809 illud

936 1845 1076 1877 NOTAE

323 1911 387 1940 584
413 1909 559 1948 Quodque
571 1907 666 1948 fug-it
679 1908 821 1949 comites]
855 1908 980 1940 Omnia

279 1960 355 1991 haec
372 1963 469 1989 certa
484 1957 610 1988 indicia
624 1957 759 1989 amoris.

321 2011 384 2040 685
409 2007 652 2048 intempestivus
674 2007 812 2048 anhelet]
846 2007 887 2039 Id
914 2011 979 2049 est,

279 2058 443 2099 suspiret,
457 2057 548 2099 quod
561 2056 602 2089 fit
618 2066 690 2098 prae
710 2057 873 2089 violentia
889 2067 980 2089 amo-

279 2119 338 2141 ris.

322 2162 387 2191 586
410 2158 507 2190 Dolos
530 2158 652 2199 aperire
672 2160 838 2200 parantem
862 2159 979 2200 [volen-

277 2209 355 2251 tem]
376 2209 560 2241 volentem
576 2218 613 2240 se
630 2207 806 2250 detegere.

321 2261 384 2291 587
418 2259 627 2299 Prohibetque
647 2257 767 2298 fateri]
805 2257 980 2298 Fugiendo

279 2309 369 2339 enim
386 2308 468 2340 nihil
483 2309 550 2340 loci
566 2307 781 2349 relinquebat
796 2306 919 2338 Achilli
936 2308 980 2340 ad

280 2369 316 2391 se
331 2359 572 2401 detegendum.

322 2412 387 2442 588
409 2409 474 2441 Sub
496 2413 595 2441 matre
611 2408 715 2449 Rhea]
747 2406 790 2440 Id
816 2413 880 2448 est,
902 2418 979 2440 cum

279 2461 390 2492 adhuc
413 2461 553 2501 Jupiter
576 2463 612 2491 et
634 2460 727 2492 Juno
752 2459 979 2491 educarentur

207 2518 216 2527 ⁴
280 2510 343 2541 sub
359 2510 477 2542 matris
491 2509 643 2550 imperio.
689 2509 853 2549 Regnator
870 2509 978 2550 Olym-

277 2557 327 2601 pi]
351 2559 501 2600 Jupiter.

323 2612 387 2640 589
409 2608 550 2649 Securae]
573 2609 668 2642 Nihil
688 2611 758 2642 tale
775 2620 796 2642 a
811 2609 919 2642 fratre
936 2609 978 2641 ti-

279 2659 400 2698 ¹menti.
432 2658 558 2700 Sorori]
579 2660 718 2693 Junoni.

323 2711 387 2740 590
410 2710 526 2741 Frater
540 2710 656 2751 adhuc]
686 2711 833 2744 Tantum
861 2709 979 2750 frater,

282 2764 318 2791 et
334 2758 481 2791 nondum
496 2760 631 2800 conjnx.

1075 1913 1138 1942 591
1167 1911 1209 1942 Et
1222 1920 1311 1942 veros
1319 1908 1454 1952 [versos]
1470 1907 1669 1942 Bernartius
1683 1908 1732 1944 le·

1033 1959 1085 2000 git
1103 1970 1189 1992 veros
1204 1970 1247 1992 ex
1269 1965 1406 1992 vetusto
1430 1959 1562 1992 codice.
1605 1957 1732 1989 Similis

1032 2008 1106 2041 fere
1132 2010 1227 2041 locus
1254 2009 1343 2051 apud
1369 2010 1534 2042 Nostrum
1556 2007 1663 2040 Theb.
1691 2017 1731 2040 x.

1032 2058 1136 2100 ‘Ipsa
1161 2059 1232 2091 illic
1257 2059 1371 2100 magni
1393 2059 1540 2091 thalamo
1565 2057 1734 2101 desponsa

1033 2108 1215 2149 Tonantis,
1226 2109 1359 2151 Expers
1373 2108 1548 2149 connubii,
1563 2112 1599 2140 et
1612 2102 1733 2140 tiniide

1033 2159 1184 2200 positura
1218 2169 1382 2200 sororem,
1414 2159 1556 2191 Lumine
1584 2157 1731 2191 demisso

1032 2209 1130 2250 pueri
1147 2209 1245 2242 Jovis
1269 2210 1385 2242 oscula
1406 2209 1491 2242 libat
1517 2208 1679 2250 Simplex,
1695 2211 1733 2240 et

1034 2259 1182 2291 nondum
1200 2259 1302 2291 furtis
1315 2258 1441 2291 offensa
1457 2258 1594 2290 mariti!

1077 2312 1140 2341 592
1158 2309 1323 2349 Nereidos]
1337 2309 1501 2340 Thetidos
1519 2307 1623 2340 Nerei
1639 2306 1731 2338 filiae.

1076 2361 1139 2390 593
1173 2358 1329 2398 Agenorei
1353 2358 1486 2399 Bacchi]
1523 2358 1613 2392 Quia
1642 2358 1731 2389 Bae-

1034 2409 1116 2440 chns
1133 2408 1292 2440 trahebat
1311 2408 1478 2449 originem
1501 2407 1547 2440 ab
1570 2406 1731 2449 Agenore

1033 2467 1113 2498 rege
1127 2452 1229 2500 Tyri3
1253 2467 1331 2490 nam
1349 2458 1494 2499 Semele,
1516 2462 1627 2491 mater
1644 2458 1732 2490 Bac-

1033 2508 1099 2549 chi,
1114 2508 1183 2539 filia
1199 2513 1277 2541 erat
1300 2507 1433 2549 Cadmi,
1459 2508 1516 2551 qui
1540 2512 1617 2541 erat
1640 2508 1731 2541 filins

1031 2558 1213 2599 Agenoris.

1073 2612 1135 2640 595
1159 2609 1326 2640 Alternum
1339 2618 1485 2640 revocare
1499 2609 1561 2650 ρέα.»
1580 2609 1731 2641 Τνίιίενί-

1030 2668 1067 2690 ca
1079 2658 1211 2699 matres]
1234 2659 1379 2691 Quidam
1403 2658 1569 2692 Codices:
1591 2659 1731 2691 Alter-nce

1030 2718 1188 2742 renovare.
1233 2709 1391 2744 Fortasse
1407 2708 1621 2741 scribendum
1637 2720 1646 2741 z
1670 2709 1730 2741 Az-

1032 2763 1152 2792 ternam
1166 2769 1309 2791 revocare
1327 2759 1391 2800 piae
1408 2758 1584 2791 Trieterida
1603 2762 1730 2792 matres.
