1858 3112
455 243 498 274 r.
531 241 724 274 ΡΑΡιΝιι
756 240 926 273 svm-11
961 241 1109 276 st'nv.
1142 241 1238 273 mn.
1260 242 1315 275 11.
1345 231 1388 273 1.

183 336 274 370 riam
301 336 466 371 Herculis
494 336 662 378 alludere,
689 336 746 370 cui
773 336 898 370 infanti

184 387 255 420 dno
267 396 397 430 angues
414 398 434 420 a
445 388 584 422 Jnnone
599 397 748 421 noverca
758 389 896 420 immissi

183 437 363 480 dicuntur,
390 447 460 481 qua
488 438 776 480 interpretatione
813 438 899 470 nihil

183 488 331 522 alieuius
346 488 414 521 dici
428 494 556 531 potest.
594 489 683 522 Nam
699 488 812 522 Poeta
823 490 897 521 sine

185 538 291 572 dubio
318 539 361 572 ad
387 539 664 572 Incantatiouem
683 544 720 572 et
737 539 896 572 blandam

184 597 306 624 vocem
343 590 510 633 respexit,
539 591 594 622 cui
621 590 714 622 illam
739 590 805 622 vim
839 591 898 623 tri-

184 639 296 675 buunt
315 641 419 683 magi,
436 646 475 673 ut
490 642 594 674 etiam
610 645 791 682 serpentes
807 642 896 674 occi-

184 690 270 724 dere
299 692 423 734 possit.
468 691 597 724 Noster
624 691 717 724 idem
746 691 836 724 dixit
858 700 894 725 v.

184 741 259 784 Syl.
267 741 311 774 ad
325 742 472 784 Crispin.
491 743 502 761 ‘
514 742 582 776 Qui
596 751 680 774 voce
693 746 793 784 potes
806 752 895 784 prae-

181 797 324 825 uertere
335 803 468 826 morsus
475 794 692 835 Serpentum,
707 797 813 835 atque
824 802 895 824 om-

178 851 247 875 nes
270 843 368 876 vultu
395 838 532 885 placare
557 842 746 876 novercas.’
769 842 895 884 Virgu.

183 893 219 926 in
235 895 357 937 Eclog.
388 896 399 914 ‘
417 894 577 937 Frigidus
607 894 642 926 iu
673 893 783 934 pratis
814 902 894 925 cau-

184 944 292 977 tando
306 945 477 987 rumpitur
493 943 636 986 anguis!
662 944 795 976 Gerart.

226 998 271 1028 49
285 996 389 1029 Soeeoe
405 995 573 1037 Nouerca]
585 995 676 1028 Vide
691 995 805 1027 multis
821 993 893 1026 An-

182 1045 302 1080 dream
313 1047 498 1090 Tiraquell.
514 1047 556 1079 ad
573 1047 641 1087 leg.
655 1046 791 1079 Nonam
804 1046 893 1078 Con-

183 1097 314 1130 nnbial.
330 1108 364 1140 p.
375 1100 453 1130 2⁵9.
469 1102 506 1130 et
521 1097 682 1129 Marcelli
697 1097 826 1129 Donati
841 1096 893 1128 di-

181 1147 328 1187 lucidat.
347 1148 380 1179 in
394 1147 510 1180 Tacit.
526 1157 560 1189 p.
579 1149 653 1180 12⁴2.

181 1220 191 1231 .
226 1200 269 1234 63
300 1196 477 1241 durataque
505 1199 636 1231 multum
674 1197 788 1230 Barba
816 1197 893 1240 tibi]

181 1249 303 1283 Just-ata
322 1249 431 1291 barba,
451 1249 563 1292 inquit
585 1249 773 1286 Domitius,
787 1249 822 1280 id
838 1255 893 1280 est

178 1300 284 1335 ratde
307 1305 442 1343 optata,
467 1309 544 1331 nam
577 1308 639 1341 per
668 1308 724 1331 res
753 1303 892 1340 optatas

182 1351 330 1383 solemus
348 1351 491 1392 jurare:
515 1350 572 1383 ‘O
604 1359 678 1382 rem
706 1350 887 1383 ridiculam

183 1402 270 1435 Cato
281 1407 318 1434 et
327 1402 484 1444 jocosam
498 1401 519 1434 Ρ
535 1401 778 1433 Duodeceunis
795 1410 895 1442 puer,

181 1454 320 1496 qualem
345 1453 529 1487 Glauciam
548 1451 654 1484 fuisse
670 1452 840 1493 Papinius
856 1456 894 1483 et

180 1504 352 1538 Martialis
369 1510 556 1546 testantur,
570 1513 632 1546 per
647 1503 788 1535 barbam
796 1504 893 1545 jura—

180 1553 256 1587 bit?
299 1554 421 1597 Apage
449 1555 608 1597 ineptias.
650 1554 771 1586 Jurata
796 1553 892 1587 barba

180 1606 266 1639 nibil
287 1606 381 1638 aliud
409 1606 479 1646 hic,
499 1615 599 1648 quam
616 1605 744 1637 devota
759 1611 795 1637 et
811 1615 892 1638 con-

181 1662 317 1690 secrata
344 1657 448 1689 alicui
463 1658 554 1690 Deo.
598 1657 728 1689 Notum
745 1661 799 1688 est
821 1666 892 1688 mo-

181 1708 230 1740 ris
244 1707 350 1741 fnisse
369 1708 530 1740 Romanis
546 1713 584 1740 et
599 1707 734 1740 Graecis
751 1711 789 1739 ut
810 1717 892 1748 pue-

181 1767 295 1791 rorum
325 1759 511 1791 etiamnum
537 1757 718 1790 infantium
744 1757 891 1799 capillos

181 1814 219 1842 et
241 1809 383 1843 barbam
407 1820 428 1843 a
454 1810 583 1842 teneris
612 1809 709 1842 annis
733 1809 808 1840 Diis
831 1814 892 1842 aut

178 1859 378 1895 fluminibus
414 1866 669 1894 consecrarent.
720 1861 891 1902 Exempla

180 1918 345 1946 sexcenta
356 1917 542 1958 occurrunt
567 1913 717 1955 passim:
739 1922 801 1945 nos
817 1917 891 1944 tan·

180 1969 255 1997 tum
270 1964 434 1997 nonnulla
443 1973 488 1996 ex
503 1963 617 1997 Statio
628 1968 743 1996 nostro
755 1962 890 1995 adfere-

180 2024 268 2049 mus.
311 2016 404 2048 Vide
429 2015 539 2048 Theb.
559 2025 612 2047 w.
633 2015 693 2048 nbi
710 2016 888 2057 Lycurgus

179 2066 322 2100 infantis
337 2066 540 2100 Archemori
565 2067 679 2099 crines
702 2076 784 2108 rogo
809 2067 888 2108 inji-

181 2119 256 2160 οδες
278 2124 316 2151 et
328 2118 438 2151 Theb.
454 2127 508 2151 ix.
523 2117 567 2150 de
584 2117 888 2159 Adulescentibus,

179 2172 248 2204 dte.
290 2170 493 2212 Ignorantia
519 2170 617 2202 verbi
640 2170 785 2212 ‘jurare
801 2169 811 2185 '
838 2170 889 2202 vi-

181 2229 259 2253 rum
285 2220 428 2254 doctum
454 2221 490 2253 in
505 2228 657 2253 errorem
675 2221 794 2262 traxit,
810 2229 888 2253 nam

180 2272 192 2291 ⁸
205 2271 328 2314 jurare
339 2270 351 2287 '
376 2270 526 2313 Papinio
551 2276 672 2304 nostro
687 2271 780 2304 idem
796 2271 889 2314 qnod

178 2322 190 2342 ⁴
204 2322 378 2355 devovere
389 2322 398 2336 ’
411 2327 449 2355 et
465 2322 475 2340 ⁶
486 2322 713 2363 consecrare,’
728 2323 809 2364 quia
824 2322 889 2355 sci-

178 2372 264 2406 licet
278 2375 313 2407 in
330 2374 419 2406 votis
434 2378 472 2406 et
494 2373 811 2406 consecrationibus
832 2373 890 2415 jn-

180 2430 372 2456 ramentum
387 2423 628 2456 adhibebatur.
673 2423 766 2456 Hinc
781 2424 890 2458 Theb.

178 2483 231 2508 lv.
244 2475 374 2507 Bacrbi
383 2473 543 2507 sacerdos
554 2485 563 2506 z
575 2474 585 2492 ‘
596 2473 712 2507 Alium
726 2474 788 2507 tibi
801 2475 887 2507 Bac·

177 2526 244 2559 elie
257 2525 405 2560 furorem
420 2525 563 2559 Juravi!
607 2527 685 2560 Quo
700 2527 776 2560 loco
793 2532 890 2560 recte

179 2576 322 2610 Laetae.
344 2578 354 2595 ‘
367 2577 466 2608 Bene
478 2576 522 2608 de
538 2586 632 2609 more
645 2577 791 2619 militiae,
818 2578 891 2620 ‘ju-

176 2627 274 2667 ravi,’
286 2627 474 2670 dixit‚quia
490 2627 621 2674 militiae
637 2634 888 2661 sacramentum

173 2678 320 2713 dicitur.
349 2685 387 2710 et
415 2678 608 2711 sacerdotio
633 2678 723 2712 dixit
734 2679 887 2721 jurasse,

177 2737 245 2763 ton
260 2729 372 2762 bello!
399 2730 534 2762 Gevart.

186 2797 188 2799 ·
221 2779 370 2812 eo-Piua
391 2779 497 2821 altor}
521 2779 739 2814 Inemendati
769 2790 888 2814 omnes

179 2828 317 2866 codices
332 2830 472 2873 babent,
492 2831 596 2871 auen-,-
619 2831 681 2865 sed
697 2841 759 2865 nos
770 2841 887 2865 emen·

1541 231 1654 274 1671,

948 338 1071 370 dantes
1099 338 1243 380 legimus
1267 339 1374 370 altor:
1415 346 1493 369 nam
1530 336 1659 368 Melior

947 387 1062 420 fuerat
1077 388 1168 420 altor
1190 388 1360 428 Glauciae,
1385 391 1422 420 et
1446 387 1660 419 educaverat

947 447 1045 469 eum:
1062 448 1140 470 narn
1155 439 1244 470 altor
1256 438 1299 470 ab
1312 438 1438 471 alendo
1455 437 1604 477 dicitur3
1621 442 1659 469 et

947 489 1022 521 baec
1037 495 1276 530 opponuntur,
1291 490 1373 522 altor
1397 494 1433 521 et
1458 491 1468 508 ⁴
1482 490 1659 522 alumnus:

946 540 1041 572 Alter
1063 540 1149 581 pius]
1173 539 1301 571 Melior
1324 549 1408 581 erga
1424 545 1459 572 te
1476 538 1565 582 pius.
1587 539 1658 572 Do-

945 593 1065 624 mitius.

989 646 1030 675 71
1057 642 1105 674 Tu
1119 643 1209 673 modo
1223 641 1361 683 delicioe]
1385 641 1572 674 Distinctio
1596 651 1658 684 po·

946 693 1060 726 nenda
1098 696 1175 734 post
1211 693 1300 724 bunc
1337 701 1483 724 versum.
1529 693 1576 724 Et
1607 692 1659 724 ita

947 750 1045 776 recte
1081 743 1265 776 ediderunt
1302 742 1423 784 Aldus,
1460 744 1660 786 Gevartius,

946 795 1148 839 Grasserus.
1187 795 1295 828 Secus
1315 795 1534 827 Parisieuses
1557 803 1659 836 repe-

945 846 1034 887 titae,
1061 851 1099 878 et
1120 845 1368 886 Antwerpiana
1384 845 1558 878 Bernartii
1583 845 1657 877 edi-

946 897 1004 930 tio.
1050 897 1226 928 Alluditur
1242 902 1358 929 autem
1374 896 1496 937 Amor,
1512 897 1569 938 qui
1587 907 1656 938 quo

944 948 1109 989 tenerior,
1119 958 1159 980 eo
1171 953 1226 981 est
1238 948 1328 980 curis
1338 948 1523 990 gravatior.
1535 947 1656 981 Barth.

985 1001 1029 1031 72
1052 997 1128 1031 Non
1140 998 1186 1040 te]
1198 999 1363 1031 Ostendit
1377 1008 1453 1030 eum
1470 1008 1537 1030 non
1549 996 1657 1030 fuisse

943 1053 1095 1092 emptum
1113 1059 1157 1082 ex
1180 1060 1286 1092 grege
1315 1049 1568 1090 venalitiorum,
1593 1049 1657 1081 sed

943 1106 1059 1133 natum
1077 1101 1166 1132 domi
1186 1111 1338 1141 vernam,
1359 1105 1399 1133 ut
1425 1109 1562 1132 causam
1584 1109 1657 1132 ma·

937 1152 1054 1194 jorem
1070 1152 1195 1183 amoris
1224 1151 1453 1192 demonstret,
1480 1155 1517 1182 et
1539 1155 1657 1193 pater·

943 1213 1021 1235 nam
1035 1212 1144 1245 prope
1156 1203 1324 1244 pietatem
1342 1201 1499 1234 Melioris
1516 1201 1549 1233 iu
1564 1210 1656 1234 eum.

943 1254 1115 1286 Domitius.
1162 1250 1350 1294 Cuthastoe]
1366 1253 1534 1285 cathasta
1560 1252 1656 1285 locus

943 1304 1001 1336 ubi
1019 1304 1107 1335 servi
1127 1305 1265 1336 venales
1293 1303 1570 1345 exponebantur,
1595 1313 1655 1345 pe-

943 1354 1043 1387 dibus
1069 1355 1225 1387 cretatis.
1251 1354 1342 1396 quod
1367 1354 1499 1386 Plinius
1521 1354 1657 1386 indicat

943 1415 1020 1438 cum
1053 1406 1096 1437 de
1127 1405 1310 1447 generibus
1340 1410 1444 1436 terrae
1476 1404 1611 1446 scribit,
1635 1413 1657 1436 a

948 1455 1127 1496 καθίστημι,
1143 1455 1233 1498 quod
1250 1459 1303 1487 cst
1318 1455 1492 1487 constituo:
1514 1465 1591 1487 nam
1614 1455 1655 1486 il-

943 1508 987 1539 lic
1000 1508 1183 1540 constituti
1194 1511 1295 1539 erant
1308 1507 1459 1538 venales.
1479 1506 1632 1538 Tibullus
1645 1509 1653 1531 ἓ

944 1563 954 1578 ‘
967 1559 1078 1593 Quem
1094 1568 1190 1599 saepe
1206 1557 1323 1600 coegit
1335 1557 1492 1589 Barbara
1501 1557 1655 1599 gipsatos

943 1608 1036 1641 ferre
1073 1610 1239 1642 Cannar-ta
1270 1607 1403 1650 pedes.’
1458 1608 1653 1640 Martialis:

943 1659 1033 1693 ‘Sed
1062 1670 1148 1703 quos
1174 1670 1311 1692 arcanoe
1337 1663 1478 1691 servant
1498 1659 1655 1691 tabulata

943 1711 1143 1745 Cathastae.'
1164 1712 1265 1744 Idem.
1310 1712 1386 1743 Non
1410 1714 1442 1743 te
1467 1710 1654 1752 barbaricae]

942 1762 975 1795 A
1000 1763 1173 1795 Politiano
1200 1766 1269 1803 est,
1296 1762 1388 1805 quod
1415 1771 1507 1794 nunc
1534 1771 1653 1794 omnes

941 1813 1025 1846 edit.
1040 1814 1178 1854 invasit,
1191 1813 1272 1856 quia
1286 1814 1423 1854 legerat
1437 1813 1528 1854 apud
1546 1813 1655 1846 Mart.

939 1874 997 1897 nec
1010 1875 1115 1896 araroe
1128 1874 1225 1896 terna
1239 1867 1382 1896 cataste.
1404 1864 1474 1896 Sed
1490 1873 1555 1905 ego
1571 1864 1654 1906 quid

940 1916 999 1957 sit,
1016 1926 1156 1948 vernam
1172 1916 1266 1947 illum
1282 1919 1426 1948 catastae
1449 1923 1517 1947 non
1540 1924 1657 1947 versa-

941 1967 1029 1999 visse
1058 1966 1253 2002 Glauciam,
1278 1966 1391 1998 nullus
1417 1965 1529 1998 video.
1577 1966 1654 1998 Nisi

938 2017 1030 2050 forte
1043 2018 1164 2058 voluit,
1173 2017 1345 2050 barbarica?
1357 2017 1536 2052 versabant,
1547 2028 1655 2057 verna,

938 2072 1094 2107 mensem
1125 2074 1164 2101 ut
1190 2078 1288 2101 verna
1316 2068 1362 2100 sit
1391 2068 1466 2110 ipse
1494 2068 1654 2109 Glaucia,

938 2123 1072 2152 catasta»
1088 2125 1202 2152 autem
1216 2129 1360 2152 numero
1384 2119 1510 2160 plurali
1534 2119 1652 2151 dican-

940 2175 1011 2203 tur.
1054 2170 1123 2203 Sed
1140 2170 1220 2213 quid
1238 2170 1434 2202 moramur?
1471 2171 1552 2202 Vet.
1565 2171 1669 2204 edit.'

940 2226 977 2254 et
992 2231 1110 2253 earum
1135 2221 1297 2253 traduces
1323 2220 1416 2252 turha
1438 2220 1566 2252 habent
1588 2229 1651 2262 pro

939 2282 1049 2305 verna.
1096 2272 1189 2304 Hinc
1211 2271 1354 2313 proclivi
1371 2270 1472 2302 nobis
1487 2269 1553 2303 fnit
1572 2280 1651 2302 eru-

940 2333 999 2356 ere
1013 2333 1130 2356 veram
1158 2323 1367 2354 lectionem:
1393 2321 1537 2354 versabat
1558 2322 1650 2354 turbo

938 2379 1082 2407 catasta.
1130 2375 1173 2406 Et
1189 2374 1238 2405 sic
1254 2373 1322 2405 Ms.
1345 2372 1455 2404 codex
1478 2372 1653 2407 Senensis.

942 2428 1084 2459 Gronov.
1099 2427 1210 2459 Πίσιν.
1225 2435 1292 2467 cap.
1306 2428 1358 2458 16.

983 2480 1025 2509 82
1050 2477 1117 2509 Fas
1130 2475 1224 2517 mihi]
1236 2475 1413 2516 Exemplis
1429 2475 1650 2517 antiquorum

940 2535 978 2560 et
1004 2537 1119 2560 rerum
1150 2527 1357 2558 naturalium
1381 2525 1456 2557 fieri
1483 2535 1582 2567 posse
1599 2537 1652 2558 os·

940 2580 1052 2612 tendit
1082 2584 1119 2610 ut
1148 2579 1224 2620 plus
1248 2578 1433 2618 adoptivus
1449 2576 1540 2609 filius
1557 2587 1651 2610 ame-

939 2631 995 2662 tur
1020 2640 1120 2673 quam
1145 2629 1282 2670 genitus
1306 2638 1326 2660 a
1341 2633 1455 2669 patre,
1470 2633 1510 2660 ut
1525 2638 1569 2660 ex
1585 2629 1651 2661 hoe

939 2681 1063 2714 innuat
1087 2680 1270 2712 Meliorem
1296 2681 1372 2721 plns
1397 2689 1526 2712 amasse
1543 2680 1650 2712 Glau-

938 2731 1027 2763 ciam
1044 2739 1144 2772 quam
1162 2729 1190 2760 si
1206 2728 1332 2761 fuisset
1345 2729 1447 2762 filius.
1472 2730 1649 2762 Domitius.

981 2784 1025 2814 86
1047 2781 1239 2822 Adi-citaque
1259 2785 1388 2823 serpunt
1405 2780 1562 2821 Pignora,
1575 2791 1648 2812 con-

937 2831 1046 2875 nexis]
1071 2833 1162 2865 Nota
1186 2835 1217 2865 et
1241 2832 1364 2865 adscita
1383 2832 1530 2874 pignora,
1545 2832 1579 2863 id
1595 2836 1650 2864 est
