1846 3120
302 230 415 280 1378
780 237 838 277 91‘.
872 246 1061 278 nemu
1093 248 1260 282 srA‘rri

305 342 398 384 Ceu
419 341 566 384 subito
586 342 633 383 in
653 344 788 383 terras
809 355 970 397 supero
994 343 1210 388 demissus
1230 347 1287 388 ab
1309 359 1411 399 axe,

304 410 531 460 Constitit,
551 412 722 450 exemta
742 410 998 452 manifestus
1022 412 1196 454 casside
1216 415 1357 465 nosci,

304 477 616 530 Despexitque
638 477 762 518 acies
780 476 1016 529 hominum,
1037 483 1079 520 et
1099 479 1295 522 clamore
1317 481 1533 535 profundo
1586 506 1589 508 v
1667 468 1754 526 766

305 544 530 586 Convertit
550 556 771 598 campum,
783 543 1009 599 jussitque
1032 547 1207 589 silentia
1226 548 1359 591 bello.
1597 556 1602 560 ’

304 609 541 652 Armorum
562 610 734 665 Superi,
755 615 892 665 tuque
912 624 939 652 o
959 612 1036 666 qui
1055 612 1204 656 funere
1225 618 1349 657 tanto

305 677 515 732 Indulges
534 678 657 729 mihi,
679 678 863 729 Phoebe,
883 679 1008 730 mori,
1030 671 1130 722 date
1149 680 1313 734 gaudia
1331 682 1511 734 Thebis,

308 744 426 796 Quae
441 746 603 801 pepigi,
624 750 672 787 et
691 749 782 788 toto
804 759 902 800 quae
925 748 1135 800 sanguine
1152 749 1362 802 prodigus
1384 751 1486 793 emi.

306 811 439 854 Ferte
458 818 573 855 retro
591 813 769 863 bellum,
791 816 1020 868 captaeque
1040 814 1268 869 impingite
1287 816 1443 859 Lernae
1669 817 1756 860 765

307 878 543 934 Reliquias
566 885 731 936 turpes,
748 881 1012 935 confixaque
1033 885 1154 936 terga
1169 882 1369 925 foventes

306 945 498 989 Inachus
516 948 746 990 indecores
763 953 886 1002 pater
906 953 1127 991 aversetur
1149 951 1364 993 alumnos.

305 1012 368 1055 At
387 1014 535 1068 Tyriis
555 1016 738 1070 templa,
760 1029 882 1066 arva,
904 1016 1076 1066 domos,
1098 1018 1331 1068 connubia,
1350 1024 1479 1060 natos

308 1079 502 1123 Reddite
520 1086 659 1125 morte
678 1096 803 1125 mea:
834 1082 875 1124 si
893 1095 974 1125 vos
994 1083 1174 1137 placida
1193 1083 1374 1126 hostia
1354 1086 1468 1141 Juvi,

306 1148 358 1190 Si
378 1162 463 1190 non
484 1151 682 1193 attonitis
703 1151 818 1192 vatis
839 1150 1043 1192 consulta
1061 1152 1210 1205 recepi
1652 1152 1754 1196 ’770

305 1213 516 1267 Auribus,
539 1220 584 1258 et
598 1217 762 1260 Thebis
780 1218 971 1259 nondum
990 1218 1268 1260 credentibus
1289 1219 1432 1271 hausi,

307 1282 354 1323 H
360 1296 426 1325 aec
446 1282 728 1339 Amphioniis
748 1297 828 1338 pro
848 1297 916 1325 me
935 1285 1174 1338 persolvite
1191 1286 1328 1336 terris,

281 1343 284 1346 ’
306 1349 378 1392 Ac
397 1350 505 1392 mihi
524 1351 769 1406 deceptum,
788 1364 957 1406 precor,
976 1355 1158 1429 exorate
1177 1356 1413 1407 parentem.

311 1458 400 1490 vultu
414 1459 506 1491 solito
528 1459 745 1500 venerabilior,
769 1471 823 1492 eeu
845 1463 969 1502 repente
983 1462 1125 1503 delapsus
1146 1462 1179 1493 in
1202 1463 1344 1494 tellurem
1358 1463 1395 1494 de
1408 1470 1525 1494 summo
1541 1462 1627 1502 coelo,
1641 1461 1757 1501 agnitu

302 1500 414 1539 facilis
429 1502 534 1534 ablata
555 1504 657 1542 galea.
704 1503 764 1536 Ille
776 1505 1010 1544 comtemplatur
1025 1504 1202 1536 bellantium
1222 1504 1361 1544 agmina,
1379 1508 1409 1536 et
1431 1505 1562 1536 clamore
1574 1505 1637 1536 alto
1651 1513 1706 1535 ora
1720 1504 1755 1535 in
1805 1541 1810 1544 ¹

308 1552 341 1574 se
355 1546 518 1582 convertit,
532 1545 755 1586 imperavitque
769 1546 929 1578 silentium
941 1547 1164 1586 pugnantibus.
1193 1547 1333 1578 Numina
1344 1547 1515 1585 Bellorum,
1528 1549 1559 1577 et
1573 1549 1620 1586 tu,
1632 1545 1760 1596 Apollo,

307 1585 361 1625 qui
375 1586 454 1618 mihi
468 1587 606 1619 concedis
618 1589 791 1620 occumbere
806 1591 870 1619 tam
882 1589 1012 1629 pulchra
1025 1592 1136 1627 morte,
1149 1589 1282 1629 praebete
1291 1589 1410 1629 gaudia
1423 1588 1545 1627 Thebis,
1558 1598 1628 1629 quoe
1749 1611 1760 1626 ,

307 1631 340 1659 et
362 1638 430 1668 quae
445 1631 596 1670 prodigus
617 1631 793 1671 comparavi
807 1641 872 1662 meo
895 1640 1014 1663 cruore.
1060 1631 1157 1662 Retro
1179 1631 1281 1663 hostes
1301 1633 1400 1671 agite,
1414 1634 1446 1662 et
1458 1630 1575 1662 illidito
1589 1631 1630 1662 ad
1643 1630 1758 1662 victam

308 1670 443 1702 Lernam
448 1672 552 1711 soedas
566 1683 671 1704 eorum
685 1673 842 1714 reliquias,
855 1676 887 1704 et
899 1677 989 1714 pater
1001 1673 1136 1705 Inachus
1149 1677 1308 1705 aversetur
1318 1673 1469 1713 inglorios
1482 1673 1600 1704 accolas
1608 1676 1691 1713 suos,
1703 1681 1757 1703 eu-

307 1717 412 1745 rantes
426 1715 580 1747 vulnera
567 1725 602 1747 tn
616 1719 706 1755 tergo
726 1719 858 1756 recepta.
900 1716 948 1746 At
969 1715 1128 1747 restituite
1146 1716 1309 1755 Thebanis,
1323 1726 1389 1747 meu
1402 1724 1488 1754 nece,
1498 1715 1638 1755 delubra,
1653 1723 1759 1755 agros,

309 1756 403 1795 oedes,
418 1758 574 1798 conjuges,
588 1758 708 1789 liberos.
750 1757 788 1788 Si
802 1757 887 1789 vobis
907 1758 1012 1798 placui
1026 1757 1188 1798 obsequens
1202 1758 1344 1798 victima,
1365 1758 1394 1789 ei
1413 1767 1475 1789 non
1496 1756 1618 1788 timidis
1632 1756 1759 1788 auribus

309 1799 423 1830 admisi
436 1809 579 1841 responsa
592 1799 736 1839 auguris,
759 1810 853 1841 eaque
878 1800 996 1841 excepi,
1016 1800 1128 1831 Thebis
1142 1801 1277 1831 nondum
1289 1800 1495 1838 credentibus,
1519 1799 1597 1838 hoec,
1620 1808 1676 1839 pro
1697 1808 1758 1836 me,

307 1842 475 1882 persolvite
490 1843 596 1874 telluri
609 1842 805 1884 Amphionis,
820 1846 852 1874 et
866 1851 931 1884 oro,
951 1844 1084 1884 placate,
1097 1851 1173 1882 erga
1187 1851 1246 1883 me,
1267 1842 1507 1874 circumventum
1525 1844 1658 1884 patrem.
1701 1839 1758 1872 Sic
1811 1871 1821 1876 ,

921 1935 941 1948 O

1139 1936 1159 1948 0

312 1992 443 2032 optimo
459 1992 590 2034 alioque
607 2003 673 2025 uno
696 1992 785 2025 libro
800 1992 930 2025 diserte
953 1993 1096 2034 legitur.
1119 2001 1228 2034 supera
1251 1991 1401 2024 demissus
1414 1990 1454 2022 ab
1466 2000 1563 2027 arce‚·
1585 1989 1676 2040 quod
1691 1999 1759 2021 non

312 2038 366 2066 est
392 2035 626 2067 librariorum.
640 2036 757 2068 Barth.
759 2038 865 2067 -759
886 2036 896 2053 ‘
914 2035 991 2067 Non
1019 2035 1218 2067 solicitanda
1233 2034 1368 2066 videtur
1391 2033 1467 2065 haec
1491 2032 1614 2064 lectio.
1637 2032 1672 2063 in
1697 2042 1758 2073 op-

312 2078 397 2108 timo
413 2081 527 2110 tamen
540 2082 576 2109 et
592 2079 700 2110 altero
724 2077 811 2110 libro
828 2077 1020 2110 clarissimis
1036 2078 1146 2109 literis
1162 2077 1309 2118 legitur:
1337 2075 1500 2112 Constitit,
1515 2078 1545 2107 et
1563 2075 1678 2124 demta,
1693 2074 1761 2115 &cl

310 2119 420 2151 Idem.
426 2123 528 2152 -767
553 2120 649 2153 Unus
678 2121 802 2152 Behot.
829 2121 1011 2152 adversetur
1036 2121 1186 2152 alumnos.
1188 2122 1295 2151 -769
1320 2118 1407 2150 Vide
1433 2118 1584 2150 Gronov.
1612 2117 1647 2149 in
1673 2117 1758 2149 Not.

310 2162 393 2193 Var.
408 2161 452 2193 ad
465 2162 571 2194 Theb.
587 2171 653 2195 v.11
668 2165 740 2194 190.
744 2165 848 2194 -771
872 2162 1036 2194 Nonnulli
1051 2162 1151 2195 codd
1173 2161 1292 2194 Barth.
1312 2162 1445 2192 nondum
1464 2158 1650 2199 cedentibus.
1651 2161 1758 2191 —772

311 2205 409 2236 Unus
433 2205 566 2244 Behot.
578 2215 638 2246 pro
662 2215 710 2237 me
728 2205 916 2246 persolvam
936 2205 986 2237 ita
1010 2205 1113 2237 etiam
1141 2201 1477 2246 omnes—Barthianb
1502 2195 1652 2243 Lipsian.
1674 2201 1759 2233 Exc.

970 2289 1112 2323 NOTAE

356 2355 421 2385 759
443 2354 580 2386 Exemta
591 2354 775 2392 manifestus
784 2354 901 2386 casside
911 2353 1011 2394 nosci]
1063 2352 1169 2393 natos]
1192 2350 1413 2385 Paucissimis
1429 2348 1540 2382 verbis
1564 2349 1761 2390 complexus
1815 2375 1819 2382 ,

316 2404 385 2437 Qui
399 2403 503 2436 facile
519 2404 767 2446 agnoscebatur
783 2404 920 2437 ademta
939 2413 1012 2436 cas·
1065 2408 1119 2436 est
1153 2407 1261 2435 totum
1291 2401 1325 2433 id
1355 2400 1446 2443 quod
1478 2400 1608 2431 salvum
1638 2403 1759 2441 optare

313 2452 400 2485 side.
1064 2459 1207 2496 possunt
1221 2452 1395 2484 homines:
1420 2451 1455 2483 id
1472 2454 1539 2490 est,
1550 2449 1762 2491 religionem,

357 2507 419 2536 ⁷61
448 2507 625 2547 Convertit]
642 2507 682 2538 In
699 2517 749 2540 se.
1065 2501 1176 2544 agros,
1190 2502 1303 2542 urbes,
1317 2502 1494 2543 conjuges,
1508 2500 1668 2532 sobolem.
1705 2500 1762 2532 Ita

357 2560 422 2589 766
448 2559 637 2601 Confixaque
660 2552 752 2599 terga
771 2558 916 2598 foventes
938 2557 1013 2588 Ina·
1065 2554 1101 2585 in
1117 2552 1267 2585 carmine
1282 2551 1436 2583 saeculari
1453 2549 1632 2583 Horatius.
1664 2598 1672 2606 ·

315 2609 391 2641 chus
410 2609 568 2642 indecores
585 2613 676 2649 puter
689 2613 847 2641 aversetur
860 2607 1012 2647 alumnos]
1107 2606 1171 2636 769
1206 2601 1354 2643 placida]
1401 2599 1548 2634 Quidam
1585 2603 1760 2640 corngunt

314 2660 465 2691 Vulnera
482 2659 515 2690 in
542 2663 638 2700 tergo
662 2659 894 2699 ignominiosa.
937 2659 1012 2690 Ina·
1063 2654 1190 2696 placila·

313 2710 404 2751 chus]
440 2710 578 2743 Fluvius
609 2709 794 2752 Argolidis.
847 2709 1012 2751 Alumnos]
1107 2706 1171 2735 7⁷⁰
1192 2700 1364 2742 Αῑῐθηῑῆδ]
1386 2701 1436 2732 Ut
1451 2700 1648 2740 ¹gnflv⁰f¹¹m
1663 2701 1727 2731 est·

317 2755 477 2802 Argivos.
1108 2756 1172 2786 772
1191 2750 1406 2793 Amphioniis]
1423 2748 1608 2791 Thebanis,
1624 2747 1668 2781 ab
1682 2747 1763 2783 Am-

361 2816 426 2847 768
450 2813 587 2855 Templa,
599 2823 688 2853 αντα,
715 2813 833 2853 domos,
853 2811 1014 2853 connubia,
1066 2806 1189 2850 phione
1203 2813 1295 2846 rege.
