1846 3120
246 211 363 256 1644

247 316 304 348 ‘in
328 317 416 350 coelo
439 318 592 350 versari.’
636 318 701 351 Cui
730 319 866 353 confine
892 324 948 354 est

248 369 335 402 illud
352 370 526 402 Ciceronis
542 370 586 402 ad
598 369 754 404 Atticum
770 382 778 403 :
792 372 802 389 ‘
815 372 852 404 Si
868 382 950 405 vero

248 431 327 463 quse
345 421 388 453 de
401 431 454 453 me
469 425 573 462 pacta
582 427 663 455 sunt
675 431 743 455 nou
758 429 950 466 serventur,

249 470 282 502 in
300 470 387 502 coelo
402 470 501 503 sum.'
525 472 627 503 Idem.

290 524 354 553 215
381 522 527 554 Thessala
540 522 668 565 Tempe]
684 524 793 557 Locus
805 525 951 558 Thessa-

247 572 316 604 liae.
359 572 416 604 Ita
446 573 541 614 regio
577 583 598 605 a
635 579 734 616 parte
763 576 950 617 praecipua.

247 622 338 654 vide
355 622 445 654 Plin.
469 628 506 655 et
529 623 698 656 AElianum
719 625 852 668 integro
868 636 952 669 quo-

249 670 327 704 dam
343 671 469 712 capite.
491 672 591 705 Iletis
607 683 690 706 vero
704 675 862 708 Chironis
871 675 952 708 fllia.

290 723 356 753 217
389 721 517 762 Erato,
539 723 612 765 ξω]
648 724 774 757 Chiron
803 725 952 758 Centau·

248 780 308 803 rus
335 770 404 804 fuit
429 773 544 805 media
574 777 674 815 parte
699 784 819 817 equus.
862 776 952 809 Vide

248 821 358 853 multa
373 821 416 853 de
432 822 581 855 Chirone
593 824 684 865 apud
702 824 807 857 ovid.
826 825 954 858 Lucan.

249 871 453 912 Apollodor.
470 873 611 906 Diodor.
626 876 692 907 &c.
714 875 836 908 Barth.

291 924 358 954 220
380 922 516 965 Latous]
549 924 675 967 Apollo
690 925 780 958 filius
795 927 951 961 Latonae.

250 972 339 1005 Nam
354 974 444 1012 Δητὼ
459 974 583 1008 Graece
602 977 734 1009 Latona
750 977 887 1019 dicitur,
900 977 953 1010 in-

249 1021 294 1055 de
311 1024 447 1056 Latous.
491 1023 693 1067 Apollonius
705 1030 820 1059 tamen
834 1028 869 1059 in
885 1028 954 1069 pri-

249 1082 305 1105 mo
325 1073 501 1106 Latoidem
515 1076 729 1117 appellavit:
753 1077 879 1109 Γείνατο
899 1089 953 1109 κυ-

248 1120 388 1162 δαλίμοις
409 1123 586 1166 ἐναρίθμιον
600 1124 767 1165 Αἲολόδησι
791 1126 954 1167 Λητοΐδης.

250 1172 429 1205 Domitius.

291 1226 374 1255 221
372 1223 539 1266 Ortygia]
569 1226 702 1259 Eadem
724 1226 830 1261 Delos
846 1228 953 1270 dicta,

251 1273 342 1315 quod
357 1272 458 1315 ὄρτυξ,
475 1274 511 1306 id
526 1279 579 1307 est
600 1277 760 1318 coturnix,
777 1277 812 1309 in
828 1287 871 1310 ea
886 1279 953 1320 pri-

249 1333 341 1355 mum
359 1325 431 1356 visa
445 1325 507 1357 sit:
543 1325 627 1358 licet
641 1325 756 1359 fabula
770 1333 885 1369 canat,
900 1338 954 1361 so-

249 1381 363 1405 rorem
386 1373 558 1406 Asteriem
584 1385 718 1408 versam
743 1378 778 1409 in
802 1379 953 1410 coturni-

250 1432 338 1456 cem.
383 1424 426 1456 ln
441 1425 550 1457 insula
562 1435 626 1458 nec
641 1427 782 1469 sepeliri
796 1439 860 1462 nec
875 1439 950 1462 cre-

249 1473 336 1505 mari
346 1477 497 1506 mortuos
508 1474 557 1507 fas
572 1480 659 1508 erat.
675 1476 953 1512 efferebanturin
974 1494 983 1499 -

250 1522 405 1556 Reneam
423 1524 568 1557 insulam
588 1525 773 1560 distantem
789 1534 954 1571 quattuor

250 1572 392 1613 stadii83
416 1583 481 1606 nec
506 1574 576 1607 illic
600 1576 757 1610 alebatur
781 1579 888 1620 canis,
913 1585 954 1613 ut

250 1622 426 1655 docuimus
456 1624 490 1655 in
520 1627 773 1659 commentariis
801 1628 836 1660 in
861 1629 953 1663 Ibin.

249 1672 354 1705 Idm.
382 1671 490 1715 Nysa]
504 1672 642 1708 Arabiae
658 1676 795 1709 Foelicis
805 1682 953 1720 antrum,

249 1723 310 1755 ubi
338 1724 497 1756 Bacchus
522 1729 576 1758 est
602 1726 780 1761 educatus.
822 1729 954 1771 Sopho-

249 1774 323 1806 cles
349 1774 386 1806 in
414 1774 518 1808 India
536 1775 657 1809 scribit
683 1777 826 1820 Nysam,
854 1789 954 1821 quam

251 1825 412 1867 corniger
439 1826 599 1859 Bacchus
633 1828 697 1860 sibi
731 1830 956 1863 obstetricem

251 1876 348 1914 colit,
371 1876 431 1909 ubi
462 1877 533 1909 ales
558 1887 626 1910 non
649 1879 790 1921 clangit.
825 1880 967 1913 Home-·

250 1935 308 1958 rus
322 1937 331 1958 :
354 1927 366 1945 ‘
377 1926 445 1961 Qui
464 1927 634 1969 quondam
650 1930 810 1962 altricem
824 1930 956 1963 Bacchi

251 1985 451 2018 sacramque
464 1976 611 2009 ruebant
623 1978 695 2010 Per
704 1979 859 2021 Nysam.’
883 1981 955 2022 Ny-

250 2026 385 2058 saitem
400 2026 435 2057 iu
451 2025 536 2059 Asia
547 2026 650 2068 juxta
664 2029 791 2062 Trales.
814 2030 913 2063 Idem.

293 2079 359 2109 222
386 2077 476 2110 Hinc
499 2076 594 2119 Lycii
618 2082 750 2121 mntes,
775 2080 847 2122 δῖα]
875 2080 956 2113 Cor-

251 2126 470 2168 ruptissimus
506 2128 613 2160 locus.
679 2130 855 2172 Inprimis,
891 2141 955 2173 pro

252 2176 355 2217 Hinc,
381 2177 471 2218 lege,
502 2177 606 2218 Huic,
630 2179 764 2213 scilicet
788 2180 955 2223 Apollini.

252 2227 344 2259 Nam
361 2232 481 2268 postea
492 2229 647 2270 sequitur
654 2229 714 2272 illi,
722 2231 857 2263 scilicet
867 2233 956 2265 Bac-

251 2276 329 2309 cho.
373 2276 466 2311 Quid
498 2286 581 2310 vero
610 2279 675 2312 hoc
700 2280 766 2313 sibi
796 2282 885 2323 vult,
910 2283 957 2314 Et

252 2327 430 2359 Parnassus
441 2327 555 2361 honos?
570 2327 625 2361 Au
640 2329 849 2363 Parnassum
862 2341 955 2364 mon-

252 2382 336 2417 tem,
360 2377 593 2410 ‘Parnassum
621 2378 808 2422 honorem,’
832 2383 956 2414 vocat?

252 2426 340 2462 Quis
369 2426 421 2459 ita
449 2427 626 2469 loquitur?
660 2429 811 2464 Omnino
839 2432 956 2474 legen·

251 2476 344 2513 dum.
370 2477 656 2518 quemadmodum
683 2480 853 2523 Princeps
879 2491 956 2514 ern-

252 2525 404 2558 ditorum
425 2526 589 2560 Heinsius
613 2530 770 2563 censuit:
802 2532 849 2564 Et
871 2532 957 2564 Par-

251 2585 456 2608 mecaenas.
499 2576 632 2609 Tritum
655 2583 710 2611 est
724 2579 844 2612 Poetis
870 2580 956 2613 vati·

252 2625 391 2657 einante
407 2623 583 2667 Apolline,
600 2633 660 2659 aut
675 2628 780 2661 etiam
796 2629 956 2662 veniente

252 2676 289 2708 in
304 2674 535 2713 Parnassium.
559 2676 676 2710 dicere
701 2683 852 2712 montem
878 2689 956 2713 eum

253 2735 388 2766 souare,
424 2725 478 2757 vel
513 2727 653 2760 moveri.
703 2728 954 2762 Callimachus.

252 2773 329 2812 οἷον
349 2775 366 2807 ὃ
394 2773 614 2810 τῶ’πόλλωνος
644 2776 791 2812 &cetea-ro
813 2777 957 2822 δᾶφνινος

708 226 852 258 NOTAE
885 227 1154 261 VARIORUM
1190 229 1243 261 {N

999 319 1106 363 ὅρπηξ,
1129 320 1191 355 Osa
1214 321 1241 355 δ’
1265 322 1340 357 ὅλον
1363 323 1402 357 τὸ
1426 323 1590 368 μέλαθρον·
1618 325 1705 372 lucar,

1000 372 1074 405 ἑκὰς
1085 372 1173 406 ὅστις
1187 373 1320 416 ἀλιτρός.
1354 375 1411 408 Sic
1428 377 1531 410 etiam
1547 378 1707 412 claudis·-

1000 433 1064 456 nus
1081 433 1132 456 vx.
1144 425 1284 459 Consul.
1301 426 1457 470 Honorii,
1469 438 1519 461 vs.
1535 431 1612 463 23⁸.
1638 430 1706 464 Ge·

999 478 1082 507 cart.

1044 528 1109 558 229
1135 526 1259 559 Emissa
1272 527 1356 569 dies]
1387 528 1478 562 Mire
1492 528 1548 561 hic
1561 529 1704 563 lamuel·

1000 580 1103 608 natus
1128 576 1342 620 Bernartius,
1355 579 1414 621 qui
1436 588 1499 621 per
1520 580 1531 599 ‘
1546 579 1705 614 emissam

1003 625 1116 663 diem,’
1144 626 1338 670 vesperum
1373 629 1550 672 intelligit,
1577 638 1654 664 cum
1683 638 1705 664 o

1002 680 1123 709 contra
1130 677 1213 709 Tem
1219 688 1281 719 pus
1293 679 1499 713 matutinum
1510 680 1707 723 intelligen—

1003 725 1082 758 dum
1111 727 1166 759 sit.
1211 728 1274 760 Est
1303 729 1392 761 enim
1430 729 1633 773 metaphora
1662 729 1707 765 ab

1003 777 1098 819 equis
1115 777 1345 817 Circensibus,
1355 780 1444 822 quie
1455 789 1595 814 carcere
1607 781 1706 815 emit·

1003 829 1133 858 tantur.
1178 827 1234 859 Sic
1254 828 1437 863 claudian.
1453 830 1585 872 Paneg.
1606 831 1707 864 Mas-

1003 875 1061 908 lii:
1082 875 1229 908 ‘emisso
1244 877 1407 920 quicquid
1427 878 1477 911 sol
1502 878 1627 912 imbuit
1651 888 1707 913 or-

1002 925 1068 959 tu?
1111 926 1158 958 Et
1172 926 1223 958 ita
1236 926 1320 959 illud
1338 927 1490 961 Maronis
1511 928 1706 974 intelligen-

1004 975 1108 1008 dum:
1131 977 1387 1020 ‘Emissamque
1415 978 1574 1020 hyemem
1595 978 1707 1014 sensit

1005 1026 1212 1067 Neptunus!
1254 1027 1341 1060 Vult
1360 1028 1451 1061 enim
1470 1029 1582 1063 Poeta
1595 1034 1708 1064 matu·

1005 1076 1076 1107 tino
1092 1080 1261 1118 tempore,
1282 1078 1392 1110 omnia
1417 1078 1460 1111 ad
1485 1080 1707 1122 nuptias-'ne-

1004 1125 1152 1157 cessaria
1166 1135 1241 1158 esse
1257 1132 1467 1169 praeparata,
1482 1132 1520 1161 et
1539 1129 1708 1172 inprimis,

1004 1174 1130 1215 omina,
1146 1179 1183 1207 et
1198 1175 1361 1217 auspicia,
1381 1186 1461 1219 quae
1480 1179 1538 1222 vel
1557 1179 1707 1212 maxime

1004 1223 1038 1255 in
1057 1224 1185 1265 nuptiis
1200 1224 1440 1260 observabant.
1478 1228 1602 1271 ltaque
1615 1235 1706 1271 pre-

1004 1279 1060 1306 ter
1075 1283 1146 1306 rem
1160 1279 1250 1316 sunt,
1264 1285 1341 1317 quae
1365 1276 1409 1309 de
1432 1287 1558 1320 sponsa
1571 1279 1707 1322 vesperi

1004 1324 1140 1356 domum
1161 1324 1267 1357 ducta
1288 1326 1344 1359 hic
1363 1327 1540 1361 adnotavit
1559 1328 1706 1362 Bernar-

1003 1374 1084 1406 tius.
1106 1374 1206 1408 Idem.

1005 1450 1008 1453 ,
1044 1426 1108 1456 235
1133 1424 1200 1456 Hic
1213 1424 1364 1464 juvenum
1377 1430 1515 1470 questus,
1527 1429 1607 1461 stota
1620 1429 1706 1462 nix-

1002 1472 1053 1514 ta]
1075 1473 1208 1506 Vereor
1224 1475 1323 1516 plane
1337 1476 1500 1509 mendum
1520 1477 1576 1510 hie
1595 1477 1707 1521 irrep·

1003 1523 1104 1564 sisse,
1128 1529 1165 1556 et
1189 1526 1325 1558 omnino
1347 1529 1632 1562 emaculandum:
1654 1530 1706 1563 hie

993 1573 1142 1614 juvenum
1161 1579 1242 1607 coetu
1260 1577 1341 1608 stola
1361 1578 1464 1610 ηιίι-ια
1484 1579 1626 1613 Ιαὺονιιῦε
1647 1589 1706 1613 co·

1003 1625 1151 1666 gitemus
1177 1630 1299 1659 tamen.
1345 1628 1506 1662 ceterum
1532 1621 1706 1672 pei-‘sto-

1002 1676 1070 1708 lam
1082 1675 1092 1690 '
1107 1677 1246 1718 proprie
1267 1681 1441 1711 matronas
1463 1680 1708 1722 designatrll-

1003 1730 1061 1759 cet
1075 1726 1162 1758 enim
1178 1727 1270 1769 apud
1286 1722 1429 1762 Grecos
1444 1731 1599 1774 aliosque
1613 1732 1706 1766 stols

1003 1778 1106 1809 etiam
1132 1777 1224 1810 inter
1245 1778 1358 1811 virilia
1383 1781 1613 1823 vestimentu
1638 1783 1708 1816 Ro·

1002 1827 1111 1859 manis
1126 1836 1194 1859 non
1210 1827 1276 1860 nisi
1297 1828 1390 1861 inter
1411 1831 1602 1866 muliebria.
1644 1833 1707 1866 Ul-

1003 1877 1095 1918 pian.
1125 1877 1148 1910 l.
1174 1885 1287 1911 xxm.
1314 1878 1358 1911 D.
1383 1879 1428 1912 de
1452 1879 1539 1914 Aur.
1565 1885 1603 1915 et
1623 1881 1707 1924 Arg.

1002 1927 1125 1968 Legat.
1148 1928 1302 1961 Ber-nm.

1045 1979 1110 2009 237
1131 1977 1324 2010 dama-idum
1334 1982 1424 2021 poste
1434 1980 1564 2013 reclinis
1580 1981 1708 2018 Qumis

1004 2028 1133 2072 Hymen
1160 2030 1307 2064 thalamis
1330 2032 1485 2066 intactam
1506 2034 1609 2068 dicere
1636 2044 1706 2068 oar·

1003 2081 1088 2121 men]
1109 2079 1269 2114 Observa
1289 2091 1429 2125 morem,
1446 2093 1514 2126 quo
1527 2089 1706 2127 receptum

1004 2134 1090 2171 erat,
1117 2134 1155 2162 ut
1183 2131 1435 2173 Epithalamion
1459 2138 1541 2167 ante
1566 2135 1709 2168 thalami

1003 2178 1095 2212 fores
1112 2184 1321 2214 cantaretur.
1364 2183 1540 2225 Stat.ipse
1554 2184 1707 2217 Geneth-

1004 2229 1133 2262 Lucani
1147 2241 1158 2263 ε
1173 2230 1183 2248 ‘
1195 2231 1241 2263 Et
1253 2236 1383 2265 vestros
1395 2233 1612 2275 Hymenaeon
1624 2236 1706 2268 anto

1004 2284 1121 2322 postes
1138 2280 1251 2313 Festis
1275 2282 1434 2315 cantibus
1455 2284 1533 2325 ipsa
1546 2293 1708 2325 persona·

1003 2331 1072 2364 bo.’
1103 2331 1312 2364 Scholiastes
1323 2333 1498 2365 Theocriti
1513 2345 1522 2365 t
1537 2332 1581 2366 'ro
1591 2332 1626 2367 δὲ
1639 2334 1706 2367 ἔτι·

1003 2379 1154 2420 Θαλάμιον
1180 2381 1308 2423 ᾄδουσιν
1332 2382 1366 2414 αἱ
1392 2381 1536 2425 παρθένοι
1562 2383 1623 2428 πρὸ
1638 2386 1709 2418 ’τοῦ

1003 2430 1156 2472 θαλάμου,
1178 2430 1230 2462 ἵνα
1259 2431 1318 2469 τῆς
1345 2430 1497 2474 παρθένου
1521 2433 1709 2476 βιαζομένης

1004 2479 1064 2512 ὑπὸ
1076 2481 1135 2513 τοῦ
1155 2479 1264 2523 ἀνδρὸς
1285 2480 1307 2520 ἡ
1331 2481 1418 2522 φωνὴ
1437 2482 1482 2523 μὴ
1511 2482 1707 2524 ἔξακούηται.

1004 2531 1164 2563 Intactum
1187 2540 1270 2563 vero
1283 2541 1406 2564 cannen
1420 2537 1524 2566 vocat
1536 2542 1557 2566 a
1570 2534 1706 2569 nemine

1003 2581 1171 2613 hactenus
1185 2580 1422 2614 decantatum.
1468 2582 1526 2615 Sic
1540 2591 1598 2616 m.
1606 2583 1704 2625 Sylv.

1006 2631 1149 2664 Hercul.
1160 2630 1388 2664 Surrentino.
1414 2632 1610 2675 ‘novosque
1623 2633 1707 2666 Pie-

1004 2681 1115 2713 ridum
1129 2679 1231 2712 flores
1236 2681 1455 2724 ‚intactaque
1470 2682 1622 2715 carmina
1637 2682 1708 2716 dis-

1004 2741 1097 2765 cens.
1101 2730 1112 2748 ⁹
1133 2732 1267 2764 Gevart.

1047 2785 1112 2816 239
1127 2783 1197 2816 Dat
1210 2782 1297 2816 June
1316 2782 1452 2815 verenda
1475 2781 1620 2827 Vincula,
1633 2781 1706 2826 ξω]
