1858 3112
423 262 464 292 P.
496 260 688 293 PAPlNlI
722 260 891 293 STATn
924 260 1071 292 SYLV·
1103 261 1199 292 LlB.
1220 262 1295 295 111.
1326 253 1368 295 2.

162 354 434 398 Gaograplnicas.
457 355 613 388 Ber-nort.

159 423 163 428 ·
207 409 268 439 18⁶
299 405 450 439 Auentina
482 405 636 448 temporo]
666 406 757 439 Nam
794 415 871 437 cum

160 456 229 489 siut
264 457 330 489 tria
361 466 490 499 genera
515 457 646 499 populi,
679 461 717 488 ut
753 455 872 488 scribit

158 501 256 539 Ptin.
271 506 364 548 alba,
379 507 490 549 nigra,
503 513 540 540 et
561 517 638 549 quae
654 506 786 548 Lybica
809 516 870 548 ap-

159 557 332 599 pellatur:
357 558 436 590 alba
452 557 597 590 Herculi
613 557 728 589 dicata
743 561 815 589 est:
834 560 871 588 et

161 617 204 640 ea
220 608 376 640 coronati
399 608 479 640 olim
503 608 578 650 ejus
604 617 703 640 sacra
728 617 870 649 perage-

160 658 245 692 bant
262 669 272 691 z
303 659 364 691 sed
402 663 624 701 posteaquam
657 658 868 690 Laurentum

159 709 368 752 ‘germinavit
382 711 415 742 in
427 709 612 752 Aventino,
622 711 718 742 lauro
731 719 869 742 corona-

158 759 300 806 bantur.
342 759 477 793 Auctor
505 761 616 793 Varro
649 761 683 792 in
716 761 868 794 secundo

161 819 275 843 rerum
290 810 524 844 humanarum.
545 811 717 843 Domitius.

204 861 330 894 Canu.
355 870 398 895 n.
427 862 686 904 Propempticon]
715 862 867 895 Veteres

158 912 344 955 προπομπὴν
374 913 643 955 prosequutionem
669 913 733 945 rite
756 914 868 955 expli-

157 968 264 1004 cant3
279 973 356 1007 qua».
367 973 435 996 nou
449 965 559 997 minus
575 965 686 997 animo
697 963 751 1005 fit,
766 974 866 1006 quam

159 1022 306 1057 corpore
322 1028 330 1047 :
345 1021 386 1049 ut
395 1016 550 1048 Tibullus
558 1015 743 1058 προπέμπει,
756 1017 766 1034 ⁸
773 1016 866 1048 Mes-

158 1066 274 1098 salam*
292 1071 386 1100 terra
415 1066 495 1099 dum
512 1068 735 1109 sequiturque
760 1066 868 1099 mari:

160 1115 330 1149 Horatius
346 1116 530 1158 Virgilium
547 1126 572 1149 1.
597 1117 665 1149 od.
678 1119 711 1149 3.
734 1122 771 1149 et
779 1117 866 1149 Mae-

158 1171 316 1199 cenatem
340 1166 454 1208 Epod.
471 1176 496 1200 1.
513 1166 663 1200 officioso
689 1172 726 1200 et
748 1167 865 1200 votivo

157 1219 390 1260 προπεμπικῷ.
414 1219 543 1251 Morell.

157 1282 162 1287 ¹
201 1271 222 1299 6
248 1268 380 1301 Grande
393 1271 449 1301 tuo
463 1279 630 1311 raramque
643 1270 753 1301 damus
779 1269 864 1311 Nep-

156 1321 234 1351 tone
259 1319 414 1361 profundo
444 1319 641 1362 Depositum]
669 1320 878 1361 Xenophon-

158 1370 306 1403 amicum
320 1371 472 1412 appellat
487 1371 591 1411 κτῆμα
605 1369 801 1413 πάγκαρπον.
813 1371 864 1403 he-

156 1421 584 1460 rediumsmmosissimum.
606 1421 805 1454 Alexander
814 1423 864 1455 M.

158 1472 289 1504 amicos
305 1471 501 1514 indignans,
516 1469 602 1504 οὗτοι
625 1472 692 1514 ἐμοὶ
706 1471 863 1514 θησαυροί.

158 1521 203 1554 de
232 1531 299 1564 quo
334 1522 500 1556 Libauius
537 1523 799 1555 Pseudo-Theo.
837 1533 863 1556 ι.

156 1572 275 1606 cuna.
307 1573 357 1607 D.
386 1573 487 1606 Joan.
515 1573 737 1615 Evangelista
769 1574 862 1616 apud

153 1623 343 1657 Eusebium
355 1623 488 1657 Histor.
498 1624 632 1657 Eccles.
643 1624 703 1656 lib.
716 1633 774 1657 m.
785 1634 863 1667 cap.

155 1676 213 1706 2⁸.
237 1674 281 1707 ab
296 1674 485 1717 Episcopo,
507 1674 606 1715 cujus
629 1673 708 1706 fidei
733 1674 865 1707 adoles·

155 1729 309 1766 centem,
323 1723 382 1764 τὴν
395 1725 464 1767 ὄψιν
480 1725 608 1758 ἀστεῖον
618 1724 670 1757 καὶ
685 1725 792 1768 θερμὸν
804 1725 865 1765 τὴν

155 1775 273 1818 ψυχὴν,
305 1777 508 1818 tradiderat,
534 1777 729 1818 depositum
767 1787 866 1820 repe-

156 1827 312 1868 tem-tit,
327 1826 387 1867 ἄγε
401 1826 451 1868 δὴ,
466 1826 490 1859 ὃ
505 1826 666 1869 ἐπίσκοπε,
692 1827 753 1867 τὴν
765 1840 864 1871 παρα-

154 1877 292 1917 κιθήοσην
306 1878 419 1912 ἀπόδος
429 1879 513 1920 ἡμῖν.
553 1880 684 1913 Grande
698 1890 864 1923 rarumque

153 1927 194 1960 ro
211 1929 363 1962 πλεῖστον
386 1929 469 1971 ἄξιον
482 1930 516 1963 in
533 1931 647 1972 Epist.
671 1930 805 1963 Amasis
819 1932 862 1964 ad

155 1979 394 2021 Polycratem,
408 1980 500 2023 apud
522 1981 655 2014 Herod.
670 1981 705 2013 iu
719 1982 863 2016 Thalia:

154 2028 226 2061 'Eu'
243 2027 268 2070 ὅ
279 2041 330 2063 τις
343 2029 525 2072 ἀπολομένῳ
532 2029 675 2071 μάλιστα
687 2030 746 2070 τὴν
759 2031 864 2074 ψυχὴν

155 2078 320 2120 &It-rhosos.
342 2080 470 2113 Morell.

154 2146 162 2150 *
196 2133 221 2163 6
247 2130 349 2164 Dubio
375 2130 581 2163 committitur
605 2131 681 2172 auo,
705 2131 778 2174 esa]
809 2133 862 2166 Ne

155 2182 366 2224 corrigamus
395 2183 495 2224 alveo,
524 2183 576 2214 vel
602 2183 705 2215 dubia
722 2185 806 2226 alno,
823 2189 863 2218 ut

153 2231 293 2275 quidam
319 2233 512 2266 voluerunt.
559 2233 658 2266 Tum
676 2239 799 2277 pontus,
823 2235 862 2268 fi-

153 2283 232 2320 dus.
251 2283 286 2315 in
302 2293 369 2326 quo
383 2283 457 2316 sine
479 2283 634 2326 periculo
649 2286 723 2328 quis
739 2285 861 2320 fertur.

154 2333 246 2366 Vide
261 2333 411 2367 observ.
428 2334 581 2367 Gronov.
597 2335 620 2367 l.
636 2338 668 2369 2.
683 2346 713 2368 c.
730 2339 782 2370 11.

197 2387 239 2418 1⁰
248 2384 384 2417 Fratres
393 2384 535 2427 OEbalii]
548 2385 724 2418 Castorem
735 2392 772 2420 et
782 2387 861 2421 Pol·

154 2436 268 2468 lucem
280 2435 467 2468 Laconicus
483 2436 526 2468 ab
540 2436 665 2469 OEbalo
683 2447 763 2479 rege
786 2438 861 2471 dic-

154 2490 224 2527 tos,
233 2494 317 2527 rege
329 2486 501 2524 Laconia.
513 2486 611 2527 cnjus
625 2487 696 2519 filia
707 2488 862 2530 Pyrene,

152 2535 275 2569 audita
298 2535 486 2568 Cheucreae
523 2543 645 2575 morte.
674 2538 858 2579 lachrymis

150 2585 284 2620 fontem
314 2585 413 2618 dedit
449 2586 638 2628 Pyreuem,
669 2595 709 2621 ut
739 2590 861 2623 scribit

152 2637 358 2677 Pausanias,
382 2636 521 2670 invocat
553 2642 715 2680 tanquam
741 2641 860 2673 stellas

151 2687 322 2720 sanuses
333 2687 445 2719 Metio
456 2687 657 2729 navigaturo
669 2699 678 2721 :
695 2695 859 2734 rogatque

153 2741 195 2771 ut
221 2737 408 2771 excludant
436 2738 605 2771 Helenem
634 2741 738 2783 sydus
773 2747 858 2776 tem-

151 2793 364 2833 pestuosum.
392 2789 568 2822 Domitius.

198 2841 237 2874 u
262 2838 387 2872 Sor-oris
400 2839 522 2884 Iliacae]
548 2840 694 2875 Helenae
710 2848 821 2886 raptae
838 2854 858 2877 a

1513 255 1625 297 1701

919 354 1049 387 Paride
1074 355 1236 397 Trojano.
1284 356 1406 398 Cessit]
1428 356 1470 389 In
1500 362 1628 391 sortem

921 406 1029 439 venit.
1070 405 1209 439 Secundi
1237 407 1346 449 regni]
1378 407 1508 440 Maris:
1548 418 1629 442 nam

919 457 1066 498 primum
1084 458 1205 490 caelum
1234 465 1298 490 est.
1344 459 1396 491 De
1417 459 1556 491 Doridos
1567 470 1629 491 ‘un-

918 506 995 548 tris]
1029 507 1118 539 Nam
1151 507 1322 539 Nereides
1350 507 1494 540 fundum
1525 509 1627 541 maris

920 554 1042 590 'tenent
1056 557 1090 590 in
1107 568 1227 600 speeu,
1242 558 1442 591 habitantes
1454 559 1543 601 apud
1558 560 1630 591 Ne·

918 606 1176 651 reumffiatrem.
1221 610 1368 642 Baianos
1386 610 1489 651 sinus]
1515 611 1628 651 Rogat

918 660 1057 691 numina
1075 665 1113 691 ut
1129 660 1234 692 Baias
1255 670 1291 692 se
1316 661 1488 702 recipiant
1504 665 1539 692 et
1556 661 1627 692 Pu-

918 711 1050 751 teolos;
1071 720 1149 742 nam
1176 711 1246 743 illic
1269 715 1344 743 erat
1359 712 1453 744 navis
1471 721 1535 752 qua
1551 716 1628 743 erat

917 760 1130 793 discessurus
1155 762 1285 793 Metius
1309 762 1344 793 in
1365 761 1625 794 Alexandriam.

917 811 968 843 Ea
994 821 1164 844 annonam
1192 813 1360 844 attulerat
1385 822 1428 844 ex
1452 812 1626 854 AEgypto;

916 862 1043 893 namin
1060 862 1180 894 urbem
1204 862 1284 894 inde
1307 872 1398 904 saepe
1415 872 1551 894 annona
1566 863 1627 894 im·

915 912 1130 946 mittebatur.
1154 913 1307 946 Martial.
1320 917 1329 932 ⁴
1338 914 1444 946 Mitte
1455 921 1531 945 tuas
1539 922 1626 945 mes-

916 971 986 1003 seS‚
1003 962 1123 1004 accipe
1138 963 1219 995 Nile
1233 963 1351 995 rosas.’
1380 964 1480 996 Idem.

958 1015 1001 1045 22
1024 1013 1182 1046 Pharium
1195 1014 1327 1055 annum]
1352 1013 1472 1046 Annus
1489 1013 1544 1046 hic
1561 1023 1624 1056 pro

916 1073 1062 1105 annona,
1078 1069 1114 1097 et
1129 1064 1221 1106 apud
1236 1065 1360 1097 Claud.
1375 1066 1418 1097 de
1432 1065 1534 1097 Bello
1551 1065 1625 1097 Gil-

914 1114 1059 1148 donico:
1082 1119 1092 1134 ‘
1105 1116 1300 1148 Pensabam
1326 1117 1493 1148 Pharium
1513 1116 1625 1148 Getu-

915 1165 955 1197 lis
972 1166 1140 1198 messibus
1155 1167 1302 1198 annum-¹
1343 1167 1524 1199 ‘Pharius'
1540 1175 1623 1208 ergo

913 1215 1064 1248 ‘annus'
1089 1221 1144 1248 est
1167 1226 1300 1249 annona
1326 1227 1370 1249 ex
1394 1218 1558 1259 AEgypto,
1579 1217 1622 1249 de

914 1276 983 1309 qua
1014 1267 1103 1300 Pliu.
1133 1267 1168 1299 iu
1194 1278 1320 1310 paneg.
1357 1273 1394 1300 et
1423 1267 1498 1300 fuse
1526 1268 1623 1309 Lips.

914 1319 1028 1350 Elect.
1044 1327 1071 1350 1.
1088 1318 1145 1350 ubi
1163 1319 1265 1351 etiam
1279 1320 1365 1352 citat
1389 1319 1479 1351 hunc
1495 1319 1623 1360 locum,

914 1369 1090 1401 Demster.
1104 1369 1249 1402 Collect.
1263 1368 1381 1412 Antiq.
1394 1370 1455 1402 lib.
1466 1379 1533 1403 vu.
1543 1379 1622 1411 cap.

913 1422 966 1452 38.
1004 1420 1149 1453 casaub.
1165 1420 1208 1452 ad
1223 1418 1366 1453 Sueton.
1381 1419 1527 1463 August.
1543 1430 1622 1462 cap.

914 1473 970 1504 98.

954 1524 998 1553 24
1034 1520 1163 1563 Sparsit
1196 1522 1382 1565 Tyrrhenae]
1414 1523 1622 1555 Promonto-

914 1573 1000 1605 rium
1016 1573 1143 1605 Miseni
1169 1571 1295 1605 infame
1319 1571 1506 1614 naufragiis
1532 1577 1622 1606 erat.

916 1623 1086 1656 Libabant
1112 1624 1229 1665 itaque
1259 1623 1408 1663 Palladi,
1435 1633 1512 1666 quae
1537 1623 1622 1655 inibi

914 1675 1106 1714 colebatur,
1119 1678 1246 1714 nautae,
1270 1675 1424 1716 periculo
1444 1674 1547 1706 maris
1562 1674 1623 1706 de-

914 1723 1036 1757 functi.
1080 1724 1170 1756 Vide
1185 1728 1304 1757 notata
1318 1724 1399 1756 mihi
1416 1724 1461 1756 ad
1472 1724 1579 1757 Theb.
1592 1732 1621 1757 1.

914 1776 968 1807 De
983 1774 1165 1807 Mareotici
1177 1785 1258 1807 vero
1267 1775 1335 1807 vini
1351 1775 1551 1817 praestantia
1564 1785 1620 1807 ve·

914 1827 972 1859 lim
985 1832 1019 1858 te
1030 1827 1209 1858 consulere
1219 1826 1435 1858 Strabonem.
1458 1826 1612 1860 Reman.

957 1880 1000 1910 29
1022 1877 1486 1920 Moderamina1Periphrasis
1499 1882 1553 1910 est
1564 1887 1622 1910 au-

914 1928 1039 1961 chorae.
1063 1928 1190 1961 Domit-

957 1982 999 2011 30
1021 1979 1096 2011 Sint
1111 1979 1221 2020 quibus
1243 1980 1384 2021 exploret
1405 1989 1498 2022 rupes
1510 1980 1622 2021 gravis

913 2039 975 2062 oere
989 2030 1186 2071 Molorchus]
1210 2030 1251 2062 In
1277 2030 1450 2063 i110·00d.
1474 2029 1621 2064 Adrian.

913 2081 1066 2112 Turnebi
1094 2079 1302 2122 αὔταγράφοις
1338 2080 1516 2122 insignito,
1551 2090 1620 2123 quo

914 2131 1082 2173 Stephani
1097 2132 1170 2173 ejus
1195 2130 1270 2172 filii,
1292 2131 1470 2164 Senatoris
1488 2133 1621 2165 clariss.

912 2181 1127 2223 benignitate
1142 2180 1194 2213 usi
1209 2190 1335 2221 sumus,
1349 2191 1414 2223 pro
1427 2186 1497 2214 arte
1519 2192 1619 2224 repo-

911 2233 1017 2270 nitur,
1028 2243 1103 2273 oere,
1114 2230 1348 2271 ἆνενδοιάστως,
1357 2238 1393 2265 et
1403 2232 1472 2265 ἀντὶ
1482 2234 1538 2265 τοῦ
1547 2234 1620 2265 Mo-

911 2284 1047 2325 lorchus,
1060 2284 1229 2326 Molybdus
1242 2283 1284 2315 de
1299 2283 1462 2325 plumbo3
1485 2285 1538 2316 vel
1554 2285 1620 2317 Bo-

911 2334 1066 2375 los-lithos,
1082 2335 1135 2366 vel
1158 2334 1369 2374 Molochthus,
1392 2334 1435 2366 de
1452 2335 1620 2376 pondere,

910 2385 1003 2427 quod
1021 2385 1096 2426 jaci
1117 2384 1245 2416 soleret
1261 2385 1294 2415 in
1311 2383 1514 2426 profundum
1531 2395 1539 2416 :
1564 2386 1620 2417 vel

911 2435 1207 2468 Hermateleuchus:
1224 2443 1366 2477 quarum
1376 2435 1621 2476 suspicionum,

911 2491 951 2520 ut
979 2495 1037 2519 eas
1065 2490 1179 2525 vocat,
1207 2486 1377 2518 rationem
1407 2485 1522 2518 adfert
1545 2485 1619 2519 Ad·

911 2546 1000 2570 vers.
1017 2536 1075 2568 lib.
1092 2545 1235 2569 xxvm.
1251 2540 1288 2568 et
1303 2544 1433 2568 xxxiv.
1447 2536 1507 2568 ubi
1521 2536 1619 2578 inge·

910 2597 979 2619 uue
1002 2586 1133 2619 fatetur
1158 2586 1196 2619 τὸ
1220 2586 1484 2619 hermateleuchus
1509 2589 1618 2629 magis

911 2639 1024 2671 animo
1040 2639 1215 2678 arridere;
1239 2647 1301 2680 pro
1316 2638 1545 2671 instrumento
1562 2640 1617 2671 vel

910 2688 1120 2721 ferramento
1147 2698 1213 2730 quo
1237 2688 1371 2730 scopuli
1395 2693 1432 2721 et
1454 2691 1615 2731 murices,

908 2740 1082 2781 teuiaeque
1097 2748 1201 2771 caecae
1218 2743 1257 2771 et
1283 2739 1346 2771 sub
1367 2749 1456 2782 aqua
1471 2741 1618 2772 latentes

908 2789 1239 2832 deprehendanturt
1263 2788 1355 2832 quod
1368 2790 1422 2822 hic
1438 2799 1556 2822 versus
1572 2790 1616 2821 de

909 2840 1058 2874 Proreta
1069 2841 1217 2883 scriptus
1232 2849 1309 2873 esse
1325 2840 1497 2882 videatur,
1507 2839 1564 2882 qui
1579 2840 1614 2873 in
