1846 3120
264 226 376 272 1532

763 239 806 269 P.
838 236 1027 269 PAPINII
1060 236 1245 268 STATII'

263 331 310 374 Ν
312 345 396 374 unc
417 333 593 387 planctu
614 331 750 372 livere
770 330 941 383 manus,
961 331 1093 374 modo
1112 333 1157 374 in
1179 334 1319 375 ubera
1339 344 1493 376 saevas'
1511 378 1513 381 ,

265 397 337 440 lre
357 399 495 440 feras:
526 403 646 452 saepe
665 399 765 452 ipsa
782 398 931 454 (nefas
945 398 979 455 l)
999 401 1089 442 sub·
1104 401 1252 442 inania
1271 405 1419 444 natum

261 465 463 514 Tartara,
483 470 529 506 et
545 465 601 506 ad
623 465 802 519 Stygios
821 466 975 508 iterum
996 467 1091 508 fero
1111 480 1306 520 mergere
1323 467 1486 509 fontes.

262 531 367 573 Hos
389 532 562 573 abolere
581 536 721 573 metus
739 533 897 586 magici
912 533 1041 587 jubet
1060 533 1210 574 ordine
1230 535 1346 575 sacri

1631 530 1716 602 1³5

263 598 529 652 Carpathius
549 603 690 649 vates,
704 612 978 653 puerumque
999 601 1082 641 sub
1103 613 1190 641 axe
1211 602 1398 655 probato

262 666 452 707 Secretis
470 666 657 708 lustrare
677 666 814 717 fretis,
835 668 907 708 ubi
928 667 1077 709 littora
1099 681 1270 709 summa

262 731 450 782 Oceani,
467 737 512 774 et
525 733 695 786 genitor
709 738 833 787 t-epet
848 734 1130 776 illabentibus
1152 736 1282 776 astris

261 880 329 912 dios
347 883 449 914 ventri
469 885 619 920 admotos,
641 894 721 917 nunc
745 893 828 916 meae
851 894 960 917 manus
985 886 1138 918 tundendo
1159 886 1334 926 saginatas,
1355 897 1436 919 nunc
1449 884 1588 920 crudeles
1602 885 1715 918 bestias

261 923 416 957 irruentes
430 926 463 957 in
478 936 637 960 mammas.
681 928 774 967 Saepe
788 928 855 972 ipsa
867 928 931 969 (res
945 927 1038 960 dira!
1041 928 1054 970 )
1065 929 1172 960 videor
1184 933 1308 969 portare
1314 930 1422 971 filium
1436 930 1493 962 sub
1507 939 1617 962 vacuas
1628 929 1715 968 Infe-

262 975 325 1004 ros,
348 971 384 999 ut
399 977 466 999 eum
480 970 577 1000 denuo
593 979 730 1019 mergam
745 970 779 1001 in
793 979 888 1011 aquas
899 970 1024 1012 Stygia
1071 971 1262 1012 Carpathius
1275 982 1378 1011 augur
1391 976 1493 1004 monet
1507 976 1647 1005 avertere
1661 971 1716 1007 hm.

261 989 388 1041 timbron
407 1012 475 1042 ritu
488 1012 603 1052 magici
616 1012 712 1051 sacri,
733 1016 765 1043 et
784 1022 920 1053 purgare
934 1013 1022 1053 aquis
1043 1023 1172 1054 puerum
1184 1013 1239 1045 sub
1254 1024 1290 1046 ea
1304 1014 1372 1046 coeli
1393 1016 1501 1055 plaga,
1524 1024 1614 1056 quam
1629 1011 1715 1054 magi

259 1051 429 1096 plurimum
436 1054 659 1097 probaverunt,
679 1055 733 1087 ubi
753 1058 828 1087 sunt
848 1059 997 1087 extremoe
1010 1056 1090 1097 νέμω
1107 1057 1237 1098 Oceani,
1259 1060 1291 1089 et
1311 1061 1403 1098 pater
1417 1058 1540 1090 Pontus
1557 1055 1715 1101 incakm‘t

914 1171 1059 1204 NOTAE

304 1254 366 1284 132
398 1252 526 1295 Licere]
563 1255 711 1287 ‘Livor'
738 1256 875 1298 proprie
905 1260 960 1288 est

261 1302 356 1333 color
381 1303 571 1345 plumbeus,
594 1306 727 1347 qualem
754 1307 960 1339 contrahunt

262 1352 455 1385 verberatae
473 1355 627 1395 corporis
645 1361 775 1396 partes.

263 1427 265 1429 .
305 1405 366 1435 134
392 1404 436 1435 Et
449 1406 490 1436 ad
513 1405 644 1447 Stygios
657 1406 770 1438 iterum
786 1406 860 1446 fero
878 1417 959 1439 mer-

255 1461 332 1492 gere
347 1453 472 1495 fontes]
509 1455 629 1487 Thetis
658 1456 784 1487 dicitnr
812 1457 961 1489 abluisse

259 1501 426 1535 infantem
447 1503 615 1536 Achillem
637 1502 740 1547 aquis
755 1506 900 1548 Stygiis,
921 1511 960 1540 ut

259 1561 338 1584 eum
353 1558 474 1586 contra
489 1556 628 1587 vulnera
638 1557 796 1597 inuniret,
807 1558 866 1590 sed
881 1568 959 1591 cum

260 1603 368 1642 oblita
384 1610 474 1637 esset
491 1606 589 1642 talos,
615 1607 733 1649 quibus
756 1608 849 1640 illum
865 1612 958 1640 tene-

257 1652 331 1694 bat,
345 1663 510 1695 mergere,
525 1656 585 1688 hac
609 1662 707 1697 parte
731 1658 884 1700 corporis
900 1669 958 1700 po-

259 1704 327 1735 tnit
355 1705 535 1747 vulnerari,
568 1712 605 1739 et
633 1718 652 1739 a
678 1708 802 1740 Paride
827 1710 962 1741 occisus

259 1759 324 1786 est.

302 1808 364 1837 135
393 1806 519 1846 Magici
545 1807 645 1848 sacri]
669 1808 795 1840 Omnia
822 1810 958 1850 magicis

259 1855 393 1887 artibus
413 1866 511 1898 posse
527 1857 602 1889 fieri
617 1858 796 1890 credidere
813 1865 958 1902 veteres,

258 1906 428 1938 elementa
442 1907 591 1948 concuti,
614 1908 765 1940 homines
782 1909 893 1941 verbis
909 1902 957 1942 in·

259 1956 383 1996 terimi,
395 1962 546 1989 mentem
561 1958 730 1993 hominum
749 1960 893 2001 turbari,
907 1961 957 1992 lu-

256 2003 335 2040 nam
349 2017 368 2039 e
383 2008 470 2040 coelo
482 2007 775 2048 evocari,flumina
784 2009 867 2051 sisti,
879 2010 958 2042 alia-

258 2067 325 2100 que
340 2057 426 2089 mira
440 2065 480 2091 ae
496 2058 678 2098 stupenda.

273 2108 366 2139 2136
390 2108 581 2149 Carpathius
607 2108 710 2149 tates]
747 2110 893 2141 Proteus
910 2110 960 2143 sic

258 2157 370 2190 dictus
402 2168 423 2189 a
444 2158 630 2199 Carpatho,
656 2158 768 2190 insula
794 2159 882 2191 inter
905 2160 958 2191 ΙΕ-

258 2212 400 2252 gyptum
413 2213 448 2240 et
459 2208 626 2249 Rhodum,
639 2219 714 2250 quae
727 2219 850 2241 nomen
861 2209 958 2243 dedit

259 2258 448 2299 Carpathio
479 2259 576 2290 mari.
630 2260 671 2291 In
702 2259 767 2292 hac
801 2262 957 2301 regnavit

256 2308 405 2340 Proteus
422 2309 544 2340 relicta
557 2308 701 2341 Pallene
727 2311 848 2351 patria,
872 2312 956 2344 urbe

255 2358 450 2398 Thessaliae,
460 2358 502 2390 ad
519 2368 618 2401 quam
635 2363 747 2391 tamen
764 2367 886 2402 postea
901 2371 954 2394 re-

257 2417 376 2439 versus
390 2411 454 2440 est.

300 2460 363 2489 137
399 2458 538 2490 Sem-etis
559 2460 694 2490 lustr-aie
709 2460 822 2502 fretis]
853 2461 956 2503 Aqua

255 2507 386 2541 marina
415 2511 497 2548 apta
526 2508 728 2550 expiationi,
753 2515 791 2542 ut
821 2516 954 2544 veteres

257 2556 468 2589 credebant:
501 2557 660 2598 purificat
688 2560 778 2592 enim
817 2565 955 2602 propter

255 2607 392 2647 igneam
419 2606 620 2646 portionem,
658 2612 696 2640 ut
721 2609 770 2641 ait
800 2610 956 2643 Procius.

255 2657 357 2693 Unde
373 2656 528 2697 vulgatus
553 2656 611 2689 ille
631 2658 810 2691 Senarius:
837 2659 956 2701 Κλύζει

256 2704 402 2738 θάλασσα
412 2704 515 2738 πάντα
528 2707 590 2739 τῶν
602 2706 717 2749 ἀνδρῶν
730 2708 821 2744 κακά.
861 2712 955 2744 Mare

252 2760 372 2800 purgat
386 2757 487 2790 omnia
502 2757 660 2790 hominum
683 2761 775 2792 mala.
820 2760 953 2794 Aristo-

1013 1256 1140 1298 phanes
1153 1257 1258 1290 etiam
1274 1257 1308 1288 in
1329 1257 1434 1289 Pluto
1449 1257 1713 1298 notat.antiqnos

1012 1308 1098 1339 mari
1121 1318 1158 1340 se
1178 1308 1314 1350 <expiari
1336 1308 1470 1340 solitos.
1517 1306 1581 1339 Ubi
1603 1306 1713 1353 littora

1012 1367 1131 1390 summa
1156 1358 1289 1400 Oceani]
1313 1357 1494 1398 Atlantici,
1511 1358 1565 1389 vel
1582 1357 1715 1391 AEuiioq

1014 1408 1093 1449 pici.
1129 1407 1290 1440 Imitatur
1300 1408 1566 1449 Virgilium,¹qui
1579 1407 1714 1442 inducit

1014 1459 1186 1491 Didonem
1213 1459 1425 1492 sacerdotem
1450 1469 1493 1492 ex
1516 1459 1584 1490 illis
1605 1458 1711 1500 parti-

1013 1509 1075 1541 bus
1089 1514 1305 1549 evocantem,
1320 1519 1386 1551 qua
1401 1509 1444 1540 ab
1460 1517 1575 1554 amore
1593 1507 1711 1541 AEneae

1013 1559 1223 1593 solveretur:
1247 1559 1257 1577 ‘
1274 1558 1407 1591 Oceani
1419 1557 1521 1591 finem
1531 1557 1648 1600 juxta,
1659 1567 1712 1604 aa·

1011 1610 1146 1652 lemque
1177 1610 1371 1650 cadentem,
1412 1605 1560 1643 Uinnius
1583 1608 1712 1649 AEthioe

1013 1669 1093 1700 pum
1124 1660 1219 1692 locus
1243 1664 1310 1700 est,
1334 1659 1392 1691 ubi
1419 1660 1585 1691 maximus
1613 1658 1711 1690 Atlas

1013 1708 1124 1742 Axem
1145 1710 1293 1741 humero·
1307 1713 1446 1751 torquet
1467 1708 1575 1740 stellis
1590 1708 1711 1740 arden-

1013 1759 1103 1791 tibus
1135 1763 1264 1801 aptnm.
1309 1759 1402 1791 Hinc
1439 1758 1518 1790 mihi
1549 1759 1710 1800 Massylae

1013 1810 1127 1850 gentis
1153 1808 1544 1841 monstratasacerdos?
1588 1808 1712 1841 Potest

1012 1860 1115 1891 etiam
1138 1859 1284 1900 intelligi
1299 1859 1457 1891 Oceanus
1471 1858 1710 1890 Britannicusz

1012 1919 1087 1941 nam
1105 1910 1174 1941 illic
1191 1909 1256 1940 arti
1272 1909 1414 1949 magicae
1426 1917 1546 1948 magna
1556 1907 1640 1939 tides
1649 1908 1708 1939 ha-

1013 1958 1086 1990 hita
1101 1964 1168 1999 est,
1178 1962 1317 1991 auctore
1332 1957 1441 1989 Plinio
1452 1957 1511 1989 lib.
1523 1966 1616 1989 xxx.
1631 1967 1708 1999 cap.

1014 2012 1043 2040 1.
1057 2009 1154 2050 cujus
1171 2009 1245 2041 haec
1266 2011 1347 2040 stunt
1369 2007 1492 2039 verba:
1516 2007 1630 2043 ‘Quid
1645 2017 1709 2049 ego

1012 2059 1087 2091 liaec
1105 2067 1364 2090 commemorem
1381 2058 1415 2089 in
1431 2063 1518 2097 arte,
1533 2058 1710 2091 Oceanum

1013 2119 1147 2151 quoque
1163 2113 1386 2149 transgressa,
1405 2113 1441 2140 et
1455 2107 1498 2140 ad
1515 2113 1646 2141 naturae
1661 2109 1709 2141 in-

1014 2169 1078 2192 ane
1114 2163 1288 2201 pervecta.
1331 2158 1512 2190 Britannia
1539 2158 1708 2202 hodieque

1012 2219 1086 2241 earn
1101 2209 1248 2242 attonite
1264 2208 1420 2240 celebrat
1431 2209 1536 2240 tantis
1557 2209 1708 2243 caerimo-

1011 2261 1087 2301 niis,
1102 2265 1140 2292 ut
1155 2259 1290 2291 dedisse
1306 2258 1422 2290 Persis
1445 2257 1550 2290 videri
1577 2258 1710 2299 possit?

1010 2311 1099 2342 Vide
1122 2309 1270 2340 Plinium
1300 2309 1364 2339 hoc
1387 2308 1474 2348 loco,
1493 2307 1708 2349 Strabonem,

1009 2370 1048 2393 ac
1067 2359 1242 2392 Laenium
1266 2358 1308 2389 de
1332 2358 1460 2398 origine
1486 2358 1707 2400 magiae,qnae

1008 2404 1152 2452 primum
1167 2412 1244 2440 orta
1267 2411 1322 2447 est
1344 2407 1379 2441 in
1403 2407 1546 2442 Perside
1563 2417 1624 2450 per
1640 2409 1709 2448 207

1008 2464 1186 2499 mesti-nm,
1200 2467 1241 2490 ac
1262 2457 1386 2489 deinde
1410 2458 1444 2489 in
1465 2468 1581 2490 omnes
1597 2463 1707 2492 terras

1008 2514 1208 2552 propagata.
1262 2508 1374 2543 Molch,
1401 2508 1492 2540 unde
1521 2509 1706 2542 deductum

1007 2570 1130 2593 nomen
1145 2561 1155 2578 ‘
1172 2559 1261 2601 magi
1274 2558 1282 2573 '
1307 2558 1398 2600 apud
1421 2559 1559 2601 Persas,
1572 2560 1708 2602 sapien-

1009 2614 1076 2645 tem
1088 2609 1272 2652 significat.

1052 2665 1114 2694 138
1137 2659 1341 2692 nubentibus
1354 2659 1467 2700 aseris]
1488 2660 1545 2692 Sic
1556 2660 1706 2702 loquitur

1007 2723 1050 2746 ex
1064 2711 1236 2744 sententia
1247 2710 1352 2751 vulgi,
1364 2710 1421 2751 qui
1437 2710 1552 2742 sidera
1565 2710 1599 2743 in
1611 2720 1708 2748 mare

1005 2766 1105 2806 putat
1120 2760 1272 2803 demergi
1287 2763 1323 2794 et
1335 2759 1414 2792 inde
1429 2759 1519 2795 oriri.

1778 2290 1818 2320 [λῇ
