1846 3120
278 489 382 564 P.
467 485 856 564 PAPJN
875 485 983 562 Π
1065 451 1469 573 STATII

219 620 222 623 ·
524 677 670 736 Τ·Η
695 676 757 734 Ε
778 676 839 734 Β
860 675 925 734 Α
945 675 980 734 I
1005 676 1070 734 D
1093 673 1156 735 O
1179 674 1224 735 S

647 875 653 879 ·
684 858 907 909 LIBER
960 859 1067 908 XI.

626 1033 1127 1059 ..τῖς-Ἑκτ-

688 1191 825 1223 ARGU
835 1190 1006 1222 MENTU
1017 1191 1066 1221 M.

142 1261 299 1314 Altmvl,
312 1271 468 1316 Capanei
479 1270 553 1304 fato
569 1270 748 1312 exterriti,
764 1270 873 1303 effuse
887 1270 922 1303 in
938 1274 1051 1303 castra
1067 1269 1218 1311 fugiunt.
1246 1265 1399 1302 Tandem
1414 1265 1613 1313 Tisiphone,

184 1325 332 1360 fratrum
357 1336 475 1359 tecum
501 1325 647 1358 invicem
677 1325 882 1366 certamine,
897 1323 1026 1357 bellum
1053 1323 1153 1356 finire
1178 1323 1311 1356 statuit.
1355 1324 1484 1356 Verum
1514 1329 1611 1357 tanto

185 1378 332 1413 facinori
347 1389 385 1413 te
396 1380 504 1412 solam
520 1388 638 1421 parem
650 1389 718 1412 non
732 1378 899 1420 sentiens,
910 1387 1063 1411 sororem
1075 1378 1266 1419 Megaei-am
1281 1388 1324 1410 ex
1337 1377 1463 1412 Inferis
1476 1383 1613 1411 evocat.

183 1432 276 1478 Dua
291 1433 421 1471 Furiae,
435 1431 580 1466 consilio
595 1431 726 1470 habito,
742 1442 883 1465 munera
899 1431 1109 1475 partiuntur.
1153 1430 1337 1473 Tisiphone
1350 1432 1483 1465 Thebas
1497 1431 1612 1465 tendit

183 1481 365 1520 Eteo'clein
380 1486 659 1528 instimulant„
680 1487 836 1529 Megaera
853 1487 890 1528 it,
910 1486 1029 1519 eadem
1046 1490 1178 1524 mente,
1193 1485 1237 1518 ad
1262 1486 1476 1528 Polynieem.
1522 1486 1611 1519 Haec

186 1550 264 1574 eum
279 1536 426 1575 offendit
435 1544 576 1582 spectro
594 1540 713 1585 Argiae
730 1540 858 1582 uxoris,
869 1550 947 1582 quae
964 1539 1013 1571 illi
1029 1543 1241 1581 apparuerat
1254 1538 1288 1571 in
1304 1544 1379 1571 atra
1398 1543 1507 1580 veste,
1523 1548 1613 1570 sum-

185 1603 328 1637 mopere
343 1594 518 1636 territum,
533 1599 570 1627 et
582 1595 751 1628 incertum
769 1604 813 1627 an
835 1594 930 1636 turpi
945 1593 1026 1635 fuga
1041 1599 1102 1626 aut
1116 1592 1208 1626 ferro
1224 1594 1315 1626 mala
1331 1593 1396 1626 sibi
1411 1592 1613 1635 impenden-

187 1648 238 1681 tia
250 1648 414 1693 evitaret.-
453 1648 524 1681 Sed
539 1648 696 1690 Megaera
712 1648 769 1680 vix
786 1647 881 1679 illum
893 1646 1032 1689 flagello
1043 1647 1170 1688 tangit,
1180 1657 1258 1679 cum
1275 1646 1387 1679 subito
1403 1639 1522 1678 furore
1537 1655 1613 1678 cor-

186 1706 318 1745 reptas,
330 1707 367 1735 et
381 1702 580 1745 sanguinem
596 1701 715 1734 fratris
730 1701 861 1741 sitiens,
885 1710 1010 1742 equum
1027 1699 1263 1743 conscendens
1288 1699 1330 1732 ad
1349 1704 1466 1741 portas
1481 1697 1614 1731 Theba·

186 1765 260 1789 rum
275 1757 383 1798 volat,
399 1755 459 1789 ubi
482 1755 612 1797 saepius
628 1756 699 1787 alta
714 1764 798 1787 voce
822 1753 966 1787 fratrem
982 1755 1016 1786 in
1043 1757 1219 1786 certarnen
1242 1757 1421 1795 provocat.
1466 1753 1613 1785 Interim

186 1809 363 1850 Eteocles,
379 1811 476 1842 ratus
492 1808 647 1850 Capanei
672 1818 754 1841 casu
778 1806 1142 1848 confectum'bellum‚
1166 1806 1247 1840 Jovi
1279 1816 1381 1839 sacra
1401 1806 1567 1853 faciebat!
1579 1807 1611 1846 ei

186 1863 316 1906 gratias
342 1866 494 1896 actui-ns.
538 1863 680 1903 Verum,
703 1861 780 1894 diro
812 1862 995 1903 praesagio,
1022 1861 1110 1903 ignis
1134 1861 1167 1893 in
1200 1862 1331 1893 vultum
1354 1861 1430 1903 ejus
1462 1860 1613 1894 insiliens

186 1915 347 1949 diadema
361 1915 548 1956 comburit,
559 1919 597 1948 et
611 1919 746 1955 taurus,
762 1919 843 1947 aute
860 1920 1037 1956 receptum
1048 1915 1170 1956 ictum,
1186 1925 1247 1947 ara
1259 1915 1421 1947 cornibus
1437 1904 1613 1957 percussa,

187 1979 208 2002 e
223 1969 339 2002 media
353 1969 649 2002 circumstantium
666 1967 769 2001 turba
785 1965 933 2010 aufugit.
979 1967 1066 2000 Cum
1081 1977 1165 1999 vero
1192 1967 1354 2009 Aruspex
1381 1967 1614 2010 redintegrari

188 2022 395 2056 sacrificium
410 2023 569 2065 juberet,
585 2031 670 2055 ecce
697 2021 850 2054 accurrit
865 2021 1024 2063 AEpytus‚
1047 2021 1181 2053 Eteocli
1206 2021 1384 2062 nuntians,
1407 2021 1612 2063 Polynicem

187 2077 295 2110 muris
322 2077 581 2119 obequitantem
601 2076 748 2108 illumin
772 2075 927 2117 praelium
946 2084 1101 2117 poscere.
1144 2074 1259 2107 Aulici
1286 2075 1362 2117 regi
1377 2075 1525 2111 suadent
1548 2077 1613 2110 lioc

187 2139 377 2172 eperuere;
398 2130 493 2172 ipsos
516 2128 622 2163 facile
647 2129 783 2162 hostem
810 2129 1025 2170 repulsuros.
1069 2127 1139 2163 Sed
1162 2128 1274 2161 Creon
1304 2133 1416 2161 morte
1438 2129 1602 2162 Menoece

188 2181 422 2222 efferatus,ut
435 2183 532 2216 videt
557 2183 738 2216 Eteoelem
763 2183 1000 2221 cunctantem,
1016 2183 1112 2215 illum
1140 2182 1235 2215 duris
1256 2183 1372 2215 verbis
1398 2183 1616 2225 aggreditur,

187 2241 352 2280 oportere
376 2237 470 2270 hunc
495 2237 530 2270 in
556 2242 730 2280 certamen
760 2237 997 2278 descendere;
1031 2247 1099 2285 non
1127 2236 1257 2269 diutius
1287 2238 1381 2269 cives
1405 2237 1613 2270 toleraturos

187 2285 427 2334 inumb-triae
443 2291 702 2325 calamitatibus
718 2290 796 2324 frui.
843 2291 1008 2324 Eteocles
1025 2292 1056 2324 ei
1076 2290 1281 2334 responden
1304 2291 1429 2332 ipsum,
1445 2291 1509 2324 sub'
1522 2290 1614 2330 fictis

188 2344 234 2377 de
247 2348 361 2378 morte
383 2345 555 2378 Menoecei
572 2345 751 2387 lacrymis,
776 2344 940 2387 regnandi
966 2345 1187 2378 ambitionem
1203 2350 1347 2387 tegere;
1371 2345 1432 2377 sed
1447 2344 1522 2377 fata
1546 2354 1613 2378 non

185 2398 407 2442 permissura,
423 2403 463 2432 ut
484 2408 629 2441 regnum
645 2398 851 2431 Thebanum
883 2400 919 2434 in
944 2402 1013 2432 tum
1030 2399 1189 2441 indignas
1212 2409 1333 2431 manus
1360 2399 1525 2432 caderet:
1550 2399 1615 2433 sibi

189 2462 281 2486 nune
298 2453 462 2486 ultionem
479 2452 630 2494 facilem,
650 2452 810 2485 daturum
827 2463 960 2495 poenas,
977 2464 1054 2486 cum
1071 2454 1221 2487 vicisset.
1267 2454 1333 2486 His
1348 2453 1450 2486 dietis
1467 2464 1563 2487 arma
1578 2458 1621 2487 e't-

191 2516 317 2550 equum
332 2502 470 2550 poscits
487 2507 634 2554 Joeasta
646 2507 844 2545 adveniens,
857 2518 923 2541 nec
940 2508 1114 2551 lacrymis,
1130 2518 1194 2541 nec
1211 2509 1386 2550 precibus,
1400 2508 1613 2541 obstinatum

137 2576 145 2589 ι
189 2562 281 2594 illius
297 2561 579 2604 animumpotest
594 2560 750 2594 flectere.
798 2562 850 2594 Ex
873 2562 938 2594 alia
956 2563 1057 2604 parte
1074 2561 1250 2604 Antigone
1266 2563 1387 2594 turrim
1402 2563 1518 2595 subito
1534 2572 1616 2595 con-

189 2615 339 2656 meudit,
361 2620 397 2648 et
411 2615 623 2654 mollioribus
639 2625 739 2659 quam
756 2619 875 2658 potest
900 2616 1013 2648 verbis
1030 2616 1235 2658 Polynicem
1249 2617 1425 2649 deterrere
1442 2621 1588 2649 conatur
1602 2628 1611 2655 ;

186 2673 227 2702 et
255 2669 350 2702 illum
365 2669 541 2707 movebat,
566 2679 643 2703 cum
669 2670 854 2712 Tisiphone
881 2680 900 2702 e
928 2670 1037 2712 portis
1065 2670 1243 2703 Eteoclen)
1267 2670 1380 2702 emisit
1397 2671 1615 2710 clamantem,

192 2722 336 2764 Adsum,
357 2727 395 2756 et
421 2729 573 2766 pugnam
601 2724 677 2766 pari
697 2723 814 2757 furore
837 2728 1050 2766 poscentem.
1095 2724 1293 2757 Accurrens
1312 2723 1480 2756 Adrastus
1504 2724 1548 2756 ab
1563 2725 1614 2759 his

191 2776 273 2808 nihil
291 2777 439 2816 obtinet,
453 2786 520 2820 quo
529 2778 616 2820 viso,
626 2778 740 2812 omnia
752 2779 923 2821 linquens,
936 2778 1050 2821 Argos
1067 2777 1168 2821 fugit.
1202 2779 1263 2811 Bis
1277 2783 1486 2811 concurrunt
1503 2779 1615 2819 illam,

235 2830 350 2872 Delpli.
364 2835 395 2864 et
417 2831 493 2864 Var.
510 2827 594 2864 Clas.
846 2832 931 2865 Stat.
1457 2834 1476 2863 4
1500 2832 1528 2862 Τ
