1846 3120
277 214 391 257 1286
781 223 822 254 P.
851 223 1044 255 mrum
1062 223 1240 257 sur-u

279 319 379 363 Nec
402 318 534 361 saevit
553 317 700 368 dictis,
719 321 876 359 trunca
895 318 977 360 sed
995 323 1181 373 pectora
1198 332 1366 374 quercu

277 386 379 438 Ter,
400 391 573 440 quater,
589 384 803 439 oppositi,
825 389 1033 440 quantum
1050 386 1117 429 ira
1140 386 1352 442 Deusque
1370 387 1603 440 valebant,
1644 403 1650 413 ¹
1679 403 1700 426 .’

280 452 471 507 Impulit
490 464 749 505 assurgens:
780 452 957 495 tandem
978 454 1171 508 vestigia
1189 455 1334 506 flexit,
1555 483 1558 486 -
1642 454 1734 499 485

280 519 624 573 Excussumque
643 532 777 562 manu
794 521 993 575 tegimen,
1014 533 1318 576 conversaque
1335 521 1451 564 lente
1496 525 1498 527 ’

280 586 427 639 Terga
446 585 606 628 refert:
635 586 800 629 instant
818 586 964 638 undae,
987 589 1270 642 sequiturque
1290 588 1510 631 labantem

280 652 442 696 Amnis
462 666 625 696 ovans:
657 666 737 695 nec
756 666 844 695 non
864 654 1003 705 saxis,
1026 659 1072 696 et
1089 655 1295 708 grandine
1313 655 1417 698 ferri

281 719 491 775 Desuper
509 720 716 762 infestant
733 720 873 775 Tyrii,
897 720 1159 775 geminoque
1179 722 1394 776 repellunt

285 787 487 842 Aggere:
519 787 628 842 quid
646 787 789 829 faciat
807 787 936 830 bellis
954 788 1166 830 obsessus
1181 793 1226 830 et
1240 788 1397 831 undis?
1651 790 1736 833 490

281 854 383 897 Nec
403 855 507 908 fuga
519 853 615 909 jam
634 854 808 905 misero,
826 847 907 896 neo
925 867 1094 909 magnae
1116 855 1251 910 copia
1270 857 1436 899 mortis.
1714 872 1715 875 ¹

279 920 438 964 Stabat
455 921 686 975 gramineae
708 921 929 976 producta
948 923 1174 977 crepidine
1191 923 1303 979 ripae

282 987 510 1030 Undarum
531 1001 585 1030 ac
602 993 730 1031 terrae
752 988 906 1039 dubio,
927 989 1007 1032 sed
1029 991 1218 1032 amicior
1235 990 1365 1033 undis

282 1055 520 1107 Fraxinus,
540 1055 789 1110 ingentique
808 1056 973 1098 vadum
993 1057 1254 1111 possederat
1272 1059 1442 1101 umbra.

281 1122 438 1177 Hujus
460 1135 589 1177 opem
608 1125 729 1174 (nam
748 1137 836 1179 qua
855 1128 999 1167 terras
1019 1124 1247 1167 invaderet
1259 1123 1302 1180 Τ)
1320 1136 1441 1168 unca
1563 1126 1568 1132 ’
1636 1126 1733 1169 495

279 1189 481 1243 Arripuit
500 1189 656 1231 dextra
673 1203 684 1232 τ
713 1204 792 1232 nec
810 1193 989 1246 pertulit
1007 1193 1088 1234 illa
1107 1193 1379 1245 trahentem3

278 1257 371 1299 Sed
389 1258 553 1312 majore
574 1270 724 1312 supra,
740 1271 870 1313 quam
891 1260 1040 1302 stabat
1059 1259 1254 1314 pondere
1274 1259 1395 1318 victa
1499 1311 1502 1314 Δ

281 1325 495 1376 Solvitur,
516 1328 562 1366 et
580 1338 671 1380 qua
690 1330 844 1380 stagna
861 1327 980 1369 subit
998 1327 1166 1378 radice,
1187 1327 1440 1383 quibusque

278 1391 499 1436 Arentem
520 1392 751 1446 mordebat
770 1384 963 1445 humum,
985 1393 1180 1436 demissa
1200 1407 1392 1449 superne

278 1512 394 1545 sabuli.
440 1513 511 1545 Neo
533 1512 625 1545 soevit
644 1513 757 1553 verbis,
770 1512 824 1544 sed
837 1519 979 1551 surgens,
993 1515 1044 1544 ter
1056 1515 1225 1553 quaterque
1236 1513 1387 1554 percussit
1393 1512 1578 1554 fragmento
1593 1521 1733 1555 quercus,

281 1559 431 1596 quantum
440 1556 535 1597 furor
548 1560 579 1588 et
593 1565 704 1587 numen
716 1557 874 1596 poterant,
896 1559 1006 1595 pectus
1027 1554 1138 1593 objecti
1153 1555 1424 1595 Hippomedontis.
1469 1556 1605 1588 Tandem
1620 1556 1734 1588 emovit

279 1599 384 1639 pedes,
398 1602 429 1630 et
449 1600 573 1640 clypeus
591 1607 685 1629 manu
706 1598 843 1637 deiectus
859 1600 919 1637 est,
939 1601 970 1629 et
993 1598 1082 1629 tarde
1107 1598 1259 1629 convertit
1272 1601 1407 1638 tergum.
1449 1598 1551 1640 Aquae
1564 1602 1689 1639 urgent,
1702 1601 1735 1630 et

276 1639 400 1681 fluvius
426 1643 572 1673 exultans
585 1640 759 1681 insequitur
772 1640 942 1672 cadentem.
975 1641 1102 1671 Necnon
1120 1640 1256 1671 Thebani
1268 1650 1336 1672 eum
1349 1644 1464 1673 vexant
1477 1643 1608 1682 desuper
1621 1640 1735 1682 lapidi·

281 1683 349 1719 bus,
369 1687 403 1715 et
425 1683 623 1716 multitudine
644 1684 787 1722 telorum,
810 1686 842 1717 et
863 1683 1027 1714 retrudunt
1047 1683 1136 1713 illum
1157 1692 1198 1714 ex
1212 1682 1328 1723 duplici
1343 1683 1510 1724 crepidine.
1555 1684 1642 1721 Quid
1699 1687 1735 1715 at

280 1725 425 1766 obseptus
438 1727 526 1768 aquis
539 1730 569 1757 et
580 1725 738 1757 hostibus?
767 1725 836 1756 Nec
842 1724 913 1763 jam
919 1725 1005 1764 fuga
1019 1724 1149 1764 infelici,
1159 1734 1215 1756 nec
1220 1725 1362 1763 sactdtas
1367 1726 1499 1766 gloriosi
1508 1725 1576 1758 leti.
1621 1725 1679 1758 Sta
1719 1760 1722 1763 ,

279 1768 384 1809 ampla
398 1768 553 1807 fraxinus
577 1768 612 1800 in
633 1777 748 1807 aggere
769 1766 889 1799 herbidi
917 1767 1034 1799 littoris
1055 1771 1087 1798 et
1107 1767 1206 1799 medio
1227 1767 1359 1809 ancipiti
1378 1777 1527 1810 aquarum
1548 1771 1580 1800 et
1599 1768 1736 1808 telluris,

280 1811 335 1842 sed
347 1811 528 1853 propensior
541 1811 574 1842 in
587 1820 693 1852 aquas,
713 1813 745 1842 et
760 1813 883 1841 texerat
899 1809 1021 1851 flumen
1043 1819 1159 1849 magna
1180 1810 1303 1841 umbra.
1347 1810 1428 1850 Ejus
1449 1810 1604 1843 auxilium
1624 1820 1734 1852 appre-

282 1853 397 1886 hendit
414 1864 495 1886 unca
517 1863 624 1893 manu,
638 1863 710 1885 nam
732 1862 792 1893 qua
807 1855 968 1892 occuparet
983 1855 1124 1883 terram?
1166 1852 1230 1884 Illa
1244 1856 1347 1884 autem
1364 1863 1426 1885 non
1439 1853 1593 1889 meinuit
1606 1853 1733 1885 trohen·

281 1899 344 1928 tem
354 1907 368 1934 ,·
389 1898 443 1928 sed
457 1899 603 1937 superata
617 1896 730 1935 maiore
744 1904 847 1934 onere,
856 1905 946 1936 quam
957 1903 1052 1935 supra
1065 1895 1258 1935 assurgebat,
1271 1896 1356 1926 cadit
1365 1895 1479 1928 avulsis
1488 1895 1659 1936 radicibus,
1669 1899 1734 1927 tam

281 1939 392 1980 quibus
408 1938 544 1980 fluvium
558 1938 749 1979 ingreditur,
766 1947 857 1980 quam
872 1937 912 1969 iis
923 1937 1030 1978 quibus
1043 1937 1276 1978 constringebat
1287 1939 1401 1970 siccam
1414 1941 1542 1980 terram,
1557 1942 1590 1971 et
1602 1947 1734 1980 superne

883 2033 1125 2046 ‘Imm

283 2091 389 2120 ——483
412 2088 536 2121 Behot.
552 2091 583 2120 1.
599 2091 726 2120 truncas
747 2088 782 2120 in
803 2092 928 2130 pectora
943 2090 1191 2129 quercum—484
1216 2088 1277 2120 Ter
1291 2091 1401 2129 quater
1420 2087 1584 2130 oppositas.
1607 2087 1732 2120 Behot.

284 2134 315 2164 l.
334 2131 393 2163 Ter
405 2135 514 2172 quater
528 2131 666 2172 opposita
680 2131 804 2163 Behot.
819 2134 958 2163 2.-486
981 2132 1086 2171 Lang.
1104 2132 1205 2164 Lanr.
1223 2130 1355 2162 Buslid.
1369 2130 1520 2171 Lipsian.
1536 2131 1628 2162 Dan·
1653 2130 1735 2162 Put.

282 2174 406 2206 Petav.
433 2173 536 2205 Aldd.
565 2173 674 2205 Colin.
704 2173 838 2214 Gryph.
869 2174 974 2206 Basil.
997 2174 1114 2205 Plant.
1139 2172 1370 2214 Lindenbrog.
1398 2173 1564 2206 Crum'et
1589 2172 1733 2205 Gevart.

281 2220 406 2256 tegmen
417 2227 430 2254 ,·
452 2217 591 2248 Behott.
607 2218 637 2247 1.
654 2219 686 2247 2.
702 2217 852 2248 Gronov.
867 2217 986 2249 Barth.
1002 2217 1111 2248 Veen.
1127 2219 1162 2247 et
1183 2215 1308 2256 Delph.
1333 2215 1587 2256 regimem—490
1607 2215 1650 2247 In
1665 2224 1734 2247 uno

279 2259 486 2291 Barthiano:
511 2259 599 2290 bellis
621 2262 901 2300 oppresm.-—495
925 2260 934 2277 ‘
953 2259 994 2290 In
1021 2260 1086 2291 alio
1114 2259 1202 2290 libro
1229 2258 1395 2299 scriptum
1414 2262 1491 2289 est:
1520 2258 1531 2276 ‘
1547 2267 1630 2299 opes,
1651 2257 1674 2289 i.
1699 2266 1734 2289 e.

282 2310 393 2335 ramos
403 2301 425 2342 ς’
446 2302 507 2334 sed
522 2301 605 2334 nihil
627 2301 851 2334 mutandum?
865 2302 1089 2334 Barth—49⁷
1113 2301 1177 2333 Sed
1202 2301 1317 2340 majore
1338 2309 1430 2342 super
1454 2300 1594 2333 Behott.
1612 2303 1643 2332 1.
1656 2302 1734 2333 2.—

939 2385 1084 2419 NOTAE

278 2451 442 2493 squalore
457 2449 640 2483 sordentis.
685 2450 757 2483 Alii
769 2450 904 2484 codices
926 2451 983 2483 ha·
1076 2454 1138 2484 491
1164 2451 1233 2483 Nec
1245 2449 1384 2491 magne]
1404 2448 1521 2482 Hei-oe
1535 2448 1661 2491 dignae.
1675 2443 1685 2453 “

282 2501 368 2533 bent
384 2502 473 2532 mole.
868 2508 871 2511 ’
1077 2505 1140 2535 493
1168 2502 1329 2534 Undarum
1339 2511 1376 2533 ac
1387 2504 1480 2533 terroe
1494 2500 1731 2541 dubi011ncer·

325 2553 389 2583 484
416 2550 575 2592 Oppositi]
598 2551 898 2592 Hippomedontis.
934 2553 984 2585 Ut
1034 2557 1107 2584 tum
1128 2556 1204 2584 erat
1225 2555 1340 2584 utrum
1365 2551 1466 2584 arbor
1490 2551 1564 2583 haee
1586 2554 1679 2583 esset
1699 2551 1734 2582 in

222 2594 225 2596 ⁵
281 2600 482 2633 ostenderet
501 2601 574 2631 ⁴viri
604 2600 704 2633 fortis
741 2603 981 2644 constantiam,
1033 2601 1150 2643 fluvio,
1165 2611 1208 2634 an
1223 2606 1336 2643 extra,
1352 2601 1386 2634 in
1402 2602 1476 2643 ipsa
1500 2602 1632 2634 scilicet
1647 2601 1733 2641 ripa.

283 2652 369 2683 dicit
385 2650 483 2682 tarde
500 2660 576 2682 eum
593 2652 736 2684 cessisse
752 2653 807 2684 vel
824 2654 966 2686 numini.
1074 2655 1138 2684 497
1161 2652 1305 2684 Pondere
1325 2651 1423 2692 victa]
1444 2650 1629 2684 Trahentis
1643 2650 1735 2682 sciti-

324 2704 387 2733 485
414 2700 550 2732 Tandem
562 2701 697 2741 vestigia
711 2702 826 2745 flexit]
848 2703 981 2746 Hippo·
1031 2707 1091 2736 cet
1106 2702 1275 2745 gravitate
1291 2702 1408 2735 avulsa
1422 2705 1488 2734 est.

282 2752 419 2789 medon,
434 2750 568 2792 supple.
