1846 3120
7 1547 49 1618 s

28 2126 39 2170 '⁴

631 245 973 279 somnnmuos
1006 247 1102 279 mn.
1135 247 1168 279 1.
1519 236 1633 280 1577

166 343 394 400 Tegmina,
413 342 457 385 ni
479 341 622 397 primo
642 345 685 384 te
705 342 801 385 visa
820 342 866 384 in
887 342 1064 385 littore:
1096 340 1214 384 cessi

160 411 233 454 'Te
251 415 459 470 propter:
488 411 574 452 tibi
594 423 739 465 pensa
758 423 908 461 manu,
929 411 1011 453 tibi
1030 411 1180 453 mollia
1197 413 1323 464 gesto

165 479 424 536 Tympana:
455 479 563 534 quid
584 477 722 520 defles
741 491 900 532 magno
917 490 1054 521 nurus
1075 477 1227 520 addita
1246 478 1417 532 ponto?
1544 477 1631 521 655

167 546 286 599 Quid
309 547 451 601 gemis
470 546 672 601 ingentes
692 545 811 589 coelo
832 547 1030 601 paritura
1048 551 1236 601 nepotes
1253 547 1272 587 ’ἒ

165 614 254 658 Sed
271 618 398 670 pater
418 619 519 657 ante
537 613 644 668 igni,
662 613 868 668 ferroque
885 615 1043 657 excisa
1056 613 1230 667 jacebit

165 682 343 738 Scyros,
363 685 407 724 et
426 682 473 724 in
492 681 687 724 tumidas
707 681 835 724 ibunt
850 681 949 725 haec
972 694 1105 725 versa
1124 682 1349 737 procellas

167 749 355 802 Moenia,
375 762 509 805 quam
528 762 654 791 saevo
673 762 772 792 mea
791 752 839 792 tu
858 750 1084 792 connubia
1103 749 1266 805 perdas

166 817 370 862 Funere:
399 831 488 860 non
505 817 620 860 adeo
641 818 897 872 parebimus
917 819 1070 861 omnia
1086 818 1229 861 matri.
1544 819 1631 861 660

163 884 311 938 Vade,
331 886 411 929 sed
429 891 629 942 ereptum
648 890 817 937 taceas,
835 886 1044 942 celesque
1063 886 1299 941 pudorem.

165 952 411 1010 Obstupuit
427 954 563 997 tantis
581 955 730 1008 regina
750 955 961 996 exterrita
981 955 1203 1004 monstriS,

165 1016 434 1078 Quanquam
453 1022 560 1064 olim
581 1026 798 1077 suspecta
817 1021 944 1075 fides,
965 1026 1011 1064 et
1031 1022 1236 1064 cominus
1255 1021 1403 1078 ipsum

165 1086 366 1142 Horruit,
386 1093 433 1133 et
450 1089 636 1132 multum
656 1089 796 1132 facies
815 1093 986 1133 mutata
1003 1088 1206 1132 fatentis.

164 1156 286 1212 Quid
302 1158 439 1202 faciat
452 1158 473 1200 ἲ
503 1170 693 1201 casusne
713 1170 820 1200 suos
841 1157 953 1200 ferat
972 1158 1074 1213 ipsa
1093 1156 1267 1212 parenti
1279 1156 1299 1197 Τ
1544 1155 1631 1198 665

162 1288 199 1320 in
211 1288 335 1321 littore.-
347 1291 476 1330 propter
491 1290 522 1320 te
530 1287 627 1320 matri
641 1289 720 1321 cessi
729 1298 740 1320 .·
754 1291 884 1329 propter
898 1291 929 1320 te
933 1290 1026 1330 porto
1040 1288 1122 1320 colos
1137 1291 1283 1329 mammet
1293 1286 1456 1320 muliebria
1470 1289 1630 1328 tympana.

166 1331 252 1368 Quid
275 1331 378 1372 ploras
399 1340 514 1363 nurum
535 1340 600 1363 esse
622 1331 762 1372 ingentis
785 1331 908 1363 maris?
952 1331 1038 1367 Quid
1063 1332 1217 1372 quereris,
1238 1331 1388 1370 genitura
1403 1330 1476 1361 coelo
1491 1330 1631 1360 illustres

128 1369 130 1374 ’
158 1377 321 1416 munos?
364 1373 428 1406 Sed
443 1377 515 1406 tuus
537 1377 640 1415 pater,
660 1377 692 1406 et
707 1374 821 1416 Scyros
844 1375 970 1415 penitus
994 1375 1171 1406 vastabitur
1184 1373 1342 1416 flammis,
1366 1377 1399 1405 et
1416 1371 1522 1412 ferro,
1544 1374 1575 1403 et
1596 1371 1631 1402 1ιί

160 1417 245 1449 nun-i
267 1416 371 1449 direci
391 1419 575 1458 tergentur
596 1417 632 1449 ιἰι
653 1417 783 1459 inflatos
795 1416 929 1459 fluctus,
949 1419 1023 1449 ante
1047 1427 1140 1458 quam
1166 1416 1273 1458 patiar
1300 1419 1356 1448 tua
1380 1415 1501 1448 crudeli
1530 1417 1630 1447 morte

160 1463 302 1492 „aarum
316 1459 551 1492 matrimonium
564 1459 643 1492 solvi
653 1470 664 1491 .·
686 1470 747 1492 non
762 1462 838 1491 adeo
857 1460 954 1491 matri
973 1460 1172 1500 obsequemur
1185 1460 1219 1492 in
1235 1459 1387 1492 omnibus.
1431 1458 1464 1498 I,
1479 1461 1510 1490 et
1524 1457 1630 1499 sileas,

161 1506 192 1534 et
207 1503 340 1535 occultes
352 1506 489 1544 neptam
504 1502 730 1543 virginitatem.
777 1503 876 1543 Regis
887 1502 976 1546 filiu,
990 1506 1189 1535 consternata
1204 1506 1293 1534 tanto
1303 1501 1464 1543 prodigio,
1480 1500 1631 1540 diriguit,

159 1545 222 1577 elsi
234 1548 328 1577 antea
340 1545 461 1587 aliqttid
473 1549 551 1578 met
565 1546 735 1587 suspicata,
752 1548 784 1577 et
795 1545 926 1587 propius
937 1545 1040 1587 ipsum
1057 1546 1190 1578 videndo
1204 1545 1340 1584 hom-uit,
1362 1548 1395 1577 et
1410 1546 1484 1576 dum
1498 1544 1527 1575 is
1540 1543 1630 1582 sate·

161 1590 227 1626 tur,
241 1587 312 1630 quis
324 1591 417 1631 esset,
440 1588 506 1629 eius
518 1588 625 1621 valeus
645 1591 784 1621 mutatus
803 1588 930 1621 videtur
943 1587 1045 1620 virum
1065 1589 1216 1621 indicare.
1262 1587 1351 1625 Quid
1372 1590 1473 1628 agat?
1494 1596 1535 1619 un
1561 1585 1631 1628 ipsa

777 1684 1019 1698 ΝΟΜΝΙΟΝ

160 1749 231 1790 igni
245 1748 356 1783 codex
370 1749 412 1783 Τ.
427 1749 470 1783 R.
492 1749 527 1782 in
543 1749 647 1783 Ohss.
660 1749 762 1784 Misc.
776 1749 874 1783 Tem.
890 1758 941 1782 xv.
982 1772 991 1783 .
1006 1752 1082 1783 395.
1098 1749 1155 1782 ubi
1166 1749 1211 1782 V.
1226 1749 1276 1781 D.
1303 1746 1486 1790 legendum
1503 1750 1627 1789 putat:

161 1792 227 1826 Sed
303 1793 526 1826 eru—Ante
546 1793 628 1834 igni,
647 1792 808 1835 ferroque,
827 1795 882 1835 ξε.
902 1793 913 1812 ‘
931 1759 1055 1826 nfest:
1078 1790 1148 1825 Sed
1162 1793 1272 1831 dices,
1289 1797 1391 1833 pater
1405 1801 1459 1822 me
1472 1790 1629 1823 occidet:

160 1836 232 1868 nihi
260 1842 407 1879 metuas,
419 1845 498 1869 cum
512 1846 578 1878 ego
600 1840 680 1869 tuus
701 1835 863 1869 defensor
876 1834 1013 1869 futurus
1028 1835 1223 1870 siml—669
1246 1834 1358 1867 Codd.
1381 1834 1536 1866 nonnulli
1550 1833 1631 1866 Lin-

160 1878 362 1922 daubi-agii:
397 1880 552 1912 connubia
576 1880 717 1921 pendan
750 1879 808 1912 alii
833 1879 1010 1921 ejusdem:
1033 1878 1186 1912 connubia
1205 1879 1350 1920 pandam
1371 1877 1481 1910 ceteri
1511 1886 1629 1909 omnes

161 1931 238 1957 enm
268 1922 348 1955 edd.
373 1922 525 1955 connubia
545 1924 779 1964 perdam—661
804 1922 947 1958 Veneti.
966 1921 1066 1954 Aldd.
1093 1921 1203 1955 Colin.
1225 1921 1357 1963 Gryph.
1386 1920 1491 1952 Basil.
1511 1920 1629 1953 Piant.

159 1965 265 1999 etism
290 1965 392 1999 codd.
418 1965 572 2007 Lipsiae.
587 1965 695 2007 Lang-
720 1966 822 1998 Laur.
846 1970 883 1997 et
907 1965 1041 1998 Buslid.
1063 1966 1119 1998 sed
1142 1967 1311 2006 arreptum.
1356 1963 1563 1995 Bernartius
1584 1972 1628 1995 ex

160 2009 374 2050 conjectura,
391 2013 430 2041 ut
455 2008 516 2046 ait,
533 2008 631 2050 ponit
653 2011 817 2050 ereptum;
839 2008 930 2051 quod
954 2009 1084 2041 habent
1107 2008 1269 2040 Petu-ens.
1296 2006 1382 2039 Exc.
1403 2007 1509 2047 Burg.
1534 2006 1629 2038 Dan.

160 2050 244 2084 Put.
257 2052 384 2084 Petav.
400 2055 436 2083 et
462 2051 573 2085 codex
595 2051 639 2083 T.
654 2052 807 2084 R.—664
828 2051 838 2069 ‘
857 2051 897 2083 In
917 2051 1015 2083 libris
1040 2051 1177 2093 scriptis
1204 2050 1366 2092 reperio:
1389 2049 1474 2081 haud
1496 2049 1629 2081 multum

152 2093 258 2133 facies
271 2097 394 2128 mutata
409 2093 560 2140 fuimis.
605 2094 776 2127 Nimirum
801 2098 836 2126 et
851 2099 931 2127 ante
947 2094 1150 2131 virilitatem
1167 2093 1203 2126 in
1219 2102 1260 2126 eo
1279 2092 1450 2136 quandam
1472 2096 1629 2125 senserat

820 2181 853 2214 N
857 2181 961 2214 OTAE

203 2257 267 2289 654
291 2254 406 2288 Mollia
417 2257 508 2296 gesto
523 2254 700 2298 Tympana]
719 2255 867 2298 Tympa·
963 2259 1028 2288 659
1052 2256 1217 2289 Connubia
1239 2254 1369 2297 perdas]
1393 2254 1505 2287 Poena
1535 2253 1626 2286 enim

160 2306 197 2340 ni
212 2316 291 2339 usus
305 2306 341 2338 in
355 2306 463 2338 sacris
481 2305 623 2346 Bacchi,
649 2310 688 2338 ut
702 2309 739 2338 et
755 2306 867 2348 Cybe·
921 2307 1059 2340 violatae
1075 2306 1285 2348 virginitatis
1300 2315 1400 2338 mors.

160 2356 230 2389 ies:
254 2355 508 2398 illius‘gestatio
525 2355 636 2387 mollis
653 2359 690 2388 et
704 2355 867 2388 foeminea
963 2360 1027 2390 662
1051 2356 1194 2398 Regina]
1218 2355 1410 2389 Deidamia.
1455 2355 1628 2399 Monstris]

160 2408 364 2451 putabatur.
429 2408 522 2440 Hinc
562 2407 654 2450 apud
698 2408 866 2441 Nostrum
920 2409 966 2441 Et
995 2408 1076 2451 quia
1107 2407 1271 2449 cognovit
1302 2405 1474 2439 Achillem
1515 2406 1627 2438 virum

158 2457 269 2492 Theb.
294 2467 350 2492 rx.
373 2457 648 2500 Parthenopaeus
676 2458 866 2501 exprobrat
920 2469 1010 2501 esse,
1023 2463 1061 2492 et
1076 2458 1156 2501 quia
1171 2458 1230 2490 ille
1248 2461 1299 2490 tot
1316 2457 1475 2489 minatur.

158 2508 346 2550 Thebanis,
357 2507 449 2551 quod
465 2512 629 2551 tympana
642 2507 785 2543 ferrent.
818 2510 866 2542 Et
961 2513 1026 2543 663
1053 2510 1238 2551 Quanquam
1262 2509 1339 2541 olim
1366 2511 1508 2550 suspecta
1522 2508 1627 2551 fides]

159 2558 252 2602 apud
269 2559 431 2591 Plautum
454 2559 489 2591 in
504 2559 720 2592 Truculento
742 2559 863 2602 ‘Tym-
920 2560 1077 2603 Respicit
1098 2559 1141 2592 ad
1168 2558 1252 2592 illud
1268 2558 1360 2601 quod
1386 2567 1490 2600 supra
1514 2558 1626 2591 dixit:

159 2609 375 2652 panon-ibam
390 2608 400 2623 '
413 2618 477 2651 pro
491 2609 586 2642 molli
600 2614 742 2643 sumunt
757 2610 865 2644 inter·
918 2612 929 2630 ‘
943 2612 1116 2654 Vocisque
1131 2619 1264 2652 sonum,
1287 2609 1490 2652 pondusque
1506 2612 1627 2643 tenen·

159 2663 291 2703 pretet.
919 2661 987 2703 tis‚’
1002 2663 1070 2694 &c-

200 2713 264 2743 655
289 2709 402 2742 Num
415 2708 526 2742 addita
537 2708 650 2751 ponto]
673 2710 763 2743 Nam
775 2710 864 2744 The·
960 2714 1026 2744 664
1049 2710 1180 2743 Mutata
1209 2708 1367 2750 fatentis]
1406 2710 1523 2752 Longe
1556 2709 1624 2742 alia

157 2760 216 2801 tis,
228 2765 339 2792 mater
355 2759 681 2796 Achillis,eratDea
697 2762 841 2796 marina.
920 2762 990 2795 visa
1027 2767 1082 2794 est
1119 2760 1227 2794 facies
1264 2760 1405 2793 fatentis
1435 2770 1472 2793 se
1501 2762 1626 2802 virum,

201 2813 269 2843 656
291 2809 394 2851 Goelo]
414 2809 507 2843 Jovi.
919 2822 1112 2856 quanquam
1130 2812 1210 2846 olim
1229 2815 1408 2854 suspectus
1425 2816 1509 2843 erat.
