1846 3120
8 1287 42 1360 5⁷22·ss
0 463 38 1274 *asfssataffi‘ssffffimmmm
27 431 31 439 ι
0 398 29 403 Ῐ
16 345 33 350 t
26 314 28 316 ⁴

351 226 354 228 ’
408 218 450 250 Ρ.
483 217 676 251 ΡΑΡΙΝΙΙ
707 218 873 251 δΤΑΤΗ
906 219 1055 254 SYLV.
1087 221 1183 253 [ΑΒ.
1206 221 1238 252 1.
1266 213 1308 255 5.

126 311 200 352 τήν·
235 312 546 355 Κλιιὸμιντοσίηης
569 316 682 347 Μοῦσα.
705 312 758 348 καὶ
780 315 828 348 ior·

128 363 244 406 rupim.
282 365 389 406 Quod
404 365 454 400 sic
469 366 688 408 interpretari
712 366 827 399 lubet.

127 413 267 454 [mitellis
276 414 408 457 gilliam
419 416 489 452 Clio
502 420 669 458 mutusque
679 416 831 458 procacis,

127 465 335 508 Priamique
352 466 452 499 «nimi
473 470 535 506 est,
553 467 753 508 historioeque
771 477 828 508 po-

126 518 208 550 tm
249 516 374 550 Horat.
390 526 433 550 ιι.
449 517 519 550 od.
536 520 568 550 l.
590 517 686 550 ‘Sed
707 527 751 549 ne
776 527 830 549 re-

125 565 218 602 lictis
233 566 337 601 Musa
352 577 482 609 procax
491 567 585 610 ⁸iocis
599 567 679 600 Ceae
695 572 829 600 retrac-

127 619 183 652 tea
196 625 341 653 munera
354 618 386 651 N
390 617 514 650 aeniaess
535 618 665 650 Mareu.

169 668 214 703 16.
237 666 368 700 crinem
386 667 530 700 redimite
551 668 722 712 corymbis]
742 668 829 701 Pro-

128 717 263 760 pertius
289 719 354 752 lib.
377 726 420 752 ιι.
442 719 552 752 ‘Tum
578 720 686 762 capiti
714 730 831 753 sacros

127 766 415 813 patiat;-pendere
438 770 641 813 corymbos:
683 771 749 804 Est
773 781 830 803 co-

126 819 431 865 rymbuslaederae
461 830 625 857 racemus,
646 821 681 854 iu
711 821 830 855 orbem

126 872 378 910 circumactus:
416 871 554 909 Plinius
581 871 671 905 libro
698 881 831 904 xxxvr.

131 932 164 956 c.
170 924 235 970 δὴ
258 921 414 957 Isidorus
429 922 474 956 de
488 922 623 956 vitibus
637 922 726 955 libro
738 931 831 955 xvir·

129 983 210 1016 cup.
223 977 259 1008 ὅ.
290 972 480 1016 ‘corymbi
509 977 591 1010 sunt
618 974 748 1012 annuli,
771 974 830 1016 qui

128 1025 288 1066 proxima
309 1033 456 1068 quaque
482 1024 592 1067 ligant
615 1028 652 1057 et
674 1035 830 1066 compre·

130 1074 302 1117 inondant,
319 1084 365 1108 ne
381 1075 517 1118 longius
539 1075 645 1107 laxati
671 1075 831 1116 palmites

129 1129 311 1160 ventorum
323 1125 458 1159 flatibus
473 1124 706 1167 dissipentur:
738 1125 831 1159 Quin

129 1179 167 1210 et
181 1186 312 1215 summa
329 1176 445 1211 omnia
465 1176 536 1209 dici
562 1175 728 1218 corymba
755 1186 832 1218 pos·

81 1264 83 1266 ,
128 1231 221 1268 mut,
233 1227 387 1260 Homero
402 1230 440 1260 et
452 1226 632 1259 Herodoto
646 1227 832 1268 astipulan-

128 1277 237 1320 tibus,
275 1281 318 1314 ut,
341 1278 399 1311 alii
418 1278 631 1320 jampridem
659 1287 832 1311 monuere.

129 1329 284 1364 Rern-ara

135 1405 138 1408 .
170 1382 212 1413 21
237 1379 409 1422 salawa]
432 1380 523 1413 Fons
548 1379 581 1412 in
597 1377 712 1421 Caria,
731 1380 833 1422 *cujus

126 1439 252 1475 aquam
278 1431 338 1473 qui
365 1430 550 1472 potaverit,
576 1430 685 1462 mollis
706 1430 834 1463 dicitur

128 1479 216 1516 fieri.
255 1479 298 1515 Id
335 1485 441 1523 negat
474 1480 614 1513 Strabo.
666 1481 832 1515 Salmacis

130 1533 246 1564 autem
278 1530 443 1573 nympha,
477 1534 518 1563 ut
544 1536 598 1563 est
629 1531 720 1574 apud
750 1532 834 1564 Ovi-

129 1582 240 1624 dium,
278 1582 606 1625 Hermaphroditum
645 1583 733 1616 adeo
761 1584 834 1616 avi-

129 1633 174 1667 de
202 1637 257 1668 est
281 1634 476 1676 complexa,
497 1638 537 1666 ut
559 1634 658 1666 ambo
679 1634 715 1666 iu
730 1644 834 1667 uuum

130 1684 277 1719 coierint
290 1693 430 1726 corpus.
473 1683 567 1717 Hinc
591 1684 743 1717 dolosum
758 1684 834 1717 fon-

129 1739 200 1770 tem
235 1734 388 1776 appellat
404 1766 406 1769 ,
423 1733 625 1776 Papinius„
655 1734 835 1767 Vitruvius

129 1783 266 1826 scribit,
278 1784 409 1817 Midam
424 1788 462 1817 et
476 1783 683 1817 Aradamam
697 1784 835 1817 duxisse

129 1835 297 1868 coloniam
312 1835 348 1868 in
372 1835 570 1877 Carianum,
584 1836 755 1878 expulisse
772 1836 835 1868 Le-

128 1887 268 1930 legaset
279 1887 386 1920 Cares
397 1897 407 1919 ε
431 1886 725 1929 diversoriumque
735 1896 834 1919 erex—

129 1939 199 1977 isse
219 1938 326 1981 juxta
347 1937 531 1971 Salmacim
562 1936 715 1971 fontem:
737 1938 834 1980 cujus

130 1998 223 2032 aqua
244 1989 444 2022 suavissima
470 1990 596 2021 multos
617 1989 660 2021 ad
682 1994 833 2022 mutuam

131 2039 213 2073 vito
228 2039 432 2073 societatem
446 2039 482 2072 in
496 2039 643 2072 eundem
658 2040 773 2073 locum
787 2041 835 2072 al·

127 2090 275 2125 lexerit:
305 2090 396 2123 unde
408 2089 526 2123 fabuia
540 2090 584 2122 de
599 2089 704 2123 sontis
727 2090 836 2123 molli-

131 2141 182 2174 tio
210 2145 294 2175 nata
318 2145 400 2178 est..
416 2141 590 2174 Domitius.
638 2141 837 2182 Crebeuicos]

130 2191 222 2226 Aliis
250 2192 390 2234 syllabis
411 2192 548 2224 inversa
575 2195 631 2225 est
665 2192 772 2225 dictio
801 2193 836 2224 iu

130 2243 288 2279 omuibus
303 2243 498 2285 eodicibua3
519 2243 580 2276 sed
607 2243 657 2275 ita
679 2243 837 2276 emenda·

130 2304 229 2329 mus:
253 2305 332 2328 nam
351 2295 526 2328 Crebenes
539 2294 661 2328 fluvius
673 2295 836 2336 Phrygiae

130 2350 198 2386 est,
213 2346 313 2389 cujus
327 2345 396 2379 fllia
410 2346 595 2388 Hesperia,
617 2350 655 2378 nt
679 2350 732 2378 est
745 2345 836 2387 apud

130 2395 293 2430 ovid-ab
308 2397 427 2430 AEsaco
440 2401 554 2430 amata
567 2396 644 2438 fuit,
653 2396 723 2429 filio
738 2397 836 2429 Pria-

130 2448 218 2484 mi.
233 2449 288 2482 Ea
301 2447 382 2482 dum
397 2448 534 2491 fugeret
548 2450 583 2482 in
601 2450 676 2492 ripa
690 2448 838 2482 fluminis

129 2501 254 2544 patris,
276 2510 392 2533 morsu
415 2501 586 2542 serpentis
601 2501 756 2532 extincta
771 2505 837 2532 est.

131 2549 275 2585 AEsacus
300 2551 420 2583 dolore
441 2551 476 2583 in
502 2559 655 2593 mergum
681 2555 734 2583 est
756 2560 838 2583 con-

130 2609 261 2635 uersus.
313 2601 494 2634 Hactenus
521 2600 626 2635 Ovid.
657 2601 838 2642 Deinceps

130 2653 270 2687 Greci:
295 2653 471 2686 Crebenus
484 2658 584 2695 pater
597 2663 742 2685 moerore
758 2662 838 2685 exa·

4 2678 47 2750 Ξ
111 2705 242 2737 suine
268 2703 410 2746 dieitur,
435 2707 473 2737 et
495 2702 608 2738 factus
622 2713 695 2737 esse
719 2705 839 2746 palus,

131 2754 229 2788 unde
251 2755 457 2797 pestilentes
481 2755 716 2788 exhalationes
738 2757 838 2788 eruit-

131 2810 269 2842 ·tuntur.
306 2805 433 2840 Strabo
456 2806 653 2840 Crebesiam
679 2807 837 2850 paludem

1473 212 1589 256 1659

880 317 1036 358 appellat
1056 315 1196 349 fiumina
1216 316 1413 350 Crebenidos.
1450 317 1589 360 Hespe-

879 367 948 399 ries
963 367 1042 399 filiae
1056 368 1216 401 Crebeni.
1242 369 1341 401 Idem.

922 419 964 450 22
986 418 1192 460 Proedatrix]
1216 419 1340 461 Hylam
1352 420 1464 453 lacum
1478 421 1512 453 in
1525 420 1587 452 Bi-

880 468 1000 510 thynia
1017 468 1194 510 intelligit,
1210 470 1267 501 ubi
1285 476 1400 512 raptus
1413 476 1466 503 est
1476 471 1588 513 Hylas

880 529 967 561 puer
994 519 1182 553 Herculis.-
1203 521 1295 562 quod
1320 522 1447 554 accolae
1479 527 1588 554 testa·

879 570 1005 602 bantur
1036 570 1178 611 singulis
1202 571 1309 608 annis,
1333 572 1590 604 circumeuntes

879 620 993 652 lacum
1017 623 1055 652 et
1083 619 1213 661 Hylam
1247 621 1462 652 vocitantes:
1496 622 1586 663 quod

880 670 999 702 scribit
1014 670 1161 703 Solinus.
1207 670 1311 702 Hunc
1329 677 1464 712 raptum
1480 670 1589 703 fuisse

880 719 923 751 ad
942 719 1189 761 Argantonium
1214 722 1482 761 promontorium
1502 721 1588 753 scri-

881 770 933 802 bit
947 770 1085 804 Strabo.
1102 771 1264 812 Propert.
1284 765 1339 813 (ut
1354 774 1389 803 in
1404 772 1478 813 ejus
1493 782 1587 804 com-

879 821 1057 854 mentariis
1094 820 1259 864 diximus)
1291 822 1587 865 Argantipbagum

879 873 1060 914 appellat:
1094 873 1190 905 ‘Hic
1223 878 1298 905 erat
1334 873 1587 916 Argantiphagi

881 924 945 954 sub
975 922 1106 955 vertice
1135 923 1304 964 montis;'
1340 934 1418 956 nam
1448 925 1499 957 ita
1526 925 1587 957 ille

879 983 998 1007 versus
1013 975 1246 1007 emendandus
1259 980 1325 1008 est.
1355 976 1456 1008 Idem.

923 1028 965 1058 24
1005 1026 1208 1067 Tybrimque]
1243 1027 1290 1058 Et
1313 1027 1458 1068 Tybrim
1485 1026 1587 1060 undis

882 1076 1020 1109 aliunde
1049 1077 1205 1110 advectis
1238 1081 1353 1109 vestro
1378 1087 1426 1110 sc.
1455 1076 1595 1109 influxu

880 1127 1029 1169 augetis.
1071 1127 1195 1169 Anien]
1221 1129 1310 1160 Nam
1322 1127 1411 1160 Anio
1428 1131 1527 1160 vetus
1550 1130 1588 1160 et

881 1176 972 1209 Anio
987 1187 1096 1210 novus
1119 1179 1154 1210 in
1171 1179 1290 1210 urbem
1306 1179 1497 1211 ducebatur
1509 1189 1519 1208 ε
1542 1177 1587 1210 de

880 1237 975 1270 aquae
1007 1229 1112 1271 igitur
1142 1229 1263 1270 ductu,
1285 1239 1354 1261 non
1380 1228 1424 1261 de
1446 1227 1589 1261 flumine

880 1288 971 1310 nnnc
1007 1279 1183 1320 intelligit.
1249 1278 1380 1320 Virgo}
1407 1279 1587 1320 Virginem

881 1339 1002 1371 aquam
1016 1329 1117 1362 duxit
1141 1331 1282 1362 Marcus
1303 1330 1461 1371 Agrippa
1475 1330 1518 1362 ab
1532 1340 1589 1362 oc-

881 1379 952 1411 tavi
982 1380 1107 1421 lapidis
1137 1380 1344 1413 diverticulo
1373 1380 1441 1412 duo
1479 1378 1590 1412 millia

882 1438 1054 1474 passuum.
1083 1432 1182 1472 Virgo
1195 1432 1304 1472 dicta,
1319 1432 1476 1474 quoniam
1491 1431 1586 1463 Prae·

881 1483 1020 1515 uestina
1057 1482 1112 1514 via
1142 1493 1208 1525 qua
1241 1483 1382 1522 labitur,
1418 1492 1495 1515 cum
1533 1485 1589 1514 est

883 1544 992 1576 prope
1007 1533 1214 1566 Herculeum
1231 1534 1342 1566 sinum
1362 1535 1462 1574 longo
1477 1533 1590 1565 diver·

883 1584 992 1616 ticulo
1014 1585 1165 1617 secedit:
1190 1585 1288 1627 quasi
1316 1584 1479 1616 Herculis
1508 1593 1590 1615 con-

883 1645 1036 1676 gressum
1062 1635 1237 1667 declinare
1268 1635 1451 1667 videatur:
1496 1635 1589 1667 unde

883 1687 974 1727 virgo
1002 1691 1056 1718 est
1091 1686 1199 1727 dicta,
1231 1691 1270 1718 ut
1305 1690 1406 1728 putat
1442 1685 1591 1719 Plinius.

887 1736 1070 1769 Frontinus
1115 1746 1196 1768 vero
1236 1736 1279 1768 de
1315 1735 1593 1778 Aquaeductibns

884 1787 1051 1827 scribens,
1079 1786 1128 1818 ait
1154 1786 1188 1818 id
1215 1795 1340 1818 nomen
1363 1786 1483 1819 datum
1512 1795 1591 1819 esse

883 1837 1042 1879 quoniam
1058 1837 1135 1879 ejus
1148 1836 1282 1869 fontem
1302 1837 1507 1870 indicaverit
1523 1837 1593 1869 vir-

885 1897 941 1930 go.
962 1887 1064 1920 Idem.

926 1941 968 1970 27
992 1938 1173 1980 Praecezsis,
1187 1938 1261 1981 Sym]
1280 1939 1368 1972 Vide
1384 1939 1491 1972 Rutil.
1516 1940 1591 1972 Nn-

884 1990 1023 2021 matian.
1046 1990 1129 2022 ltin.
1155 1991 1199 2022 ad
1229 1992 1370 2023 Romam
1394 1991 1452 2023 lib.
1470 1997 1495 2024 1.
1542 1993 1590 2024 Et

886 2039 930 2071 de
955 2043 964 2058 ‘
977 2041 1206 2082 pendentibus
1218 2040 1228 2056 ’
1250 2042 1376 2074 talibus
1399 2042 1410 2059 ‘
1423 2042 1568 2075 molibus
1581 2042 1592 2056 ³

886 2099 954 2121 non
970 2090 1094 2123 inscite
1114 2091 1286 2123 Adrianus
1301 2092 1483 2124 Behottius
1496 2092 1591 2135 Apo·

886 2141 1020 2182 plioret.
1037 2141 1096 2173 lib.
1113 2151 1171 2174 ιιι.
1188 2151 1265 2184 cap.
1289 2145 1343 2175 18.
1364 2143 1484 2175 Barth.

930 2195 972 2225 28
996 2193 1156 2234 Pendens]
1173 2193 1203 2225 N
1208 2203 1250 2225 on
1265 2194 1436 2234 attingens
1452 2198 1592 2235 terram,

886 2244 947 2276 sed
977 2244 1011 2276 in
1042 2244 1133 2276 aete.
1181 2245 1437 2286 Transminitur]
1468 2245 1527 2278 Sc.
1555 2247 1593 2278 in

887 2295 1018 2327 urbem.
1063 2295 1232 2327 Innumero
1261 2294 1351 2335 arcu]
1374 2295 1497 2327 Multis
1523 2295 1591 2329 for·

887 2345 1032 2378 uicibus.
1056 2346 1230 2378 Domitius.

930 2399 973 2428 311
1000 2398 1074 2428 Non
1089 2397 1148 2428 huc
1162 2397 1306 2428 admissoe
1324 2397 1451 2438 Thasos,
1464 2401 1518 2430 uut
1533 2408 1594 2430 un-

886 2447 960 2479 dosa
978 2447 1143 2489 Carystos]
1166 2448 1198 2480 0
1225 2446 1405 2479 fastidiosa
1425 2454 1593 2490 tempora,

889 2499 1039 2531 ‘Parius
1050 2499 1060 2513 ’
1077 2499 1168 2531 enim
1185 2503 1194 2516 ‘
1208 2504 1245 2531 et
1257 2499 1401 2530 Thasius
1418 2499 1504 2540 lapis
1517 2501 1592 2541 (ιιιιι

888 2555 964 2582 tore
976 2550 1110 2582 Seneca
1125 2550 1191 2591 Ep.
1207 2548 1279 2592 87.)
1293 2549 1462 2591 quondam
1478 2559 1593 2582 rarum

889 2600 921 2632 in
949 2601 1079 2641 templo
1105 2600 1362 2641 spectaculum:
1390 2603 1509 2641 postea
1525 2602 1593 2642 pis-

889 2651 983 2683 cinas
1013 2652 1111 2683 Rom.
1136 2649 1375 2683 circundedit!
1400 2650 1502 2681 niodo
1519 2661 1592 2682 sor-

889 2701 949 2732 det
967 2701 1000 2732 in
1017 2701 1118 2732 Baln.
1133 2706 1170 2733 et
1195 2701 1382 2742 negligitur
1397 2698 1500 2733 Θάσος
1515 2701 1593 2740 ἀγα-

889 2753 959 2783 θῶν.
1003 2751 1128 2783 Strabo
1144 2751 1234 2783 libro
1251 2759 1319 2782 vu.
1334 2751 1488 2782 meminit
1503 2750 1594 2792 κερά-

888 2815 947 2843 μου
961 2802 1096 2836 Θασίου.»
1120 2803 1226 2835 Dion.
1239 2800 1344 2836 Afer:
1361 2799 1464 2834 Θάσος
1474 2801 1594 2841 ὠγυγίη
