1846 3120
282 253 395 299 1446
618 276 623 279 —
774 266 816 296 P.
849 262 1036 297 ΡΑΡιΝιι
1069 261 1232 297 svm-11

283 362 451 417 Regna,
475 359 664 403 verende
684 357 846 410 Creon,
869 364 1137 414 sanctasque
1156 359 1412 405 Menoeceos
1427 363 1631 411 umbras:
1686 362 1690 367 '
1719 363 1722 365 ’

282 429 357 472 Da
376 429 547 472 veniam
567 427 745 478 afflicto,
767 427 982 483 dictisque
1001 428 1180 482 ignosce
1200 429 1419 483 superbis.
1642 429 1734 474 710

283 496 418 539 Hune
436 508 600 537 morem
619 494 739 536 fandi
759 495 900 548 longae
920 496 1060 538 fecere
1080 497 1282 551 querelae.
1718 495 1721 498 ’

283 562 385 606 Nec
405 562 491 604 soli
506 562 621 604 ferus
641 563 728 604 iste
747 562 855 604 tibi:
887 562 954 604 sic
971 562 1079 614 fata,
1100 563 1318 618 Deosque

281 628 564 683 Alloquitur:
594 629 726 671 durus
744 629 881 681 luctu,
901 629 1133 685 facilisque
1151 644 1231 674 nec
1252 632 1341 686 ipsi

283 696 418 751 Saepe
435 696 568 753 mihi:
597 697 769 751 pridem
784 697 996 740 indomito
1017 699 1100 740 sub
1121 702 1301 753 pectore
1320 698 1458 742 fervet

282 763 481 806 Libertas
501 765 677 816 misera,
695 768 738 805 et
757 777 890 807 saevae
912 777 1018 819 spes
1038 767 1172 808 anxia
1191 764 1371 808 mortis.
1621 780 1624 781 ⁷
1641 764 1730 808 715

282 831 342 874 Et
361 845 477 873 nunc
499 845 604 873 ecce
623 836 724 873 tuas
743 832 879 873 irritat
898 832 1084 874 callidus
1104 833 1207 884 iras,
1653 830 1659 849 ⁷
1727 834 1731 842 “

283 897 646 953 Suppliciumque
667 899 817 952 cupit:
847 898 924 940 sed
944 903 988 942 tu
1013 899 1265 955 majoribus,
1286 913 1381 953 oro,

281 966 465 1020 Imperii
485 966 653 1020 potiare
672 967 815 1017 bonis,
836 966 1041 1021 altusque
1048 967 1249 1022 jacentes

282 1032 545 1084 Praetereas,
567 1036 611 1074 et
629 1045 787 1086 magna
806 1032 965 1074 ducum
985 1046 1162 1076 vereare
1182 1035 1371 1089 priorum

284 1100 472 1143 Funera.
538 1100 592 1141 Et
610 1100 680 1141 hic
702 1099 923 1154 quondam
944 1100 1057 1142 solio
1078 1101 1293 1151 sublimis,
1314 1105 1359 1143 et
1377 1100 1511 1142 armis
1642 1098 1729 1144 720

283 1168 462 1222 Septus,
482 1180 611 1222 opem
631 1167 817 1218 miseris,
830 1167 931 1222 jura
952 1173 996 1209 et
1014 1168 1299 1222 poscentibus
1318 1180 1487 1222 aequuS,

283 1235 662 1291 Supplicibusque
684 1235 841 1278 dabat:
873 1236 944 1277 oui
963 1248 1078 1277 nunc
1100 1249 1158 1277 ex
1176 1236 1347 1290 agmine
1365 1234 1498 1290 tanto·

284 1389 350 1420 oro,
365 1383 536 1414 venerande
550 1383 663 1422 Creon,
684 1391 741 1424 per
754 1382 956 1422 fortunatum
980 1391 1123 1426 reg-num,
1136 1384 1167 1416 et
1180 1392 1237 1425 per
1249 1392 1354 1417 sacros
1366 1390 1471 1416 manes
1487 1381 1654 1418 Mmoeceie
1675 1379 1727 1423 ig-

283 1432 372 1454 nosce
385 1425 512 1465 afflicto.
556 1425 688 1464 Indulge
702 1427 824 1457 veniam
838 1426 964 1458 tumidis
978 1427 1090 1459 verbis.
1132 1427 1252 1467 Longe
1265 1426 1456 1459 calamitates
1468 1426 1548 1458 Itane
1560 1425 1608 1458 ius·
1619 1425 1727 1467 secere

283 1465 424 1505 loquendi
437 1468 695 1500 consuetudinem.
735 1469 801 1500 Nec
813 1478 901 1509 asper
916 1473 961 1500 est
977 1469 1035 1500 tibi
1048 1469 1127 1507 soli;
1147 1469 1192 1501 sic
1205 1468 1468 1510 alloquitursata‚
1480 1472 1511 1500 et
1525 1466 1621 1500 Deos.
1652 1467 1726 1499 Ma-

282 1517 371 1538 rosus
380 1508 417 1538 ob
427 1510 553 1546 luctum,
565 1513 595 1541 et
607 1521 688 1551 soepe
701 1511 907 1542 intractabilis
919 1512 996 1543 mihi
1007 1512 1078 1552 ipsi.
1110 1511 1228 1550 Inselioe
1241 1512 1378 1552 libertas,
1389 1513 1420 1543 et
1429 1521 1498 1552 spes
1508 1509 1646 1551 inquieta
1655 1518 1725 1540 cru-

283 1551 360 1582 delis
375 1552 430 1582 leti
444 1553 559 1583 dudum
566 1553 691 1591 fervent
708 1553 742 1584 in
757 1553 884 1594 effraeno
898 1554 962 1593 ejus
973 1558 1103 1595 pectore.
1139 1555 1185 1586 Et
1198 1563 1280 1586 nune
1293 1563 1360 1586 ecce
1371 1556 1491 1587 astutam
1504 1552 1628 1584 lacessit
1641 1554 1730 1583 tuam

282 1593 376 1630 iram,
395 1597 426 1625 et
441 1597 527 1634 optat
548 1595 665 1635 puniri.
710 1596 774 1627 Sed
788 1600 823 1627 tu
839 1596 963 1636 fruare,
987 1605 1109 1637 precor,
1123 1595 1289 1636 mqjaribus
1301 1595 1464 1628 commodis
1475 1594 1682 1636 principatus.
1694 1595 1727 1625 et

283 1635 420 1667 excelsus
447 1637 586 1676 negligas
607 1648 674 1677 ‹111ae
688 1638 817 1670 humiles
829 1638 947 1674 dicunt,
961 1642 994 1671 et
1007 1640 1188 1670 extimescas
1201 1640 1343 1678 ingentes
1355 1647 1444 1670 casus
1453 1636 1592 1679 priorum
1605 1645 1725 1676 regum.

283 1677 330 1708 Et
344 1678 395 1709 hic
409 1682 560 1719 quondam
572 1680 656 1711 altus
668 1681 756 1720 solio,
778 1683 808 1711 et
830 1681 963 1722 stipatus
983 1682 1125 1721 armatis,
1145 1681 1299 1722 proebebat
1321 1680 1475 1712 auxilium
1489 1677 1677 1721 supplicibus
1693 1680 1726 1708 et

278 1720 416 1762 macris,
427 1725 458 1753 et
473 1722 627 1754 tribuebat
641 1721 698 1762 jus
717 1724 927 1764 poscentibus.-
949 1723 1000 1755 cui
1021 1733 1114 1764 nunc,
1133 1724 1267 1756 nondum
1285 1723 1429 1766 presago,
1441 1732 1506 1755 una
1517 1730 1614 1754 comes
1626 1722 1725 1755 restat

887 1822 1121 1840 &emenone

282 1912 360 1935 men
377 1912 396 1934 a
412 1903 548 1944 vulgata
563 1907 599 1935 et
611 1903 791 1944 perspicua
806 1903 952 1935 lectione
964 1903 1046 1935 nihil
1060 1904 1259 1936 mutandum
1275 1905 1381 1946 puto?
1399 1904 1624 1936 Barth—⁷14
1638 1903 1723 1936 Put.

282 1945 337 1977 sub
349 1949 472 1986 pectore
486 1946 567 1977 vivit
575 1957 588 1984 ;
610 1945 715 1977 Aldd.
733 1946 841 1978 Coiiu.
858 1946 990 1986 Gryph.
1006 1947 1110 1978 Basil.
1126 1947 1240 1980 Plant.
1255 1947 1483 1986 Lindenbrog.
1499 1949 1537 1977 et
1550 1946 1653 1978 cruc.
1666 1946 1726 1978 snb

278 1991 401 2028 pectore
403 1988 512 2025 serres
521 1999 534 2025 ,·
556 1989 661 2029 Lang.
689 1989 790 2021 Laur.
813 1988 944 2022 Busiid.
958 1988 1112 2030 Lipsian.
1123 1990 1262 2022 Behott.
1277 1992 1308 2022 1.
1324 1992 1356 2022 2.
1377 1989 1519 2022 Venett.
1532 1990 1564 2021 8.
1574 1990 1610 2022 4.
1617 1991 1654 2020 et
1667 1997 1724 2020 re-

281 2035 389 2062 centt.
416 2031 472 2062 sub
482 2034 605 2072 pectore
619 2032 843 2070 servet.—⁷15
868 2031 1026 2063 Petrens.
1039 2037 1075 2063 et
1087 2032 1203 2063 Burm.
1216 2042 1276 2073 pro
1291 2042 1324 2064 v.
1336 2032 1359 2063 1.
1380 2041 1449 2072 spes
1461 2034 1572 2072 aspera
1581 2040 1594 2068 ,·
1616 2031 1724 2071 Lang.

281 2073 383 2104 Laur.
399 2074 547 2114 Lipsian.
562 2074 679 2105 Burm.
695 2073 830 2105 Taurin.
846 2074 983 2105 Behott.
1000 2075 1030 2105 1.
1043 2077 1076 2106 2.
1101 2074 1203 2106 Aldd.
1219 2075 1329 2106 Colin.
1344 2074 1478 2115 Gryph.
1491 2073 1595 2105 Basia.
1608 2073 1727 2105 Plant.

281 2115 510 2157 Lindenbrog.
525 2120 561 2148 et
577 2116 680 2148 Cruc.
698 2125 767 2156 spes
780 2116 900 2154 irrita,-
925 2116 1054 2148 Buslid.
1069 2117 1210 2149 Venett.
1226 2119 1258 2148 3.
1273 2119 1307 2148 4.
1328 2120 1364 2148 et
1379 2119 1523 2149 recentt.
1536 2124 1605 2156 apes
1618 2114 1725 2147 auxia.

280 2161 389 2190 -719
410 2159 491 2190 Put.
505 2167 651 2190 venerare
662 2158 915 2199 priorum—⁷21
940 2158 1099 2190 Petrens.
1115 2160 1233 2191 Bnrm.
1249 2159 1385 2191 Tam-in.
1402 2159 1524 2192 neunt.
1540 2160 1572 2189 2.
1594 2162 1631 2189 et
1653 2161 1724 2189 tres

282 2200 382 2232 codd.
399 2200 643 2241 Lindenbrogii
658 2210 666 2230 ε
689 2204 721 2232 et
732 2202 811 2240 J'ura
832 2201 1009 2241 potentibus
1023 2202 1140 2243 aequis³
1160 2202 1211 2234 ita
1225 2203 1328 2233 etiam
1343 2201 1534 2233 emendavit
1548 2199 1725 2232 Marklan-

281 2243 344 2275 dus
354 2243 396 2275 ad
409 2243 504 2285 Syiv.
520 2253 570 2275 ιν.
585 2246 615 2275 6.
625 2246 677 2275 69.
692 2244 741 2275 sic
758 2252 891 2286 quoque
904 2243 1013 2275 codex
1031 2244 1266 2284 Lugdunensis
1281 2242 1513 2276 Bibliothecae.
1535 2245 1567 2274 et
1577 2241 1656 2281 „iura
1667 2250 1722 2282 po-

280 2286 417 2317 tentibus
431 2296 521 2327 aequu
534 2286 650 2317 Burm.
662 2295 723 2326 pro
738 2297 770 2318 v.
783 2287 803 2317 Ι.
825 2286 938 2323 etjam
945 2286 1121 2326 petentibus
1134 2296 1237 2327 (equus
1251 2287 1358 2326 Lang.
1375 2285 1478 2317 Laur.
1492 2284 1625 2316 Busiid.
1641 2283 1724 2323 Lip-

280 2328 364 2360 sian.
381 2334 414 2360 et
430 2330 508 2361 edd.
525 2332 610 2361 vett.
621 2328 700 2368 ἅτινα
717 2333 747 2361 et
760 2328 953 2370 poscentibus
966 2329 1062 2369 aequz's
1077 2329 1165 2361 alter
1175 2329 1296 2361 Behot.
1312 2328 1462 2361 Gronov,
1478 2326 1598 2359 Barth.
1614 2326 1723 2358 Veen.

933 2425 1075 2459 NOTAE

322 2500 386 2530 '712
412 2495 466 2529 Sia:
481 2498 567 2538 sata,
596 2497 752 2539 Deosque]
789 2496 971 2538 Perpetuis
1025 2496 1113 2538 perii
1135 2495 1317 2538 dignitate,
1341 2494 1497 2537 miseros,
1509 2494 1722 2539 humilesque

274 2547 396 2589 jurgiis
410 2548 549 2579 incessit
565 2547 714 2579 homines
731 2553 767 2579 et
782 2548 890 2587 Deos,
904 2551 971 2578 tam
1025 2547 1206 2588 despicias.
1459 2557 1463 2561 ·
1716 2552 1721 2557 ⁴

279 2599 516 2630 diuturnorum
556 2599 716 2630 maiorum
758 2597 974 2639 impatientia
1067 2599 1131 2628 719
1158 2597 1291 2629 Vereare
1312 2595 1467 2637 priorum]
1487 2595 1578 2628 Ante
1603 2595 1721 2628 oculos

279 2648 572 2690 desperabundus.
602 2649 671 2680 Vet.
687 2648 789 2680 Schol.
1025 2647 1152 2679 habeas
1165 2646 1236 2679 fata
1251 2646 1399 2688 priorum
1415 2646 1552 2678 ducum.

320 2691 384 2731 713
407 2699 516 2730 Durus
541 2698 640 2739 luctu]
669 2699 771 2731 Malis
809 2699 972 2740 induruit,
1067 2699 1131 2728 ⁷22
1157 2696 1218 2728 Cui
1241 2706 1322 2728 nunc
1340 2705 1381 2728 ex
1402 2696 1526 2737 agmine
1537 2698 1626 2728 canto
1650 2695 1722 2728 Una

278 2759 342 2782 nec
358 2759 550 2791 quenquam
568 2749 680 2782 timet.
707 2750 776 2783 Vet.
791 2750 897 2782 Schol.
1025 2746 1139 2787 comes]
1162 2746 1262 2780 Quod
1285 2747 1360 2788 pius
1373 2745 1640 2779 misericordiam
1652 2755 1723 2778 mo·

322 2803 386 2832 718
409 2799 558 2842 Altusque
578 2799 731 2840 jacentes]
766 2799 885 2832 Elatus
915 2800 974 2832 im·
1026 2808 1107 2831 vere
1121 2797 1236 2830 debet.
