1858 3112
219 248 336 291 1732

211 353 349 395 ,digium
367 351 401 383 in
414 354 531 383 nostro
550 359 638 391 aevo,
650 349 799 382 Neronis
820 348 919 380 Prin-

219 405 306 446 cipis
322 402 418 434 ruina
432 400 561 433 factum
575 400 610 432 in
626 409 706 441 agro
720 398 919 431 Marrucino

220 453 336 486 Vectii
366 450 524 483 Marcelli
553 460 572 482 e
603 450 721 492 primis
748 449 918 491 equestris

220 502 361 542 ordinis,
377 500 505 532 oliveto
521 500 681 532 universo
699 500 786 532 viam
807 498 918 541 publi-

220 562 295 585 cam
325 556 554 592 transgresso,
590 550 747 592 arvisque
782 549 860 581 inde.
899 559 920 581 a

219 602 392 636 contrario
406 601 440 633 in
456 602 568 633 locum
591 601 708 633 oliveti
728 599 919 643 profectis.’

221 654 354 687 Gevart.

263 708 302 737 91
333 704 478 745 Virginis
498 703 656 744 Juvencae]
691 702 800 734 Musis
829 702 921 735 enim

222 756 431 797 incorruptis
461 754 579 787 hostiis
606 754 856 787 sacrificatum:
879 758 918 788 ut

222 806 405 848 virginibus
441 805 590 847 quidem,
623 814 764 847 quarum
803 809 919 836 tamen

220 857 394 897 pleraeque
430 865 507 887 suos
545 854 737 887 habuerunt
775 854 916 887 liberos.

222 906 342 938 Barth.

228 983 239 1001 ,Ι
262 959 304 988 92
332 956 530 997 Votit'eraque
543 955 640 996 meas]
664 955 788 998 Inepte
803 956 836 988 in
852 965 920 988 om·

219 1005 318 1037 nibus
349 1011 440 1037 retro
468 1006 616 1045 vulgatis
642 1005 787 1047 legitur.-
810 1007 919 1038 Pami-

211 1056 356 1097 feraque.
402 1056 510 1088 Recte
541 1057 609 1089 Ms.
644 1055 854 1098 Votiferaque,
882 1061 919 1089 ut

219 1107 369 1148 reposui.
401 1107 534 1138 Gevart.

262 1159 304 1188 93
330 1158 422 1188 Nunc
437 1166 547 1187 vacuos
559 1156 676 1198 crines]
700 1155 743 1188 In
765 1156 838 1188 aliis
862 1166 919 1189 co-

220 1206 353 1238 dicibus
370 1206 538 1238 mendosis
553 1206 717 1249 scriptum
732 1211 807 1239 est:
826 1207 920 1240 Nunc

219 1257 297 1289 alios
310 1257 440 1289 cineres.
462 1258 594 1289 Domit.

263 1310 304 1339 96
334 1307 431 1340 Vocat
443 1307 619 1338 arcitenens
637 1306 699 1338 alio
718 1306 824 1347 pater]
843 1307 918 1339 ‘Pro

221 1357 397 1399 Apolline,
434 1360 473 1388 ut
510 1357 594 1388 alias
631 1355 918 1398 frequentissime.

219 1409 309 1446 Vide
324 1408 420 1449 Virg.
436 1407 568 1439 AEneid.
585 1415 642 1439 ιιι.
665 1417 712 1440 vs.
727 1409 781 1439 73.
804 1407 918 1450 ibique

219 1458 388 1491 Servium.

265 1512 324 1542 101
348 1509 480 1549 Jamque
492 1509 561 1540 vale
574 1512 605 1540 et
623 1509 750 1550 penitus
763 1509 838 1545 voti,
852 1509 921 1551 Sym]

219 1559 346 1591 Sensus
369 1563 443 1590 est:
467 1559 554 1590 Vale
576 1563 612 1590 et
637 1558 745 1590 nostri
769 1568 918 1590 amorem

219 1609 325 1640 corde
341 1609 435 1640 exire
453 1613 551 1640 veta:
573 1618 684 1649 neque
700 1608 918 1650 enim'l'iryn·

221 1658 309 1690 thius
329 1658 402 1699 jam
428 1657 520 1689 fama
546 1658 705 1690 amicitiae
734 1662 800 1698 est,
826 1662 918 1698 post-

220 1718 321 1750 quam
338 1713 451 1740 tecum
470 1707 662 1749 comparari
677 1708 806 1749 coepit:
828 1708 918 1740 The-

220 1769 297 1791 seos
312 1768 445 1801 quoque
458 1758 552 1790 cedit
567 1758 630 1790 tibi
646 1759 766 1800 gloria,
778 1764 813 1790 et
826 1759 917 1791 illius

219 1810 277 1851 qui
291 1809 301 1826 ⁴
314 1809 408 1841 circa
428 1808 553 1840 moenia
573 1809 687 1850 Trojae
707 1809 916 1842 Priamidem

219 1869 307 1891 caeso
331 1857 454 1890 solatia
483 1857 590 1890 traxit
609 1858 752 1891 ‘mnicoff
777 1859 915 1891 Gronov.

218 1909 253 1940 in
268 1909 378 1940 Diatr.
393 1918 462 1948 cap.
477 1911 532 1940 41.
599 1931 604 1938 .

262 1961 326 1991 102
349 1959 418 1990 Nec
431 1958 513 1989 enim
528 1958 711 2000 Tirynthius
727 1958 828 1999 alma,
846 1957 916 1998 Sym]

219 2009 329 2040 Plane
359 2009 507 2050 abrupta
536 2013 628 2050 sunt,
657 2014 694 2040 et
722 2008 917 2049 suspicarer

219 2058 345 2101 aliquid
362 2058 414 2090 hic
430 2059 561 2099 deesse,
583 2058 649 2090 nisi
670 2068 797 2091 morem
814 2059 917 2100 Papi·

217 2109 264 2141 nii
280 2109 514 2140 observassem
527 2109 647 2140 exilire
661 2108 856 2151 aliquando,
870 2113 918 2147 et,

218 2158 277 2190 ubi
289 2158 425 2190 minime
448 2158 522 2200 quis
539 2162 730 2200 exspectet,
750 2158 915 2190 lectorem

217 2209 423 2250 relinquere.
451 2208 553 2240 Unde
568 2208 820 2250 eleganterJul.
833 2208 915 2240 Sca-

216 2259 303 2300 liger
327 2258 471 2290 Poetam
496 2264 663 2295 nostrum,
685 2260 695 2277 ‘
709 2269 829 2301 equum
847 2259 914 2290 ala-

218 2307 310 2339 tum'
337 2308 547 2349 appellabat.
599 2307 700 2341 Quod
729 2314 843 2340 autem
870 2308 914 2340 ad

217 2359 283 2390 loci
312 2359 414 2399 hujus
450 2359 559 2390 lucem
596 2357 695 2395 facit,
727 2358 915 2389 notandum

217 2409 305 2449 apud
324 2413 458 2440 veteres
475 2408 542 2441 tria
557 2407 659 2439 fuisse
678 2407 914 2440 Amicitiarum

216 2459 372 2499 exempla
387 2459 534 2490 maxime
551 2457 737 2498 celebrata,
754 2457 914 2490 Herculis

217 2514 254 2539 et
284 2509 489 2549 Telamonis,
517 2508 642 2539 Thesei
682 2511 718 2539 et
753 2507 915 2548 Pirithoi,

216 2557 362 2589 Achillis
383 2562 418 2589 et
433 2557 599 2598 Patrocli,
613 2567 688 2599 quae
704 2557 771 2589 tria
784 2557 914 2589 Statius

216 2609 272 2639 hic
287 2607 410 2648 tangit,
425 2608 541 2650 aitque
558 2613 686 2640 tantam
705 2609 795 2639 inter
819 2617 855 2639 se
878 2613 915 2640 et

217 2658 421 2689 Marcellum
438 2658 655 2690 intercedere
671 2657 915 2698 amicitiam,ut

216 2708 242 2739 si
262 2707 428 2739 Hercules
444 2717 518 2738 cum
535 2709 609 2748 ipso
625 2707 830 2747 conferatur,
844 2718 913 2739 am-

218 2758 308 2798 plius
326 2756 484 2788 amicitiae
501 2757 695 2797 exemplum
710 2767 778 2789 non
794 2758 840 2789 sit
861 2757 912 2788 fu-

217 2813 326 2838 turus.
369 2806 479 2839 Plane
503 2806 624 2839 eodem
651 2807 752 2839 modo
779 2808 913 2840 locutus

681 255 826 291 NOTAE
859 252 1123 286 VAMORUM
1157 254 1210 285 ΙΝ

969 351 1024 379 est
1041 346 1149 379 Theb.
1163 355 1219 379 lx.
1242 346 1301 379 ubi
1312 346 1422 389 Tydei
1439 349 1475 379 et
1491 346 1667 390 Polynici·

969 397 1156 430 amicitiam
1182 397 1416 439 depraedicatz
1437 397 1448 416 ‘
1466 397 1546 430 Jam
1568 397 1669 431 ‘leh-

968 457 1068 479 mona
1090 448 1195 489 pium,
1213 448 1286 489 jam
1308 448 1440 480 Thesea
1461 446 1553 480 fam
1573 451 1669 481 taeta

968 497 1052 530 bat!
1093 498 1277 540 Eleganter
1302 502 1416 530 autem
1440 497 1531 530 dixit
1552 497 1670 531 Peuma

967 548 1127 590 amicitioe,
1150 558 1212 589 pro
1237 549 1247 566 ‘
1263 547 1396 580 amico!
1439 548 1497 580 Sic
1510 547 1670 581 Marti-l.

968 598 1026 631 lib.
1058 607 1110 630 lx.
1134 599 1238 640 Epig.
1260 600 1314 630 15.
1336 598 1370 630 in
1395 597 1494 630 fictos
1514 597 1672 630 amicost

968 648 979 665 ‘
995 648 1100 680 Hunc
1115 658 1215 690 quem
1231 658 1327 680 coena
1342 648 1417 685 tibi,
1432 657 1532 690 quem
1546 648 1668 680 mensa

968 698 1104 739 paravit
1117 698 1275 738 amicum,
1286 698 1371 729 Esse
1386 700 1485 738 pii-tas
1496 697 1574 730 fidae
1587 701 1668 740 pec·

967 752 1023 779 tus
1039 747 1199 780 amicitiae
1209 747 1233 779 ?'
1278 748 1342 779 Est
1361 747 1451 779 enim
1477 746 1671 789 Religioni»

967 801 1004 830 et
1018 797 1192 830 Amicitiae
1208 797 1306 829 sedes
1323 798 1358 829 in
1373 802 1527 839 pectore.
1570 797 1670 840 Sym·

967 848 1106 880 machus
1135 848 1194 880 lib.
1219 857 1270 880 lv.
1298 847 1411 889 Epist.
1431 849 1486 879 42.
1508 848 1519 866 ‘
1537 846 1671 879 Nostra

967 898 1114 930 charitas
1129 898 1234 940 adyto
1247 902 1424 939 pectorum
1438 896 1668 930 recondatur?

967 949 1014 981 Et
1039 949 1170 990 Belgae,
1198 949 1312 990 vulgo,
1333 948 1368 980 in
1391 947 1572 980 Idiotiamo
1590 955 1668 988 tuo,

966 999 977 1016 ‘
992 998 1154 1040 Amicos,’
1169 999 1319 1040 Borsten,
1335 998 1370 1030 id
1385 1004 1451 1035 est,
1463 1002 1593 1040 pectora
1605 1007 1669 1040 ap-

968 1050 1108 1090 pellant.
1150 1050 1259 1081 Totus
1277 1059 1358 1081 vero
1370 1049 1464 1081 locus
1478 1049 1581 1090 longe
1597 1049 1667 1081 cle-

967 1100 1037 1132 rior
1049 1100 1187 1132 futurus
1203 1104 1270 1141 est,
1295 1101 1322 1132 si
1344 1109 1390 1132 ex
1410 1098 1668 1141 elegantissima

967 1150 1165 1192 conjectura
1185 1154 1247 1181 tna
1269 1150 1400 1191 Legate
1420 1148 1582 1191 Ampliss.
1602 1157 1671 1191 pro·

965 1202 1055 1232 almae
1070 1202 1234 1241 legamus,
1254 1201 1295 1232 ad
1311 1210 1372 1240 me,
1386 1200 1452 1232 hoc
1468 1199 1587 1232 modo:
1610 1207 1667 1231 m

967 1252 1048 1283 enim
1061 1251 1246 1293 Tirynthius
1259 1251 1300 1282 ad
1314 1259 1362 1282 me
1373 1251 1490 1282 Peetm
1503 1249 1666 1290 andsitiae,

965 1302 1079 1334 cecidit
1119 1302 1179 1334 tibi
1212 1301 1318 1341 gloria
1343 1301 1410 1343 fidi
1440 1301 1583 1341 Theseos,
1611 1301 1667 1342 &⁸⁸-

967 1352 1080 1385 Poeta
1095 1363 1189 1393 ecce,
1203 1362 1278 1384 sese
1294 1351 1502 1391 Hei-cumn
1517 1351 1670 1384 Marcel-

966 1404 1036 1435 lum
1051 1404 1181 1435 Theseo
1197 1406 1386 1444 comparat,
1399 1412 1440 1434 ae
1453 1401 1536 1434 dicit
1546 1412 1557 1432 z
1574 1400 1671 1435 Her-

967 1455 1075 1494 cules,
1091 1453 1133 1485 ad
1150 1463 1204 1485 me
1219 1453 1375 1493 collatus,
1389 1453 1482 1484 inter
1503 1451 1671 1485 amicitia·

967 1515 1040 1536 rum
1070 1505 1229 1546 exempla
1258 1503 1402 1545 amplius
1431 1501 1567 1535 censeri
1597 1510 1666 1534 nou

965 1560 1130 1597 meretur,
1146 1565 1208 1587 nec
1223 1556 1381 1587 Theseus
1400 1554 1427 1586 si
1456 1558 1568 1586 tecum
1584 1561 1667 1586 con·

966 1604 1109 1637 feratur.
1143 1604 1328 1646 Ingeniose
1340 1602 1525 1646 (quomodo
1536 1602 1594 1635 ill'e
1605 1603 1668 1636 uli-

966 1661 1021 1688 ter
1031 1655 1060 1698 ?)
1082 1655 1144 1686 Vir
1166 1653 1440 1695 incomparabilis
1459 1653 1564 1695 Hugo
1578 1653 1668 1686 Gro-

967 1706 1034 1737 tius
1062 1705 1245 1746 legendum
1275 1704 1472 1736 divinabat:
1500 1712 1557 1735 uec
1582 1704 1669 1736 enin

965 1756 1152 1788 retinentius
1166 1755 1257 1787 almae
1271 1754 1390 1786 Pectus
1401 1752 1562 1786 amicitioez
1601 1753 1668 1786 Cui

966 1810 1061 1838 certe
1092 1804 1323 1836 emendationi
1355 1803 1569 1840 accederem,
1599 1803 1666 1836 nini

965 1856 1105 1897 vulgata
1120 1856 1224 1887 lectio
1240 1855 1344 1887 etiam
1358 1854 1535 1886 commode
1551 1857 1670 1896 ponet>

965 1907 1141 1948 explicari.
1165 1907 1298 1938 Gevart.

1008 1957 1130 1990 CARM.
1142 1966 1178 1989 v.
1194 1959 1211 1988 l
1236 1956 1338 1988 Par-vi
1351 1954 1663 1988 beatur-aristem-

964 2008 1065 2050 ribus]
1076 2009 1227 2040 Parvum
1241 2015 1311 2047 rus,
1322 2006 1412 2049 quod
1428 2006 1501 2046 ipse
1511 2005 1664 2047 colebpt,

965 2058 1123 2100 qnodque
1139 2058 1172 2089 ei
1196 2057 1328 2088 illustre
1349 2056 1483 2098 signum
1495 2055 1666 2088 Came-n

964 2108 1096 2149 gratiae,
1113 2117 1153 2140 sc
1175 2106 1318 2149 proinde
1340 2105 1458 2148 glorioe
1480 2112 1566 2147 erat,
1581 2105 1666 2137 ‘ho-

965 2168 1064 2190 nores
1076 2158 1084 2172 ’
1101 2158 1264 2199 appellat.
1294 2157 1371 2189 Hoc
1386 2156 1566 2188 observato
1580 2161 1664 2188 vera

964 2218 1059 2240 mens
1081 2208 1184 2241 Statii
1209 2208 1243 2239 in
1265 2207 1380 2239 multis
1404 2206 1530 2238 elucet.
1572 2204 1665 2238 vide

965 2258 1116 2290 Gronov.
1143 2258 1254 2289 Diatr.
1276 2266 1352 2298 cap.
1376 2259 1431 2288 44.
1469 2255 1668 2296 Honor-tom]

966 2308 1053 2340 Nam
1081 2308 1300 2340 Domitianus
1324 2306 1358 2338 id
1375 2305 1542 2349 praedium
1558 2304 1662 2338 doha-

965 2362 1073 2390 verat.
1099 2357 1270 2390 Domitiae.
1663 2365 1667 2368 ·

1006 2411 1027 2440 2
1053 2408 1184 2440 Teucros
1210 2406 1305 2448 lares]
1336 2406 1492 2443 Vestam,
1526 2413 1660 2438 suerum

963 2457 1160 2498 Trojanum.
1181 2457 1279 2488 Idem.

1006 2510 1025 2537 5
1048 2507 1124 2538 Jam
1139 2509 1217 2538 trux
1235 2507 1277 2538 ad
1291 2507 1418 2543 Arctos,
1437 2505 1508 2546 δῖα]
1531 2505 1573 2537 In
1595 2505 1660 2538 hec

964 2554 1085 2587 florida
1113 2557 1201 2587 veris
1227 2555 1455 2587 delineatione
1482 2554 1662 2596 ὀκταπίχφ

964 2606 1088 2637 extulit
1111 2606 1254 2637 Homeri
1273 2605 1354 2646 ὥραν
1380 2603 1519 2647 εἷαρινῆν,
1540 2605 1660 2637 Bionis

964 2653 1028 2697 εἶαρ
1041 2654 1236 2696 τριπόθατον.
1270 2655 1408 2687 Lucret.
1425 2655 1482 2686 lib.
1498 2663 1548 2688 vl.
1563 2655 1659 2696 virg.

964 2706 1090 2747 Georg.
1100 2715 1123 2738 1.
1138 2706 1262 2737 Horat.
1275 2714 1300 2737 ιι.
1319 2704 1426 2737 Οᾶ.4.
1437 2709 1474 2735 et
1485 2713 1536 2737 lv.
1549 2703 1618 2736 od.
1627 2708 1660 2736 7.

965 2756 1097 2789 Libanii
1110 2765 1190 2787 vero
1207 2754 1293 2797 ἔαρος
1307 2753 1467 2796 ἔκφρασιν,
1479 2755 1667 2796 Expofflio-
1697 2783 1702 2788 .

961 2818 1032 2841 nem
1057 2808 1160 2849 Veris,
1187 2807 1454 2848 accuratissime,
1477 2806 1609 2849 Attice,
1623 2811 1660 2839 et
