1858 3112
450 240 491 272 Ρ.
524 237 719 271 nemu
752 230 1227 272 STA'ritSth21AB.
1251 239 1318 270 ιν.
1347 229 1390 271 6.

187 334 320 368 anseris
333 339 371 368 et
385 335 462 378 ejus
476 344 612 377 sapore,
626 335 662 367 in
684 339 895 368 commenta-

185 385 247 417 riis
268 385 439 419 Martialis
461 386 620 420 diximus.
664 385 817 418 Dubium
839 390 894 418 est

185 435 304 478 Scipio
324 446 369 470 ne
391 438 557 470 Metellus
572 437 623 470 vir
637 436 835 473 consularis,
850 446 893 468 an

186 485 329 521 Mareu·
355 487 390 520 S.
407 487 482 529 ejus
497 497 603 530 eques
624 486 662 519 id
684 487 811 529 primus
834 487 894 519 do-

183 537 311 569 cuerit.
335 536 444 570 Varro
459 541 496 570 et
506 538 598 570 Plin.
610 542 781 570 auctores.
802 538 896 570 Exta

182 587 268 629 quid
294 587 490 629 significent
512 597 557 621 ex
579 588 789 620 divinatione
819 588 894 620 Cic.

183 637 278 671 Ptin.
301 643 339 672 et
352 640 454 672 Varr.
469 640 548 672 alibi
570 639 814 672 recitavimus:
836 639 893 672 hic

185 698 251 731 pro
268 690 392 732 ,iecore
407 695 554 723 tantum.
578 691 679 723 Idem.

229 743 282 774 u»
303 743 377 779 Qum
404 741 496 784 alga]
523 741 672 774 Lucrino
700 740 821 782 fundo,
849 750 892 773 an

183 792 402 834 Britannico,
417 803 461 826 an
476 793 620 826 Baiano.
649 792 801 826 Aliunde
817 802 891 824 cer-

184 847 221 876 te
235 844 383 877 advecta
393 848 507 877 ostrea
519 844 554 876 iu
572 841 721 876 Lucrino
734 847 891 886 eompas'-

181 894 362 929 cenentur.
407 895 466 928 Ita
479 896 570 927 enim
587 894 745 937 gratioris
760 894 891 937 saporis

181 943 258 978 fore
274 946 454 987 putabant.
478 945 577 978 Idem.

189 1005 194 1010 ·
226 996 384 1029 lfi-Auer
405 996 534 1037 Castor]
558 996 648 1028 Nam
664 995 804 1028 alternis
819 995 891 1028 die·

181 1046 249 1080 bus
260 1047 386 1080 Castor
400 1051 438 1080 et
451 1047 576 1079 Pollux
589 1047 722 1079 lucent.
743 1046 889 1079 Homer.

181 1098 359 1132 Domitian.
439 1116 442 1120 ·

223 1150 274 1183 lr
289 1148 626 1191 Judaquentinam]
650 1148 769 1181 Falsus
801 1149 887 1181 Cru-

178 1206 275 1236 cem,
296 1198 507 1240 quiJuactam
521 1202 642 1231 noctem
657 1199 809 1240 explicat
827 1201 888 1231 tri-

179 1248 344 1290 plicatam
361 1249 396 1281 in
409 1255 487 1281 ortu
514 1249 677 1282 Herculis
702 1249 888 1291 'l‘irynthii,

179 1309 284 1342 quam
305 1299 558 1333 ‘Temoctem'
588 1299 674 1332 dicit
694 1300 789 1332 alibi·
807 1301 886 1332 Sta-

177 1351 424 1394 &mundoque
433 1351 620 1384 Herculem
631 1349 808 1392 τριέσπερον
822 1352 886 1393 Ly-

176 1403 329 1445 oopbron
345 1403 379 1436 in
394 1402 598 1436 Cassandra.
639 1404 728 1435 Nam
745 1403 799 1434 liic
809 1403 886 1435 Sta-

176 1454 244 1486 tius
258 1464 337 1487 cum
352 1454 420 1487 illis
432 1454 553 1494 sentit,
574 1454 632 1494 qui
657 1453 741 1485 duas
766 1458 885 1486 noctes

175 1505 349 1547 impensas
359 1505 504 1538 Herculi
519 1503 727 1536 fabulantur.
745 1504 885 1536 Gronov.

176 1556 290 1589 Dim.
304 1558 449 1597 esp-481
483 1554 577 1587 Luna
600 1554 782 1596 Tirynthia]
809 1554 885 1586 Uti-

174 1615 256 1639 nam
291 1616 360 1640 nox
388 1605 563 1648 geminata
589 1603 735 1636 fuisset:
774 1605 886 1646 qualis

174 1656 257 1699 fnit,
285 1667 364 1692 cum
400 1656 571 1690 Hercules
605 1660 795 1698 conceptus
831 1661 885 1688 est

174 1717 372 1751 compressa
381 1707 548 1740 Alcmena
557 1716 580 1738 a
587 1706 689 1746 Jove,
701 1710 784 1738 tunc
793 1706 885 1738 enim

174 1768 250 1792 noxv
261 1758 438 1802 geminata
452 1762 518 1795 est,
533 1761 574 1790 ut
588 1761 643 1790 est
657 1758 751 1800 apud
774 1757 884 1796 Plau-

177 1815 264 1843 tum.
287 1809 412 1843 Domit-

191 1883 194 1887 -
215 1863 275 1894 24.
295 1861 342 1893 Ee
365 1870 427 1892 non
458 1858 633 1901 inscriptis,
660 1860 731 1903 εἷα]
762 1858 884 1892 Refert

173 1911 308 1944 Plinius
321 1912 357 1944 in
366 1910 514 1944 Praefat.
532 1910 625 1943 Hist.
635 1910 718 1943 Nat.
732 1910 884 1952 pictores

171 1972 218 1997 ac
237 1962 422 1996 statuarios
445 1967 581 1995 veteres
603 1961 766 2003 operibus
797 1971 818 1993 a
845 1970 883 1994 se

171 2012 279 2048 factis
293 2022 419 2045 nomen
433 2022 531 2045 snum
547 2012 766 2054 inscripsisse
782 2013 883 2045 titulo

172 2073 328 2106 appenso
349 2063 384 2095 in
415 2063 506 2095 hunc
531 2062 692 2095 modum:
715 2063 725 2082 ‘
742 2063 883 2106 Apelles

171 2113 349 2151 funeb-tx
377 2115 388 2132 ‘
404 2113 608 2156 Polycletus
622 2112 801 2155 faciebat,'
817 2117 882 2146 &c-

170 2164 357 2200 Quin-buic
371 2164 516 2198 Herculi
531 2165 768 2206 Epitrapezio,
780 2175 880 2206 quem

171 2215 234 2253 bie·
250 2215 419 2248 describit
438 2214 586 2255 Statius,
602 2215 746 2257 Lysippi
759 2225 881 2248 nomen

171 2267 376 2310 inscriptum
398 2270 485 2299 erat.
530 2266 612 2299 Vid.
628 2267 734 2300 Mart.
751 2267 811 2300 lib.
826 2276 880 2300 ix-

173 2320 242 2362 Bp:
250 2323 305 2353 45.
323 2319 367 2352 de
383 2318 441 2351 illo
457 2319 544 2361 ipso.
574 2318 708 2351 Genart.

213 2372 256 2403 2⁷
279 2369 473 2411 Praxitelis]
495 2369 691 2403 Praxiteles
704 2370 880 2404 marmoris

172 2421 284 2464 gloria
303 2422 413 2456 etiam
423 2425 536 2454 semet
550 2421 649 2454 vicit.
693 2423 793 2455 Duas
809 2423 879 2455 Ve—

171 2482 274 2506 neres
292 2471 453 2504 vendidit·
468 2481 599 2512 magnae
623 2472 877 2506 admirationis:

170 2523 317 2557 alteram
330 2522 411 2555 Cois
422 2522 690 2564 velata-specie:
713 2524 804 2566 quod
829 2525 878 2556 illi

170 2573 281 2618 pluris
295 2572 469 2613 fecerunt,
484 2577 648 2614 putantes
672 2573 707 2605 id
730 2583 804 2606 esse
824 2584 878 2607 se·

169 2633 288 2656 verum
305 2628 342 2655 et
359 2622 543 2664 pudicum
565 2624 710 2656 alteram
732 2635 808 2667 quae
825 2635 878 2657 re-

167 2674 262 2717 liqua
283 2678 361 2707 erat
384 2678 547 2705 emerunt·
564 2673 697 2715 Gnidii,
717 2674 761 2707 ad
777 2685 878 2718 quam

169 2726 396 2766 spectandam
422 2724 520 2756 multi
543 2724 766 2765 navigabant.
815 2725 878 2758 Ni·

168 2774 329 2809 comedes
349 2784 411 2807 rex
435 2783 522 2806 eamv
541 2774 650 2807 voluit
670 2784 799 2817 emere,
823 2786 877 2811 re-

168 2825 374 2869 promittens
389 2834 428 2859 se
442 2825 686 2860 dissoluturum
702 2830 813 2861 totum
828 2837 877 2861 aes

1538 230 1558 271 1
1565 232 1653 274 7:35

942 334 1090 367 alienum
1112 334 1340 367 Gnidiorumz
1363 334 1413 367 illi
1437 341 1652 370 recusarunt.

941 386 1034 418 Tota
1045 385 1191 418 aedicula
1206 385 1440 427 aperiebatur,
1454 389 1494 418 ut
1516 391 1652 428 specta-

943 440 1050 476 retur,
1073 446 1136 478 par
1158 440 1233 468 erat
1255 446 1298 468 ex
1320 437 1410 469 omni
1428 441 1527 478 parte
1543 437 1652 470 admi-

943 486 1032 519 ratio
1049 497 1058 518 ι
1081 487 1214 528 signum
1230 487 1500 520 contaminatum
1517 492 1572 520 est
1581 497 1651 521 ma-

943 538 1023 569 cula
1050 547 1151 580 quam
1181 538 1369 578 contraxit,
1396 548 1474 570 cum
1496 539 1653 581 juvenis,

943 598 1057 621 amore
1080 589 1152 631 ejus
1167 593 1306 631 captus,
1320 589 1409 621 clam
1426 594 1531 622 noctu
1547 590 1580 621 ei
1596 599 1654 622 co-

941 639 1107 672 haesisset.
1150 639 1341 672 Praxitelis
1357 641 1456 682 signa
1468 645 1569 673 erant
1582 642 1651 674 Ro-

943 699 1020 731 ma‘,
1051 691 1164 732 Flora,
1194 691 1440 731 Triptolemum,
1475 691 1583 724 Ceres
1614 692 1651 723 in

941 741 1048 774 hortis
1072 741 1294 773 Servilianis:
1321 741 1401 773 boni
1426 742 1582 774 Eventus
1612 747 1652 774 et

940 791 1040 824 bonae
1057 792 1220 824 Fortunae
1243 791 1426 824 simulacra
1448 792 1483 823 in
1507 792 1650 835 Capito-

941 842 998 882 lio,
1015 842 1206 874 Maenades.
1228 842 1354 875 Domit.

983 887 1026 924 28
1041 892 1132 928 Quod
1150 893 1348 935 Polycletaeis
1355 894 1471 935 visum,
1484 894 1556 935 ξω]
1566 895 1650 935 Pro,

939 943 1038 974 visum
1048 946 1107 982 est,
1119 943 1195 984 lege
1208 944 1366 985 apicibus
1378 944 1574 977 litterarum
1589 955 1648 987 pa-

940 1004 1012 1026 rum
1031 995 1231 1032 immutatis,
1244 995 1369 1035 jussum
1383 1000 1443 1028 est.
1488 996 1535 1028 Et
1549 996 1597 1029 sic
1613 997 1649 1029 in

941 1046 1008 1078 Ms.
1030 1046 1173 1078 Senensi
1189 1046 1308 1078 haberi
1326 1047 1511 1080 adnotarat
1532 1048 1567 1079 in
1587 1057 1648 1081 suo

938 1097 1015 1129 cod.
1042 1097 1210 1138 Scaliger.
1257 1098 1301 1129 Et
1326 1096 1442 1129 firmat
1468 1102 1585 1130 noster
1606 1107 1650 1130 n·

936 1148 1030 1189 Sylv.
1058 1147 1252 1179 Surrentin.
1278 1148 1405 1180 Pollii:
1427 1149 1439 1167 ‘
1454 1147 1528 1182 Aut
1542 1148 1647 1191 Poly-

936 1197 1058 1229 cletaeo
1074 1197 1206 1238 jussum
1226 1202 1280 1229 est
1295 1197 1386 1239 quod
1403 1197 1518 1230 vivere
1536 1199 1649 1231 coelo.’

937 1249 1059 1289 Pergit
1071 1248 1204 1281 Poeta:
1226 1258 1357 1290 namque
1371 1249 1438 1281 hoec
1449 1250 1647 1291 quotieeche-

936 1299 989 1340 lyn
1019 1299 1107 1330 exuit
1132 1299 1197 1338 ille,
1225 1298 1362 1331 Desidia
1385 1302 1451 1331 θεὴ
1492 1299 1585 1341 Lege
1609 1304 1647 1332 et

936 1350 1127 1391 distingue:
1152 1360 1282 1392 namque
1307 1350 1374 1382 ltaec
1396 1350 1517 1392 quoties
1537 1350 1648 1393 chelyn

935 1401 1038 1440 exuit,
1052 1400 1102 1432 illi
1117 1400 1253 1433 Desidia
1266 1404 1324 1442 eet,
1346 1401 1397 1433 hic
1419 1400 1534 1433 Aoniis
1558 1410 1647 1433 amor

935 1455 1041 1484 evocat
1055 1452 1232 1494 nutriam.
1255 1451 1412 1486 Gevart„
1436 1452 1568 1485 Jussum
1581 1452 1647 1493 spi-

936 1513 1019 1542 rare,
1034 1503 1107 1544 esa]
1131 1504 1240 1535 Recte
1252 1503 1382 1542 jussum
1410 1514 1454 1536 ex
1482 1504 1551 1535 Ms.
1583 1504 1644 1536 Se-

935 1555 1030 1586 nensi
1046 1554 1170 1596 probat
1179 1553 1379 1595 Gevartius,
1393 1559 1429 1586 et
1442 1554 1490 1586 ita
1507 1563 1645 1597 quoque

935 1605 1034 1637 Rom.
1045 1610 1083 1637 et
1097 1606 1223 1637 Venet.
1235 1604 1312 1638 cod.
1329 1605 1464 1638 Schidae
1478 1605 1619 1637 Gruteri
1635 1615 1645 1637 ι

936 1655 1153 1688 Emendabat
1172 1655 1325 1688 Palladis
1347 1655 1552 1698 Astreaeque
1576 1664 1646 1698 qna

937 1706 1042 1739 decus
1065 1717 1133 1749 qna
1149 1708 1308 1748 voluptas
1324 1707 1494 1739 Freherus
1510 1711 1644 1739 noster:

925 1757 1053 1798 ,iussum
1072 1768 1116 1790 «τε
1132 1758 1253 1800 spirare
1265 1759 1424 1792 camenis.
1461 1758 1562 1792 Quod
1576 1757 1645 1790 sor-

934 1814 1025 1841 tasse
1045 1819 1113 1841 non
1135 1809 1263 1842 nemini
1286 1810 1364 1842 ideo
1380 1810 1548 1852 placeret,
1565 1809 1646 1852 quia

934 1870 1011 1892 cum
1025 1860 1190 1893 nmrmoris
1212 1861 1423 1893 mentionem
1445 1860 1584 1901 fecerit,
1604 1865 1643 1893 et

933 1911 1034 1943 eboris
1053 1917 1090 1945 et
1110 1913 1216 1953 lineoe,
1238 1922 1307 1944 non
1334 1911 1494 1944 videatur
1515 1911 1571 1943 hic
1593 1911 1643 1944 ita

934 1963 1115 1995 relativum
1131 1963 1327 1995 absolutum
1341 1972 1471 2005 ponere
1482 1962 1642 1995 voluisse.

932 2013 1001 2045 Sed
1023 2018 1138 2045 tamen
1161 2023 1228 2045 (ενα
1253 2013 1386 2055 Myroni
1410 2013 1546 2053 vig-itata
1566 2013 1642 2055 jam

933 2070 1014 2096 aute
1029 2065 1204 2106 leguntur,
1219 2074 1284 2097 nec
1301 2064 1385 2096 illud
1401 2064 1550 2096 insolens
1564 2065 1641 2096 Sta-

933 2116 991 2157 tio,
1003 2115 1136 2158 aliquot
1149 2116 1332 2158 appellatis
1345 2114 1526 2157 speciebus
1540 2125 1640 2147 unam

932 2168 1006 2199 solo
1015 2167 1162 2199 relativo
1173 2166 1432 2209 intelligendam
1444 2166 1540 2199 dare.
1557 2166 1641 2198 Gro-

930 2228 1001 2250 nov.
1017 2218 1129 2251 Diatr.
1143 2229 1171 2251 c.
1188 2220 1242 2250 43.

974 2271 1016 2302 32
1050 2269 1217 2311 Tutelaque
1243 2268 1372 2310 mensoe]
1408 2268 1551 2311 Pagani
1572 2273 1640 2301 sta-

931 2323 1026 2351 tuam
1057 2319 1125 2351 Dei
1151 2319 1329 2361 cujusdam
1353 2321 1388 2351 in
1405 2329 1522 2351 mensa
1536 2328 1641 2361 pone-

931 2370 1027 2407 bant,
1044 2370 1140 2403 velut
1153 2371 1227 2412 ejus
1255 2371 1392 2412 genium
1419 2376 1456 2402 et
1484 2371 1642 2403 tutelam.

929 2420 1052 2452 Talem
1068 2414 1221 2463 antiqua>
1240 2431 1358 2453 manus
1374 2421 1488 2453 Deum
1514 2421 1639 2453 vidisse

928 2471 1140 2504 Fridericum
1153 2472 1443 2514 Lindenbrogium
1453 2472 1542 2513 apud
1552 2474 1642 2505 ocel—

929 2523 998 2554 lum
1014 2522 1136 2554 Galliae
1153 2523 1372 2554 Franciscum
1386 2523 1560 2554 Pithaeum
1572 2523 1638 2557 JC.

929 2576 1078 2605 testatur
1108 2573 1314 2606 Gebhardus
1353 2573 1571 2607 Elmeuhorst
1603 2575 1639 2607 iu

929 2622 1059 2655 Arnob.
1085 2623 1143 2655 lib.
1162 2632 1206 2656 1¹.

972 2677 1013 2706 35
1039 2674 1224 2716 Fir-mosque
1237 2674 1356 2706 inclusa
1370 2684 1427 2716 per
1439 2674 1544 2715 artus]
1567 2675 1637 2706 Sal.

928 2726 939 2743 ⁸
952 2725 1107 2767 finesque
1124 2725 1254 2758 inclusa
1262 2735 1325 2767 per
1337 2725 1455 2757 artus!
1484 2726 1637 2766 Excerp-

929 2779 965 2809 ta
979 2776 1126 2810 Linden.
1143 2780 1180 2808 et
1203 2775 1314 2818 prima
1328 2777 1486 2809 Veneta:
1511 2778 1520 2793 ‘
1534 2775 1636 2807 fines-

928 2837 996 2871 que
1022 2827 1156 2861 inclusa
1180 2830 1363 2869 peractos:
1406 2825 1605 2869 Legendum
1625 2837 1635 2860 z
