1846 3120
211 261 213 263 ’
277 259 392 301 1414

770 242 811 299 ξ’.
844 267 1050 300 ΡΑΡΙΝΙΓ
1067 269 1231 301 ΒΤΛΤΠ

278 364 402 407 Vota
421 365 598 418 incepta
615 368 778 414 tamen,
799 364 1030 420 libataque
1050 365 1180 408 thura
1197 365 1370 409 serebat

278 432 427 474 Durus
448 431 607 481 adhuc,
627 431 887 486 patiensque
904 432 1027 483 mali,
1047 445 1156 474 mox
1171 434 1330 487 grande
1351 438 1535 477 coactus

277 497 512 551 Ingemuit,
533 498 762 552 victorque
778 497 885 540 furit
903 511 983 552 per
1000 499 1380 543 visceraNessus.
1512 492 1515 495 “
1599 503 1602 505 ’
1630 503 1632 506 ’

277 564 475 606 Nuntius
497 564 693 606 exanimi
713 578 952 620 suspensus
970 570 1152 621 pectora
1171 576 1301 610 cursu

277 631 473 685 AEpytus
493 630 551 672 ad
570 625 718 685 regen}
733 636 872 687 portae
895 635 1083 675 statione
1102 634 1261 676 relicta

275 697 455 749 Tendit,
472 703 518 740 et
535 698 633 740 haec
652 698 831 754 trepido
855 701 931 742 vix
949 700 1205 743 intellectus
1225 702 1423 745 anheiat:

277 765 458 820 Rumpe
476 766 576 820 pios
597 766 757 818 cultus,
778 767 1189 822 intempestivaque,
1205 773 1362 819 rector,

276 832 412 874 Sacra
433 833 603 875 Deum:
633 833 764 881 frater
783 834 919 875 muris
939 834 1103 876 circum
1123 836 1325 877 omnibus
1344 836 1498 887 instat,

275 899 599 954 Portarumque
618 913 766 942 moras
785 900 934 942 fraenis
955 901 1156 951 assultat,
1176 906 1219 943 et
1238 902 1397 954 hastis,

276 965 466 1009 Nomine
486 970 528 1007 te
548 962 715 1018 crebro,
735 971 777 1009 te
798 968 943 1009 solum
962 968 1008 1009 in
1030 969 1186 1022 praelia
1206 982 1410 1023 poscens.

276 1034 407 1075 Flent
424 1034 573 1075 moesti
594 1031 705 1077 retro
722 1036 920 1086 comites,-
938 1039 980 1077 et
995 1039 1180 1091 uterque
1195 1037 1398 1091 loquenti

273 1099 498 1154 Adgemit,
517 1105 560 1143 et
579 1102 723 1156 pulsis
742 1102 965 1144 exercitus
985 1103 1201 1158 obstrepit
1218 1104 1366 1146 armis.

275 1167 359 1209 Ille
378 1169 537 1211 vocat!
570 1169 701 1211 Nunc
721 1173 896 1224 tempus
916 1174 1025 1221 erat,
1047 1175 1167 1213 sator
1188 1172 1355 1225 optime
1377 1172 1557 1214 Divum.

275 1233 398 1286 Quid
418 1237 576 1278 meruit
595 1235 859 1292 Capaneus?
889 1240 1087 1280 turbatus
1106 1239 1317 1283 inhorruit
1336 1240 1439 1282 altis
1503 1296 1505 1300 .

274 1301 379 1344 Rex
400 1303 530 1355 odiis,
551 1304 785 1359 mediaque
805 1308 953 1347 tamen
973 1307 1152 1360 gavisus
1167 1307 1211 1348 in
1231 1307 1297 1349 ira
1315 1310 1396 1348 est.

1623 633 1728 678 ⁷240

1633 1306 1722 1350 ‘25ss

273 1408 361 1441 rebat
376 1413 478 1442 tamen
489 1411 575 1452 patri
589 1421 693 1452 preces
707 1411 877 1452 inchoatas,
897 1416 929 1445 et
939 1413 1161 1451 discriminum,
1175 1413 1276 1452 fortis
1286 1414 1395 1453 adhuc,
1406 1418 1437 1446 et
1452 1415 1585 1456 tolerans
1595 1415 1723 1454 doloris,

273 1460 347 1482 mox
359 1453 508 1485 violenter
517 1464 640 1495 pressus
654 1457 853 1492 exclamavit,
874 1459 903 1487 et
917 1456 1018 1487 victor
1030 1456 1149 1487 Nessus
1159 1456 1329 1497 pra-cordia
1344 1457 1531 1497 depascitur.
1574 1457 1723 1498 AE'pytus,

272 1494 395 1526 deserta
405 1499 506 1536 ρον-ιω
516 1499 666 1534 custodia,
678 1501 708 1529 et
718 1498 892 1529 succutiens
904 1502 1011 1538 pectus
1025 1508 1115 1530 cursu
1124 1499 1295 1539 proecipiti,
1306 1499 1435 1531 nuntius
1446 1500 1486 1531 ad
1500 1503 1605 1539 regem
1618 1499 1720 1537 vadit,

272 1539 305 1567 et
324 1538 464 1574 anhelus,
486 1539 599 1579 vixque
613 1540 788 1571 intellectus
801 1541 840 1571 ab
861 1541 997 1581 Eteocle,
1022 1551 1109 1581 quem
1130 1546 1195 1572 tam
1209 1541 1271 1572 cita
1286 1541 1454 1579 festinatio
1467 1545 1636 1581 terruerat,
1657 1540 1724 1573 hae

272 1579 359 1611 dixit
369 1590 379 1610 .-
402 1580 610 1622 Interrumpe,
627 1583 712 1622 Rex,
725 1583 873 1622 religiosa
887 1584 999 1625 officia,
1012 1588 1042 1615 et
1056 1583 1211 1624 sacrificia
1228 1584 1365 1615 Deorum
1378 1594 1438 1616 non
1448 1587 1628 1625 opportuna,
1649 1593 1724 1624 ger-

275 1631 384 1653 manus
399 1624 638 1667 urgenspircuit
653 1635 756 1656 omnes
767 1635 881 1664 muros,
904 1629 935 1657 et
948 1626 1065 1664 sroenis
1085 1629 1114 1656 et
1129 1626 1219 1657 hosta
1232 1627 1335 1665 pulsat
1350 1627 1476 1666 vallum,
1497 1630 1528 1658 te
1539 1626 1724 1667 frequenter

273 1664 398 1696 nomine
411 1667 508 1697 solum
520 1676 688 1707 provocans
702 1667 735 1698 in
749 1671 916 1699 certamen.
959 1668 1067 1699 Moesti
1082 1668 1147 1706 ejus
1158 1669 1285 1699 comites
1298 1670 1422 1708 plorant
1435 1679 1525 1710 pone,
1544 1673 1575 1700 et
1589 1671 1720 1710 utraque

271 1706 354 1738 acies
369 1709 516 1739 clamanti
529 1709 679 1749 adgemit,
698 1713 729 1740 et
753 1710 899 1751 obstrepit
920 1711 1073 1750 percussis
1092 1711 1217 1751 clypeis.
1251 1711 1378 1752 ⁴Frater
1391 1711 1530 1750 fratrem
1549 1709 1723 1752 provocat!

274 1748 369 1780 Nunc
384 1754 501 1791 tempus
521 1755 612 1791 esset,
630 1752 756 1791 genitor
781 1752 893 1793 optime
908 1753 1067 1792 ’Πρω-κω,
1087 1753 1230 1784 mittendi
1243 1753 1402 1791 fulminis.
1450 1754 1534 1790 Quid
1559 1752 1724 1795 Capaneus

271 1793 407 1823 atrocius
420 1794 574 1825 commisit
584 1798 597 1825 t
630 1795 703 1826 Rex
725 1796 880 1836 perculsus
895 1795 1051 1827 inhorruit
1065 1806 1105 1828 ex
1118 1799 1206 1827 tanto
1219 1796 1299 1837 odio,
1319 1800 1350 1828 et
1374 1799 1476 1829 tamen
1490 1797 1615 1828 letatus
1627 1795 1722 1828 euin

883 1879 1120 1891 ”O‘NOOO‘N

272 1929 355 1962 Put.
371 1934 406 1962 et
421 1931 544 1963 Petav.
561 1932 726 1974 insanoque
732 1932 965 1972 serena—240
985 1932 1141 1973 AEphytus
1155 1931 1251 1963 multi
1267 1931 1366 1964 codd.
1381 1936 1417 1964 et
1432 1932 1511 1965 edd.
1527 1935 1608 1965 vett.
1630 1933 1719 1974 Epy-

271 1975 321 2003 tus
344 1974 482 2012 optimae
500 1975 634 2006 Bartliii
656 1976 859 2007 membranae
874 1985 883 2014 ;
911 1975 1042 2015 Ephitus
1060 1984 1141 2005 unus
1159 1975 1283 2006 Behot.
1307 1975 1435 2015 AEpitus
1446 1977 1536 2007 alter
1551 1975 1720 2012 Belum—-v

271 2018 335 2046 248
360 2016 446 2047 Tunc
460 2020 578 2058 tempus
593 2018 696 2058 Lang.
714 2019 816 2050 Laur.
832 2017 982 2058 Lipsian.
1000 2017 1089 2048 Dan.
1109 2017 1188 2048 Pnt.
1205 2017 1329 2049 Petav.
1354 2017 1495 2049 Behott.
1511 2021 1542 2049 1.
1559 2021 1590 2049 2.
1611 2017 1718 2052 Aldd.

271 2058 381 2089 Colin.
408 2059 543 2099 Gryph.
568 2061 671 2092 Basil.
699 2061 813 2092 piant.
829 2059 1056 2100 Lindenbrog.
1073 2063 1109 2091 et
1124 2060 1225 2091 Cruc.
1270 2059 1281 2076 ‘
1298 2059 1425 2100 Omnes
1441 2060 1596 2091 meliores
1612 2059 1718 2092 nostri

268 2100 346 2132 libri
362 2111 438 2133 cum
453 2102 685 2134 Bernartianis
704 2113 713 2135 :
738 2104 854 2140 Nunc‚·
876 2102 968 2145 quod
984 2102 1164 2143 genuinum
1186 2101 1327 2143 putem!
1348 2102 1466 2134 Barth.
1510 2102 1568 2134 Ita
1590 2102 1719 2141 habent

922 2187 1068 2220 NOTAE

201 2502 214 2507 ”
270 2502 373 2533 Nessi
391 2512 521 2533 veneno
539 2502 669 2543 Hydrae
686 2503 872 2534 immixtus.

271 2258 389 2290 pyram
400 2251 679 2292 exstrnijusserit
695 2251 728 2282 in
744 2255 860 2283 monte
873 2251 965 2282 OEta.

311 2303 376 2332 236
403 2301 483 2333 Vota
497 2302 619 2342 incepta
634 2303 751 2344 tamen]
787 2302 966 2334 Sacrifica-

271 2349 331 2381 bat
347 2353 436 2382 enim
453 2352 531 2384 Jovi
547 2352 728 2383 Hercules.
965 2371 967 2373 -

312 2403 376 2432 237
400 2402 508 2432 Durus
519 2401 633 2441 adhuc]
649 2402 829 2433 Obdurato
841 2401 965 2432 animo.

311 2454 375 2482 238
402 2452 534 2493 Nessus]
578 2454 643 2484 Vel
681 2454 805 2494 potins,
833 2454 967 2494 sanguis

275 2565 277 2568 ⁴
310 2554 375 2583 246
398 2552 494 2583 Flent
509 2556 594 2583 retro
607 2553 741 2588 comites,
756 2552 825 2593 Sym]
863 2552 966 2583 Hunc

267 2610 404 2632 versum
433 2607 468 2632 et
490 2602 619 2642 aliquos
636 2607 816 2642 sequentes
833 2603 966 2642 ineptos

267 2656 304 2683 et
328 2651 460 2691 spurios
483 2652 616 2691 judico.
662 2653 751 2685 Quid
779 2653 966 2684 enim'vult

268 2702 522 2742 interpolator?
547 2702 699 2743 Guyetus.
726 2702 876 2742 Comites]
899 2702 966 2734 Po-

268 2752 403 2794 lynicis.
917 2769 919 2772 ·

310 2805 373 2834 247
402 2803 541 2843 Uterque
550 2803 719 2844 exercitus]
741 2802 919 2835 Thebanus
931 2807 966 2834 et

1020 2249 1178 2291 Argivus.
1223 2249 1382 2290 Obstrepil
1397 2248 1510 2290 armis]
1532 2248 1588 2280 Ad
1602 2249 1718 2283 deter-

1021 2301 1160 2333 rendum
1177 2301 1390 2341 Poiynicem.
1520 2312 1522 2314 ’

1061 2354 1125 2383 248
1149 2351 1240 2382 Nunc
1263 2354 1380 2390 tempus
1403 2353 1483 2389 erat,
1503 2353 1589 2381 sator
1603 2351 1731 2391 optime·

1022 2402 1152 2432 Divum.
1197 2401 1281 2436 Quid
1296 2401 1411 2431 meruit
1428 2400 1605 2441 Capaneus]
1632 2402 1729 2432 Pro··

1018 2451 1171 2493 sequitur
1192 2460 1380 2482 sermonem
1397 2450 1549 2490 nuntius,
1564 2455 1600 2482 et
1610 2451 1719 2482 intera

964 2516 967 2518 ’
1019 2503 1125 2543 pellat
1139 2512 1213 2534 cuin
1230 2501 1463 2540 indignatione
1474 2501 1611 2541 Jovern‚
1626 2500 1719 2533 ossif-³

1018 2561 1112 2583 mans
1140 2552 1181 2582 ad
1212 2551 1275 2582 hoc
1305 2561 1411 2592 usque
1434 2555 1568 2591 tempus
1589 2550 1716 2582 fulmen

1018 2609 1193 2634 reservare
1211 2601 1379 2639 debuisse,
1403 2611 1470 2642 quo
1493 2602 1631 2641 impium
1648 2601 1717 2633 1²0-

1019 2653 1166 2694 iynicem
1181 2650 1311 2690 feriret,
1322 2661 1384 2683 nec
1399 2651 1596 2692 Capaneum
1612 2651 1721 2692 impie

1019 2700 1190 2732 furentem
1217 2706 1285 2732 tam
1309 2701 1482 2741 meruisse,
1497 2710 1597 2742 quam
1613 2701 1717 2745 Poly-

1020 2753 1131 2785 nicen:
1147 2751 1286 2783 fulmine
1303 2751 1447 2792 percuti.

1061 2805 1125 2835 250
1152 2801 1258 2842 Odiis]
1277 2802 1394 2838 Forte,
1417 2800 1533 2833 odiosa
1548 2802 1716 2835 oratione.
