1858 3112
459 238 500 271 e.
534 239 724 271 mermi
758 238 925 272 STATH
959 240 1103 273 svnv.
1139 241 1308 274 man.
1337 232 1381 276 6.

188 331 248 366 sie
270 331 417 376 Epiced-
446 333 602 368 Glaucia
631 334 742 368 dixit:
764 336 775 355 ‘
793 335 893 369 Felix

180 383 412 427 ‘hominesque
432 383 607 428 Deosque,
622 386 670 418 Et
696 386 818 419 dubios
837 396 894 418 ca·

185 444 260 475 sus,
277 429 324 468 sset
347 444 451 469 ωσι»,
474 436 608 471 lubrica
633 437 714 470 vitai
739 436 895 480 Effugit!

184 485 291 519 Idm.
469 506 473 511 -

179 558 185 578 ;
232 538 274 569 14
295 536 337 570 Sa·
354 539 422 570 tam
444 539 527 571 dura
546 538 683 580 placent,
706 538 777 580 &rt-J
800 540 893 571 Vera

183 586 362 629 scripturn
384 593 461 621 est:
487 589 607 621 Dcirue
633 589 701 621 Hei
730 593 795 622 tam
811 591 892 622 dura

180 637 328 678 placent?
356 639 512 672 honinem
542 639 671 681 gemis!
701 640 752 673 hei
787 640 892 673 mihi!

180 688 282 722 sabao
295 689 370 732 Ipse
384 690 491 731 seces,
503 691 558 732 4¹0.
601 691 741 724 Snmma
761 701 816 724 ars
831 702 890 724 ex-

181 740 422 774 cellentissimi
442 741 564 775 Poetae
587 747 653 782 est,
668 742 759 785 quod
778 743 889 784 perio-

182 788 248 822 dos
278 791 401 824 breves
425 793 534 826 velut·
545 792 751 835 singultibus
782 793 889 826 inter-

181 841 342 884 stinguit.
386 844 431 876 Ei
459 844 493 876 in
518 849 604 878 vett.
635 844 695 877 lib.
720 845 888 887 scriptum

180 893 310 938 fuerat,
325 900 364 929 ut
388 897 530 939 assolet,
551 906 615 939 pro
638 897 718 937 Hei,
742 897 776 929 id
799 897 832 928 in
848 897 888 929 Si

175 943 420 988 degeneravit.
473 947 637 980 Insanum
667 947 817 980 dolendo
851 952 888 981 et

182 995 378 1037 plangendo
408 997 578 1030 Invidiam
600 997 675 1030 Diis
705 1007 742 1031 se
768 997 886 1031 facere

174 1047 373 1081 credebant
386 1049 486 1082 stulti
499 1049 658 1091 gentiles.
682 1048 738 1081 Ad
752 1049 817 1082 hoc
832 1059 886 1082 er-

179 1106 226 1138 go
240 1098 364 1132 Ursum
379 1099 538 1132 hortatur
546 1099 660 1132 Poeta
675 1105 711 1132 et
719 1098 814 1132 faces
826 1100 886 1133 do-

139 1183 147 1189 ,
174 1147 247 1183 lori
271 1148 392 1183 addit:
415 1159 551 1190 omnem
576 1150 713 1182 modum
739 1150 886 1183 excedat

173 1198 247 1236 ,ista
274 1201 512 1243 comploratio,
531 1201 599 1235 iste
626 1201 798 1243 planctus,
825 1202 885 1234 Vi·

178 1251 286 1284 deant
311 1253 382 1294 Dii,
397 1263 500 1296 quam
525 1253 608 1295 ipsis
633 1253 720 1286 dura
745 1254 885 1295 placue-

177 1302 262 1344 rint,
273 1313 376 1346 quam
385 1304 470 1338 sevi
483 1303 628 1346 fuerint,
636 1314 736 1347 quam
752 1304 884 1346 injusti.

173 1355 269 1388 *Vide
295 1355 404 1390 Gron.
435 1356 552 1391 Diatr.
576 1366 609 1391 c.
623 1359 680 1389 21.
714 1357 885 1397 Hominem

168 1405 292 1448 gentis]
324 1406 396 1440 Pro
425 1405 566 1447 famulo,
590 1407 712 1440 eadem
742 1408 883 1441 notione

169 1465 247 1499 qna
262 1457 356 1490 Galli
370 1457 503 1501 dicunt,
511 1459 591 1492 Mon
600 1459 729 1492 homme.
744 1465 781 1492 et
792 1460 882 1492 hanc

165 1506 326 1548 ‘phrasim
339 1515 361 1540 e
380 1508 496 1542 medio
517 1508 618 1542 Latio
644 1509 790 1551 petitam
813 1519 881 1542 nou

170 1556 345 1599 ‚Papinius
373 1558 482 1592 solum
504 1559 659 1601 locuples
686 1558 882 1601 fidejussor,

166 1607 237 1643 §ed
254 1607 330 1650 ipse
343 1609 469 1643 Cicero
480 1609 636 1643 oratione
649 1620 712 1652 pro
728 1611 880 1645 Quinto:

171 1657 184 1676 ⁴
203 1657 389 1692 Hominem
418 1659 462 1693 Ρ.
485 1660 621 1694 Quintii
647 1661 880 1703 deprehendis

164 1709 210 1745 in
226 1709 418 1752 publicum,
431 1711 567 1744 conaris
586 1710 786 1745 abducere-⁹
814 1714 879 1746 Ca.

165 1761 300 1795 muns:
321 1761 333 1780 ⁴
349 1762 564 1805 comparasti
575 1761 632 1795 Ad
647 1762 808 1796 lecticam
819 1764 878 1797 ho-

166 1810 307 1845 rmines-²
322 1812 478 1846 Bmart.

163 1896 167 1899 .
217 1865 260 1899 19
284 1864 425 1897 Parthus
437 1865 562 1907 equum]
586 1865 730 1898 Parthia
743 1875 808 1898 uon
819 1865 879 1898 ad-

172 1914 310 1949 modum
326 1925 449 1958 magna
473 1915 554 1950 fuit.
569 1925 750 1949 nemorosa
772 1922 826 1949 est
843 1922 879 1950 et

160 1970 346 2007 montana,
378 1966 512 2001 Tiberii
541 1967 754 2009 temporibus
790 1967 877 2000 latos

162 2022 407 2059 occupaverat
429 2017 536 2051 fines:
561 2027 639 2051 nam
665 2018 710 2051 ad
733 2019 876 2061 Caspias

170 2075 278 2110 usque
293 2070 411 2109 portas
428 2067 563 2109 Aragos
576 2073 612 2103 et
632 2068 780 2110 Rapiros
802 2075 878 2102 erat

170 2122 378 2160 propagata.
419 2118 476 2151 De
493 2118 698 2152 Parthorum
724 2120 875 2152 moribus

168 2168 345 2210 propriam
374 2168 514 2211 scripsit
540 2169 712 2202 historiam
737 2170 874 2208 Strabo,

157 2227 246 2260 qun
261 2227 330 2252 non
342 2223 453 2251 extat.
487 2218 608 2252 Parthi
622 2220 741 2253 exules
757 2220 874 2253 dicun—

158 2273 227 2305 sm·
241 2279 360 2303 eorum
375 2270 505 2312 lingua,
520 2275 560 2303 ut
579 2270 712 2312 Trogus
737 2271 874 2304 scribit.

154 2321 342 2356 iDom’tinoe.
831 2350 835 2354 .

166 2362 170 2367 ’
208 2375 251 2406 21
279 2373 366 2410 Quid
386 2372 416 2404 si
439 2382 496 2405 nec
511 2370 675 2414 samalus]
697 2371 873 2404 Hactenus

165 2424 345 2456 excusavit
366 2422 538 2464 lacrymas
565 2427 728 2465 tanquam
753 2424 873 2455 missas

155 2473 199 2506 .in
215 2472 338 2506 funere
361 2474 465 2514 servi,
478 2483 570 2507 nunc
592 2473 771 2507 contendit
792 2484 871 2506 eum

92 2545 100 2554 .
163 2523 270 2556 fuisse
295 2523 451 2565 liberum,
465 2524 531 2556 etsi
553 2523 691 2556 fortuna
706 2529 782 2556 erat
801 2535 871 2557 ser-

1539 233 1653 279 1687

943 335 954 354 ⁴
970 335 1190 369 Inemendati
1219 336 1382 375 codices,'
1414 337 1538 380 inquit,
1563 338 1573 355 ‘
1597 339 1655 370 ha-

944 386 1028 419 bent
1048 391 1221 429 canentem,
1236 398 1298 420 nos
1313 392 1472 420 caventem
1487 387 1652 429 legimus:

944 446 1023 469 nam
1039 437 1073 469 in
1086 438 1197 480 Scyro
1219 439 1329 471 insula
1342 439 1456 478 latuit,
1471 442 1511 471 nt
1524 438 1652 471 bellum

944 487 1097 520 vitaret!
1121 489 1207 521 Haec
1227 490 1412 530 Domitius,
1427 489 1485 522 ubi
1501 499 1586 522 ecce
1603 489 1654 523 fa-

943 542 1038 570 tetur
1063 548 1139 571 sese
1165 539 1254 571 hunc
1278 541 1389 572 locum
1412 541 1652 582 interpolasse.

943 587 1003 628 At,
1033 598 1053 621 o
1080 589 1179 629 bone,
1212 589 1409 623 Achillesne
1438 592 1516 624 bella
1545 593 1654 626 cavit?

942 638 1017 671 Imo
1032 649 1115 672 vero
1131 640 1189 672 ille
1205 641 1238 672 in
1256 642 1401 683 Scyrum
1418 647 1541 674 contra
1556 653 1650 676 men-

942 694 1011 722 tem
1028 699 1124 722 suam
1139 700 1160 722 a
1175 697 1287 722 matre
1303 691 1465 724 detrusus
1487 691 1577 725 bella
1593 703 1648 725 ar-

940 740 1138 774 dentissime
1153 742 1315 784 appetiit,
1332 742 1422 774 unde
1450 742 1589 776 tandem
1606 743 1650 776 ad

940 792 1068 825 bellum
1091 794 1287 836 Trojanum,
1305 795 1434 837 Ulyssis
1462 795 1545 828 tuba
1561 797 1652 828 exci-

940 848 1008 884 tus,
1038 844 1146 877 invita
1186 850 1317 878 matre·
1338 846 1508 888 prorupit.
1554 846 1650 879 Nihil

937 896 1064 927 certius
1102 906 1203 938 quam
1242 902 1395 929 veterem
1431 897 1650 939 scripturam,

937 955 1013 988 qnae
1027 945 1195 986 hactenus
1211 957 1253 979 ex
1265 947 1421 980 omnibns
1434 947 1646 982 editionibus

937 997 1103 1038 exulavit,
1129 998 1361 1040 recipiendam
1391 1007 1483 1041 esse,
1506 1003 1543 1032 et
1568 999 1647 1033 bella

935 1051 1094 1080 canentem
1110 1048 1360 1081 restituendum
1375 1060 1384 1081 :
1408 1059 1477 1091 qua
1491 1049 1645 1082 lectione

935 1098 1018 1130 nihil
1034 1099 1225 1140 elegantius
1242 1099 1311 1131 dici
1329 1103 1455 1141 potest.
1491 1098 1647 1133 Achilles

934 1149 1026 1181 enim
1043 1149 1079 1181 M
1085 1150 1195 1182 usicus
1212 1150 1290 1188 fuit,
1306 1155 1343 1183 et
1365 1161 1452 1193 puer
1465 1152 1644 1193 cytharam

934 1199 1071 1241 pulsare
1098 1200 1222 1233 didicit
1248 1201 1434 1234 achirone
1458 1201 1643 1235 Centauro.

935 1249 1113 1282 claudian.
1138 1260 1196 1283 ιιι.
1213 1253 1317 1285 Cous.
1342 1252 1512 1285 Honorii:
1533 1253 1543 1270 ‘
1562 1254 1643 1286 Non

934 1300 1027 1333 ocius
1052 1300 1167 1334 hausit
1191 1301 1343 1334 Achilles
1367 1302 1527 1335 Semiferi
1553 1313 1642 1345 prae-

933 1355 1037 1393 cepta
1061 1353 1169 1394 senis,
1185 1362 1244 1385 sen
1269 1353 1423 1395 cuspidis
1441 1359 1547 1395 artes,
1559 1355 1641 1389 Sive

933 1402 1018 1444 lyrae
1054 1408 1187 1445 cantus,
1215 1404 1368 1437 medicas
1404 1415 1465 1438 seu
1494 1405 1644 1439 disceret

931 1453 1079 1488 herbas!
1105 1455 1237 1487 Noster
1252 1465 1288 1488 v.
1305 1456 1396 1497 Sylv.
1415 1456 1558 1498 Epiced.
1575 1457 1644 1490 Pa-

932 1505 1016 1538 tris:
1042 1506 1052 1524 ‘
1077 1506 1214 1548 Quique
1231 1507 1329 1539 tubas
1343 1517 1454 1545 acres,
1470 1507 1640 1551 lituosque

930 1555 1052 1588 andire
1070 1556 1240 1589 volentem
1265 1557 1443 1597 AEaciden,
1459 1558 1526 1590 alio
1548 1558 1639 1591 fran-

930 1606 1038 1647 gebat
1054 1607 1206 1639 carmine
1228 1608 1382 1640 Chiron!
1424 1609 1516 1643 Quin
1534 1610 1639 1642 etiam

930 1656 1059 1690 Achill.
1077 1666 1119 1690 ιι.
1136 1658 1328 1691 introducit
1353 1658 1523 1691 Achillem
1549 1660 1641 1693 iuter

931 1708 1079 1749 virgines
1101 1710 1135 1741 in
1162 1710 1268 1751 Scyro
1284 1710 1394 1742 insula
1422 1710 1556 1743 cithara
1582 1721 1639 1744 ca-

929 1764 1092 1795 nentem:
1116 1761 1126 1778 ‘
1144 1760 1253 1792 Modo
1269 1761 1384 1793 dulcia
1401 1766 1491 1793 notae
1502 1762 1579 1794 Fila
1591 1762 1641 1804 ly-

929 1819 991 1851 rae,
1029 1815 1219 1854 tenuesque
1250 1811 1380 1853 modos,
1412 1817 1449 1846 et
1485 1814 1639 1846 carmina

928 1862 1123 1903 monstrat,'
1136 1865 1201 1895 &c-
1221 1864 1354 1896 Gerart.

971 1916 1015 1946 37
1040 1915 1220 1956 Hesperus]
1255 1914 1410 1947 Atlantis
1442 1915 1531 1949 filius
1559 1927 1636 1950 cum

928 1963 1081 1998 Atlantis
1093 1968 1218 1999 montis
1232 1976 1395 1999 cacumen
1409 1967 1637 2008 ascendisset,

928 2020 967 2048 ut
982 2016 1142 2058 syderum
1159 2026 1278 2049 cursus
1294 2017 1508 2058 observaret,
1521 2019 1636 2051 subito

928 2072 1108 2100 ventorum
1139 2068 1277 2100 turbiue
1300 2074 1417 2110 raptus
1440 2074 1512 2102 est:
1540 2081 1560 2102 a
1575 2080 1635 2112 po-

926 2120 1016 2160 pulis
1029 2129 1124 2160 vero,
1139 2119 1264 2162 quibus
1280 2126 1355 2152 erat
1366 2120 1635 2161 jocundissimus

925 2169 970 2202 ob
981 2170 1386 2212 excellentemjustitiain
1396 2177 1432 2203 et
1446 2171 1637 2206 humanita-

926 2225 1008 2261 tem,
1019 2221 1106 2253 coelo
1123 2225 1176 2253 est
1188 2221 1336 2260 dicatus,
1352 2228 1387 2254 et
1401 2228 1578 2264 receptum
1597 2230 1634 2257 nt

924 2271 1023 2303 stella
1050 2271 1093 2303 ab
1119 2271 1278 2314 Hespero
1300 2271 1477 2314 Hesperus
1494 2283 1634 2307 vocare-

926 2326 994 2354 tur.
1019 2321 1194 2354 Diodorus.

966 2375 1009 2404 39
1031 2371 1148 2404 Dubia
1161 2373 1295 2415 sormoe]
1332 2374 1421 2407 Nam
1445 2375 1554 2417 spado
1570 2377 1630 2410 du-

923 2422 1016 2455 bium
1033 2427 1087 2456 est
1113 2433 1157 2455 ex
1178 2422 1280 2465 facie,
1298 2425 1348 2456 vir
1371 2435 1414 2457 ne
1439 2426 1484 2458 sit
1498 2437 1541 2459 an
1558 2438 1630 2460 mu-

922 2474 998 2507 lier.
1047 2475 1196 2507 Transire
1210 2477 1248 2508 de
1261 2476 1356 2518 sexu]
1380 2477 1483 2510 Quod
1500 2477 1632 2512 fuciimt

921 2525 1104 2568 spadones.
1152 2527 1230 2559 Jam
1266 2529 1387 2560 casside
1422 2529 1506 2571 visa]
1542 2531 1629 2565 Cum

151 2575 237 2610 sili.
272 2575 316 2608 Te
329 2573 468 2616 tantum]
490 2575 559 2609 Qui
576 2578 612 2608 te
628 2575 736 2608 solum
753 2576 871 2608 herum
911 2576 986 2618 jam
1005 2581 1174 2610 tractaret
1187 2587 1293 2612 arma.
1316 2579 1488 2612 Domitius.

154 2626 335 2670 ‚potuisset
350 2625 434 2668 pati.
456 2625 632 2659 Domitius.

204 2680 248 2710 3⁰
271 2678 342 2710 Nec
369 2676 451 2709 bella
477 2676 658 2718 canentum]
691 2677 868 2720 Insignem

153 2736 245 2762 :sane
281 2729 436 2770 injuriam
485 2726 674 2760 fortissimo
711 2729 867 2763 Heroum

160 2779 289 2813 Achilli
327 2777 382 2811 hic
420 2777 548 2810 factum
588 2776 652 2811 ivit
679 2779 867 2821 Domitius,

149 2829 240 2870 ,dum
258 2828 464 2871 ipsumbella
481 2831 640 2862 caventem
661 2829 866 2864 introduxit.

961 2631 1005 2661 42
1027 2628 1135 2662 Missa
1155 2629 1291 2671 casside]
1326 2630 1366 2662 Id
1392 2635 1460 2673 est,
1483 2633 1629 2671 demissa,

919 2679 1074 2720 deposita,
1090 2679 1212 2712 lna-ata.
1258 2680 1379 2713 Qualis
1391 2686 1506 2715 autem
1522 2682 1627 2715 fuerit

919 2728 1194 2772 Parthenopaeus
1208 2729 1368 2773 deposita
1379 2733 1525 2773 casside,
1542 2734 1626 2765 dicit

918 2781 991 2823 ipse
1007 2780 1137 2813 Statius
1152 2780 1262 2813 Theb.
1284 2791 1336 2815 rx.
1357 2782 1415 2815 ubi
1433 2783 1624 2815 Partheno-

906 2832 984 2874 ,paei
1001 2841 1095 2864 arma
1110 2830 1300 2866 describit:
1324 2834 1334 2851 ‘
1348 2838 1401 2866 ast
1427 2833 1484 2865 ubi
1511 2843 1624 2875 pugna
