1846 3120
309 240 331 280 l
339 239 422 281 540

310 343 434 385 Hinc
448 341 671 383 homines:
701 338 878 380 tandem
897 338 1042 380 dubiae
1061 337 1208 391 placet
1224 336 1395 387 umbra,
1414 335 1631 390 novisque
1667 330 1754 377 215

309 410 405 452 Vix
425 408 544 450 stetit
562 407 605 448 in
620 406 775 455 ramis,
791 410 835 447 et
853 405 1049 460 protinus
1070 405 1197 446 arbor
1215 406 1397 445 amatur.

308 475 464 517 Altera
484 473 670 515 consilio
691 477 908 526 superest,
925 472 1181 525 tristemque
1201 470 1359 523 fatigat

311 543 430 585 Cura
450 541 608 589 Deam,
627 543 777 581 natum
797 539 895 592 ipsa
910 538 1008 580 sinu
1026 538 1259 591 complexa
1272 549 1353 590 per
1371 535 1528 587 undas,

308 608 382 650 An
402 619 561 660 magno
580 605 760 647 Tritone
781 605 907 655 ferat,
925 608 1173 658 ventosque
1190 604 1392 646 volucres

307 674 528 723 Advocet‚
549 686 607 714 an
625 673 782 726 pelago
801 672 978 714 solitam
993 669 1320 713 Thaumantida
1339 669 1478 724 pasci.

307 741 444 782 Elicit
460 739 562 781 inde
583 738 723 789 fretis,
743 743 787 780 et
805 739 972 780 murice
992 737 1150 780 fraenat
1169 741 1299 779 acuto

308 807 555 861 Delphinas
574 805 764 860 bijuges,
785 817 899 858 quos
918 805 985 846 illi
1004 804 1202 846 maxima
1219 803 1385 858 Tethys
1424 814 1430 817 s

307 873 490 926 Gurgite
509 870 720 913 Atlanteo
737 871 884 925 pelagi
906 871 990 912 sub
1009 870 1123 912 valle
1144 882 1303 912 sonora

307 939 561 982 Nutrierat:
591 938 725 979 nullis
746 937 861 979 vada
881 951 961 992 per
980 936 1207 991 Neptunia
1227 936 1395 988 glaucae

305 1005 478 1050 Tantus
494 1005 632 1046 honor
649 1004 820 1055 formae,
841 1004 1056 1058 nandique
1074 1003 1290 1057 potentia:
1319 1015 1400 1044 nec
1420 1001 1521 1056 plus

802 247 843 275 Ρ.
875 243 1063 276 ΡΑΡΙΝΙΙ
1097 242 1262 274 ’ὃΤΑΊῚῙ

1666 1000 1752 1044 225

307 1121 380 1153 hinc
393 1122 541 1154 homines.
573 1123 707 1155 Tandem
722 1123 806 1154 locus
818 1121 979 1154 umbrosus
991 1122 1092 1162 placet
1104 1120 1246 1162 ancipiti,
1257 1125 1290 1153 et
1299 1121 1355 1153 vix
1366 1119 1509 1152 constitit
1522 1119 1556 1151 in
1564 1118 1751 1157 noviam-

305 1164 409 1204 dibus,
424 1168 457 1196 et
470 1165 579 1196 statim
592 1166 685 1196 arbor
699 1165 859 1204 diligitur.
903 1165 1015 1195 Altera
1037 1173 1112 1194 cura
1131 1167 1231 1195 restat
1246 1163 1440 1203 deliberanti,
1454 1166 1486 1194 et
1509 1162 1598 1202 angit
1609 1164 1751 1193 nautam

304 1206 423 1247 Deam,
438 1216 479 1237 an
491 1206 561 1246 ipsa
576 1207 685 1249 filium
705 1207 824 1247 gremio
843 1207 1012 1246 complexa,
1027 1206 1118 1236 uehat
1138 1215 1196 1246 per
1209 1215 1294 1237 mare
1307 1215 1398 1247 saper
1409 1205 1568 1244 ingentem
1582 1203 1751 1240 mmm,

303 1257 345 1279 an
359 1249 483 1279 advocet
498 1249 578 1281 leves
593 1253 711 1288 ventos,
723 1259 765 1280 an
782 1248 1011 1280 Thaumantida
1033 1248 1157 1278 solitam
1178 1247 1298 1279 nutriri
1318 1248 1418 1288 aquis.
1466 1246 1602 1278 Tandem
1621 1244 1751 1278 arcessit

303 1291 385 1321 mari
400 1290 569 1330 Delphines
583 1291 715 1331 bijugos,
739 1294 771 1322 et
786 1291 909 1329 sraenat
935 1299 985 1322 eos
998 1289 1106 1327 sroeno
1122 1298 1162 1320 ex
1182 1290 1348 1329 muricibus
1361 1289 1510 1327 consecto,
1527 1298 1602 1328 quos
1614 1287 1752 1319 maxima

306 1331 422 1373 Tethye
433 1332 483 1363 illi
496 1334 617 1364 aluerat
631 1334 665 1364 in
681 1334 804 1364 Oceano
817 1332 979 1364 Atlantico
993 1330 1048 1362 sub
1063 1331 1212 1371 strepenti
1226 1331 1305 1362 valle
1316 1331 1424 1362 mario.
1456 1330 1564 1362 Nullis
1576 1332 1685 1362 tantus
1694 1327 1750 1360 110·-

304 1382 362 1405 nor
375 1378 422 1406 est
437 1375 698 1414 coeruleaefomoe
711 1384 767 1416 per
781 1369 860 1406 vinda
872 1373 1002 1413 mar-ina,
1015 1383 1071 1405 nec
1086 1373 1184 1413 ηιαᾱον
1199 1373 1342 1412 facultas
1355 1372 1497 1414 natandi,
1515 1381 1570 1404 nec
1589 1373 1659 1413 pm
1677 1378 1751 1412 pro·

911 1456 1150 1470 OOOWMO‘O

306 1525 390 1552 eosve
410 1521 568 1558 ναῖκι-τευ
589 1521 670 1553 Put.
695 1525 848 1560 ventosus,
874 1526 984 1554 ortum
1012 1519 1235 1562 proculdubio
1257 1530 1300 1551 ex
1314 1521 1558 1552 ”marva—222
1574 1517 1680 1551 Tetlu's
1693 1517 1751 1548 lia-

307 1562 391 1595 bent
407 1562 557 1595 Gronov.
567 1563 686 1596 Barth.
701 1564 810 1595 Veen.
822 1564 950 1605 Delph.
968 1568 1004 1596 et
1018 1564 1096 1605 Bip.
1119 1563 1167 1595 At
1182 1563 1341 1595 Graecum
1357 1567 1411 1594 est
1421 1561 1528 1600 'mobs-
1544 1565 1652 1594 mater
1667 1568 1749 1592 vero

958 1647 1099 1680 NOTAE

346 1710 412 1741 219
436 1709 579 1751 Tritone]
601 1709 688 1742 Vide
703 1719 806 1752 supra
821 1721 873 1743 vs.
891 1715 946 1744 55.
964 1716 1004 1744 ut
1054 1711 1168 1753 spargi
1205 1710 1384 1743 consuevit
1428 1708 1472 1742 ad
1514 1706 1747 1751 impediendos

304 1760 441 1792 Tritoni
461 1761 659 1800 impositum
682 1760 782 1793 ferat.
831 1761 1004 1803 Ventosque
1055 1761 1199 1804 equites,

301 1810 453 1851 volucres]
498 1809 629 1843 Quibus
672 1809 851 1843 ferendum
896 1811 1002 1843 filium

304 1861 508 1892 committet.

344 1912 410 1942 220
434 1909 677 1950 fflaumantida]
707 1910 791 1941 Irim
812 1910 1003 1942 Thauman-

302 1959 347 1992 tis
360 1959 479 1999 filiam,
500 1960 555 1991 cui
576 1959 760 2000 gerendum
777 1960 879 1991 etiam
896 1959 1002 1991 filium

301 2009 427 2042 tradat.
471 2009 592 2049 Pelaga
605 2009 726 2041 solitam
738 2009 839 2050 pasci]
862 2010 915 2041 Ex
931 2009 1000 2040 vul-

304 2060 338 2102 gi
355 2059 525 2101 opinione,
540 2059 597 2101 qui
609 2059 720 2092 credit
738 2060 820 2091 Irim
836 2069 939 2102 aquas
955 2069 999 2091 ex

301 2109 386 2141 mari
402 2109 546 2145 haurire,
561 2113 596 2140 et
622 2108 656 2140 in
683 2108 825 2140 sublime
840 2108 945 2148 ferre,
959 2113 998 2140 ut

301 2160 337 2191 in
353 2163 463 2191 terras
479 2158 649 2191 refundat.
679 2159 855 2190 Lucanus:
879 2158 890 2177 ‘
903 2158 996 2191 Hinc

300 2207 509 2249 imperfecto
537 2207 780 2248 complectitur
807 2207 887 2239 aera
911 2217 998 2249 gyro

303 2259 550 2299 Oceanumque
572 2256 671 2297 bibit,
693 2261 879 2298 raptosque
895 2257 938 2289 ad
954 2257 997 2288 si-

302 2308 385 2340 dera
398 2306 523 2340 fluctus
542 2307 705 2347 Pertulit,
726 2310 763 2338 et
787 2307 874 2339 coelo
899 2306 999 2339 diffu-

303 2369 377 2391 sum
393 2358 545 2390 reddidit
557 2356 721 2390 imbrem.'

342 2411 406 2440 221
428 2407 569 2448 Murice]
590 2407 783 2440 Murex‘hic
797 2407 999 2448 intelligitur

301 2457 442 2490 fraenum
477 2467 522 2490 ex
557 2457 742 2490 muricibus
791 2456 998 2490 confectum.

300 2508 428 2539 Murex
452 2508 554 2540 ctiam
570 2508 713 2540 sumitur
732 2518 793 2550 pro
809 2508 999 2541 summitate

298 2557 387 2597 saxi,
407 2567 474 2599 quo
495 2567 595 2590 sensu
615 2559 794 2599 usurpavit
808 2558 994 2600 Virgilius:

301 2608 374 2640 ‘Et
404 2611 503 2639 acuto
532 2608 567 2638 in
595 2609 723 2641 murice
755 2609 839 2641 remi
867 2608 998 2641 Obuixi

302 2656 491 2698 crepuere.’
532 2657 710 2698 Significat
746 2662 783 2690 et
820 2658 949 2700 piscem
978 2667 998 2690 e

301 2708 504 2740 concharum
519 2716 658 2748 genere,
675 2712 712 2740 et
733 2700 994 2741 instrumentum

300 2757 450 2789 ferreum
494 2757 603 2790 tribus
645 2758 867 2799 acuminibus,
903 2757 994 2800 quod

1096 1813 1160 1844 222
1172 1811 1318 1843 Maxima
1326 1807 1456 1851 Tethye]
1466 1808 1530 1841 Est
1539 1816 1626 1839 uxor
1633 1806 1747 1840 Ocea-

1054 1861 1089 1892 ni
1106 1873 1113 1892 :
1138 1865 1147 1879 ⁸
1160 1860 1339 1891 maximam
1351 1858 1362 1874 '
1385 1858 1473 1889 dixit
1494 1856 1539 1888 ad
1559 1854 1748 1888 differenti-

1055 1920 1108 1942 am
1125 1910 1230 1950 ipsius
1243 1908 1406 1947 Thetidis,
1419 1905 1537 1938 matris
1551 1905 1704 1937 Achillis.

1094 1962 1157 1992 223
1180 1957 1341 1998 Atlanteo]
1361 1956 1405 1989 Id
1421 1961 1486 1995 ent,
1499 1955 1583 1986 mari
1600 1953 1747 1986 Atlanti-

1053 2019 1107 2050 co,
1120 2009 1209 2051 quod
1223 2007 1374 2040 Africam
1389 2005 1433 2038 ab
1454 2004 1647 2038 Occidente
1666 2013 1745 2036 con-

1052 2058 1172 2100 tingit:
1196 2058 1245 2090 sic
1261 2056 1469 2098 appellatum
1481 2058 1534 2087 eet
1545 2053 1591 2086 ab
1605 2052 1747 2086 Atlante

1051 2109 1182 2151 ingenti
1197 2112 1312 2140 monte
1328 2105 1469 2138 Africae.
1734 2121 1738 2125 ν

1092 2161 1158 2190 224
1175 2155 1320 2196 Glauce]
1336 2155 1486 2188 Glaucus
1501 2154 1594 2186 color
1608 2153 1746 2199 proprie

1050 2208 1190 2250 piscium
1213 2211 1277 2243 est,
1300 2206 1396 2247 isque
1411 2208 1553 2236 auctore
1566 2202 1679 2236 Gellio
1695 2203 1746 2235 in-

1052 2263 1106 2290 ter
1136 2257 1278 2298 viridem
1315 2257 1567 2287 annumeratur.
1607 2251 1746 2286 Γλανκδς

1052 2308 1185 2347 Graece,
1200 2307 1322 2339 Latine
1335 2305 1469 2336 viridem
1479 2302 1661 2345 significat.

1093 2360 1156 2389 226
1180 2356 1347 2397 Navalique
1358 2353 1512 2397 potentia]
1539 2353 1596 2386 Sic
1610 2353 1744 2386 Plinius

1051 2406 1094 2439 de
1110 2406 1281 2448 Delphino
1297 2405 1354 2437 lib.
1368 2413 1423 2437 ιιι.
1439 2414 1515 2446 cap.
1535 2406 1568 2436 8.
1591 2403 1745 2437 Velocit-

1051 2457 1169 2488 simum
1193 2456 1339 2488 omnium
1364 2455 1570 2496 animalium,
1591 2460 1661 2487 uon
1689 2464 1744 2487 ιο-

1048 2507 1119 2538 lum
1135 2505 1352 2546 marinorum,
1371 2509 1426 2538 est
1445 2505 1650 2547 Delphinus,
1664 2513 1743 2546 ocy-

1049 2566 1087 2589 or
1108 2556 1258 2596 volucre,
1281 2564 1384 2596 ocyor
1408 2555 1499 2587 telo:
1522 2562 1563 2586 ac
1577 2553 1743 2588 nisismul-

1049 2610 1120 2638 tum
1137 2603 1226 2637 infra
1239 2607 1384 2636 rostrum
1395 2613 1433 2636 os
1447 2603 1497 2635 illi
1512 2602 1617 2643 foret,
1630 2601 1743 2635 medio

1049 2664 1149 2697 paene
1163 2654 1199 2686 in
1219 2659 1351 2694 ventre,
1365 2654 1475 2685 nunus
1488 2652 1637 2694 piscium
1652 2651 1743 2684 cele-

1048 2706 1183 2739 ritatem
1222 2703 1296 2744 ejus
1335 2702 1516 2735 evaderet:
1555 2701 1615 2734 sed
1630 2699 1742 2744 *affert

1047 2764 1175 2789 moram
1192 2753 1407 2797 providentia
1424 2757 1568 2789 natum.
1584 2750 1663 2794 quia
1676 2750 1742 2783 nisi
