1858 3112
315 220 433 266 1682

313 326 450 360 domino
474 326 574 359 missa
595 330 725 368 captat,
749 327 903 368 protinus
919 327 1014 369 quic·

314 377 396 419 quid
427 378 607 418 exceperit
636 376 791 417 devorat,
816 387 951 419 semper
972 377 1014 410 ad

314 438 409 469 spem
424 428 530 461 futuri
543 430 633 462 hiatz
657 430 706 462 sic
723 430 837 461 miseri
853 430 1013 462 mortales

312 488 484 520 nunquam
499 484 618 511 nostra
640 484 732 512 sorte
758 480 914 512 contenti
932 479 1014 511 vivi·

313 539 400 570 mus,
417 529 499 572 quid
518 531 691 563 consecuti
713 541 827 569 sumus
841 540 1013 573 nunquam

313 581 517 621 cogitamus,
544 591 679 623 semper
700 582 743 614 ad
762 582 913 623 rapinam
930 582 1013 613 alte-

314 631 384 663 rius
396 632 505 664 erecti
518 637 553 664 et
569 632 731 665 attoniti:
757 632 903 664 miselli!
933 631 1013 663 alie-

313 681 442 713 nissimi
456 690 475 713 a
491 691 573 714 vera
585 682 762 724 solidaque
777 683 916 714 virtute.
933 682 1016 713 Ber-

316 733 399 764 nart.

355 784 418 814 138
440 781 489 814 At
508 792 591 814 nunc
604 781 742 814 discussa
756 781 877 822 rerum]
911 781 1013 814 Levis

313 833 484 865 correctio
501 838 565 873 est,
580 833 640 865 sed
654 843 754 875 quam
771 842 825 864 me
843 832 901 863 vix
914 841 1015 873 spero

311 882 484 924 magistris
507 884 743 925 probaturum,
769 883 892 925 quibus
917 892 1012 923 paro-

311 933 462 965 nomasia
495 934 708 966 blandietur:
745 933 885 965 discussa
909 942 1016 964 verum

309 983 446 1023 caligine
468 994 571 1016 rerum
586 984 720 1025 Aspicis.
764 982 1014 1024 Frequentissi-

312 1043 366 1066 me
381 1035 430 1067 ita
446 1035 622 1076 Papinius,
645 1041 682 1066 ut
698 1034 772 1065 fere
790 1033 946 1075 putidum
971 1033 1016 1065 sit

310 1090 442 1117 notare.
470 1087 607 1118 Gronov.
621 1086 656 1117 in
672 1085 782 1117 Diatr.

355 1141 419 1170 139
441 1137 629 1179 Jactantur]
649 1135 873 1169 Scribendum
890 1133 1014 1175 jacten-

311 1192 375 1220 tur.
420 1189 469 1219 Tu
494 1189 550 1230 qui
583 1187 687 1220 semel
718 1186 899 1223 emersisti,
928 1195 1013 1217 nun-

310 1248 409 1280 quam
425 1243 463 1270 te
478 1238 589 1270 denuo
601 1238 721 1269 credes
733 1236 789 1269 isti
805 1235 1014 1276 tempestati.

311 1289 367 1321 De
397 1299 513 1321 errore
544 1288 691 1330 juvenili
728 1287 843 1319 Pollii.
888 1287 1013 1318 Sensus

310 1344 363 1371 est
379 1339 413 1371 in
429 1339 487 1371 illo
501 1340 628 1371 veteris
644 1339 754 1370 Latini
769 1338 905 1377 Poetae,
920 1336 1010 1378 quod

310 1389 564 1429 elegantissimo
590 1389 716 1421 Graero
746 1398 844 1420 versu
872 1398 1011 1430 expres-

309 1441 355 1472 sit
368 1441 510 1480 Joseph.
523 1439 698 1480 Scaliger:
712 1437 862 1481 Δεύτερος
879 1437 1013 1478 ναυηὙὸς

308 1491 364 1522 οὐκ
383 1489 417 1521 εὖ
440 1491 483 1532 τῇ
497 1488 638 1532 θαλάττῃ
654 1488 820 1529 μέμφεται.
868 1488 1010 1520 Prolixe

310 1546 415 1579 errat,
432 1550 533 1582 quem
550 1540 701 1572 ostendit
723 1540 780 1571 hic
805 1540 926 1571 vocula
941 1547 1011 1570 rur-

309 1600 372 1623 sus.
399 1591 519 1622 Bartli.

353 1643 415 1672 150
440 1640 627 1680 Strangulat
635 1650 707 1672 arcu
720 1638 879 1679 Divitias]
897 1638 1011 1671 Stran-

306 1691 417 1730 gulure
441 1690 581 1730 divitias,
622 1694 675 1722 est
710 1699 888 1721 avarorum
920 1698 1012 1720 more

309 1740 522 1780 constipatae
542 1744 579 1772 et
603 1745 786 1781 congestas
802 1748 882 1771 arca
899 1748 1011 1770 serva-

309 1799 360 1830 re,
377 1795 413 1822 et
429 1790 523 1822 velut
534 1790 740 1831 opprimere.
787 1789 919 1831 Estque
932 1799 1012 1821 con-

308 1840 450 1872 trarium
496 1839 554 1871 τοῦ
590 1839 756 1879 soenerari.
824 1840 912 1871 Nam
953 1839 1010 1881 qui

309 1891 487 1932 pecuniam
515 1891 557 1922 ad
581 1900 715 1922 usuram
733 1894 921 1931 exponunt,
938 1890 1011 1922 illo-

308 1951 383 1972 rum
401 1940 657 1972 numi'foecundi
674 1945 766 1979 sunt,
781 1944 816 1972 et
833 1949 938 1972 novos
954 1950 1009 1980 ge-

307 1995 456 2030 nerant3
477 1991 537 2022 sed
554 1991 610 2032 qui
627 1991 717 2021 illam
733 1990 822 2021 arcis
839 1991 910 2022 suis
928 2000 1010 2022 con-

307 2042 438 2073 clusam
455 2045 584 2078 tenent,
600 2040 648 2072 illi
666 2041 876 2082 opprimunt,
890 2046 925 2072 et
942 2041 1010 2072 suf-

307 2090 427 2123 focant
444 2101 537 2131 eam,
559 2091 607 2123 ita
633 2095 671 2123 ut
692 2101 812 2123 novam
830 2092 1010 2133 pecuniam

307 2150 472 2183 generare
498 2151 566 2173 non
592 2142 710 2183 possit.
769 2141 862 2172 Hinc
878 2140 1010 2173 Aristo-

307 2193 394 2224 teles
412 2201 437 2224 1.
468 2192 573 2224 Polit.
590 2201 620 2224 c.
637 2194 689 2223 10.
709 2191 887 2231 eleganter
907 2190 1012 2223 adno-

309 2244 395 2276 tavit
404 2242 628 2284 τόκοςᾸανηιι-ς,
638 2253 657 2274 a
671 2243 773 2275 verbo
784 2241 913 2283 τίκτειν,
923 2242 1011 2284 quod

306 2303 415 2335 parere
438 2293 619 2335 significat,
643 2293 772 2325 dictum
796 2302 883 2332 esse,
898 2301 1011 2333 quem-

306 2344 490 2378 admodum
507 2344 636 2377 Latinis
643 2344 752 2383 soenus
767 2353 784 2373 a
794 2342 889 2382 soetu.
914 2342 1012 2374 Simi-

306 2396 357 2427 les
388 2404 489 2437 porro
511 2394 702 2426 locutiones
730 2398 810 2424 snut
836 2393 902 2424 illae
919 2393 1011 2424 Mar-

308 2445 419 2477 tialis:
434 2445 444 2463 ‘
455 2443 669 2486 Flagellare,'
680 2449 715 2475 et
730 2445 739 2461 ⁴
754 2444 891 2474 chare
904 2441 1012 2483 opeS‚'

306 2494 316 2512 ‘
328 2495 518 2535 Flagellare
556 2493 749 2533 annonam‚’
784 2495 850 2524 &c.
896 2493 1011 2524 Philo-

309 2548 435 2576 stratus
449 2545 639 2585 eleganter,
655 2543 847 2584 δεσμωτήρια
863 2543 1011 2583 πλούτου,

307 2594 343 2626 id
360 2599 414 2626 est
437 2588 537 2626 Pluti'
555 2604 719 2633 carcerem,
745 2594 882 2625 vocavit
901 2602 1010 2633 arcas,

307 2644 441 2686 aliaque
469 2644 501 2676 id
527 2654 631 2685 genus
656 2643 872 2684 repositoria,
890 2643 1011 2684 quibus

309 2694 465 2738 pecuniae
490 2695 598 2726 veluti
637 2695 783 2735 captivae
814 2694 1012 2726 detinentur

310 2745 354 2777 ab
370 2744 497 2785 avaris,
512 2749 555 2776 ne
569 2744 603 2775 in
619 2754 715 2776 usum
733 2745 879 2776 veniant.
902 2743 1011 2776 Addit

310 2795 439 2829 Poeta:
463 2795 595 2837 expositi
617 2804 735 2836 census,
761 2794 795 2826 id
819 2799 886 2835 est,
902 2794 1010 2836 quiin

786 233 928 265 NOTAE
965 233 1224 266 vAmoRUM
1261 233 1312 267 ΙΝ

1064 336 1157 359 usum
1173 328 1355 360 amicorum
1367 327 1557 360 liberaliter
1573 318 1768 369 erogantur.

1063 378 1120 410 Sic
1136 378 1278 419 Epiced.
1294 379 1389 410 Patr.
1418 381 1426 396 ⁶
1440 378 1623 419 Expositos
1635 374 1774 418 mores?

1064 427 1098 459 id
1125 433 1190 467 est,
1215 426 1345 466 faciles,
1360 428 1468 460 dixit:
1494 428 1606 462 ‘Quid
1623 426 1771 460 referam'

1065 478 1248 519 expositos,
1257 484 1391 510 servato
1401 479 1563 520 pondere,
1571 489 1681 511 mores
1689 478 1712 511 ?'
1723 476 1775 511 Et'

1065 528 1206 569 Epiced.
1241 529 1373 569 Stelloe,
1395 530 1618 572 ‘Expositum
1643 528 1772 571 limem*

1065 579 1220 612 omnibus
1250 585 1391 622 pateus.
1425 579 1436 599 ‘
1449 580 1548 612 Licet
1575 581 1773 622 expositum

1066 640 1128 671 per
1141 631 1256 672 limen,
1281 635 1401 673 aperto
1417 630 1489 671 Ire,
1504 629 1619 663 redire
1635 627 1771 672 gradu!

1068 681 1199 712 Getart.
1770 689 1774 693 ’

1109 733 1171 762 152
1186 731 1291 763 Docta
1298 730 1431 769 fruendi
1448 729 1638 773 Temperies]
1659 723 1697 762 Ἢ
1712 741 1768 771 με·

1063 779 1185 821 τριότης
1210 781 1357 822 εὔκρατος
1377 780 1429 812 καὶ
1449 779 1621 821 εὐγνώμων.
1667 777 1772 814 Ηίιιο

1065 840 1202 863 auream
1216 831 1486 863 mediocritatem
1501 830 1648 872 diligens
1658 829 1768 863 Auso·

1064 880 1139 912 nius
1166 882 1234 913 ait:
1260 881 1271 899 ‘
1283 882 1335 913 Ex
1357 881 1470 913 auimo
1498 889 1570 912 rem
1599 883 1693 913 stare
1720 889 1773 912 aa

1065 939 1168 972 quum
1194 936 1292 973 puto,
1313 940 1379 963 non
1396 931 1544 963 animum
1559 939 1603 962 ex
1618 940 1677 962 re:
1701 928 1766 962 Ille

1064 982 1187 1022 opibus
1204 982 1323 1013 modus
1350 987 1416 1023 est,
1438 991 1536 1023 quem
1552 984 1682 1045 statuas
1697 979 1769 1013 ani-

1064 1032 1140 1064 mo.'
1164 1032 1295 1065 Morell.

1107 1083 1228 1115 cmm.
1240 1092 1295 1116 111.
1307 1085 1324 1115 1
1340 1080 1767 1135 NitidiMehoris]Atedius

1064 1133 1190 1165 Melior
1202 1133 1287 1165 adeo
1296 1133 1485 1175 splendidae
1494 1137 1530 1167 et
1539 1131 1707 1174 elegantis
1719 1132 1768 1164 vi-

1064 1187 1109 1215 tae
1122 1182 1199 1223 fuit,
1212 1188 1249 1216 ut
1261 1183 1425 1225 peculiari
1435 1182 1569 1215 nomine
1584 1183 1594 1200 ‘
1606 1180 1766 1214 Nitidns'

1063 1237 1257 1270 vocaretur,
1271 1238 1308 1265 ut
1324 1233 1378 1265 hic
1395 1242 1415 1264 a
1430 1232 1541 1264 Statio
1552 1235 1589 1264 et
1605 1231 1775 1263 Martiale·

1063 1284 1121 1316 lib.
1137 1293 1162 1316 1.
1187 1285 1197 1302 ‘
1210 1284 1359 1316 Divitior
1374 1284 1510 1325 Crispo,
1523 1282 1674 1314 Thrasea
1684 1291 1766 1314 con·

1063 1334 1208 1365 stantior
1237 1335 1322 1375 ipso,
1353 1334 1494 1366 Lautior
1523 1337 1561 1366 et
1585 1331 1696 1365 nitido
1722 1332 1768 1364 sis

1062 1385 1207 1416 Meliore
1222 1385 1327 1417 licet.’
1370 1385 1415 1416 Et
1428 1384 1554 1416 Horat.
1574 1385 1584 1402 ‘
1601 1383 1745 1416 nitidum
1756 1379 1772 1397 ’'

1063 1433 1192 1465 rustico
1207 1435 1386 1475 opposuit:
1416 1435 1427 1452 ‘
1439 1434 1492 1466 Ex
1515 1433 1622 1466 nitido
1639 1432 1680 1466 fit
1695 1442 1766 1466 rus-

1063 1484 1173 1516 ticus?
1199 1485 1359 1517 Juvenal.
1373 1485 1447 1517 Sat.
1460 1493 1505 1519 n.
1517 1485 1529 1503 ‘
1544 1483 1632 1516 Haec
1643 1483 1765 1521 eadem

1061 1535 1109 1566 illi
1129 1535 1254 1567 Omnia
1276 1545 1352 1567 cnm
1378 1534 1522 1575 faciant,
1549 1534 1672 1566 hilares
1686 1530 1774 1566 niti-⁷*

1062 1585 1164 1627 dique
1182 1584 1372 1618 vocantur.’
1417 1584 1548 1618 Noster
1574 1584 1742 1625 (nitorem
1757 1583 1770 1599 ³

1062 1646 1123 1676 pro
1139 1636 1350 1668 liberalitate
1375 1641 1411 1669 et
1434 1635 1617 1678 splendore
1643 1634 1692 1667 rei
1714 1634 1765 1667 fa·

1062 1686 1200 1718 miliaris
1216 1697 1308 1728 saepe
1325 1687 1433 1728 ponit,
1448 1690 1486 1719 ut
1502 1685 1605 1718 Laeli.
1619 1685 1770 1718 Heu-ns·-

1061 1736 1112 1769 ci:
1135 1738 1265 1769 ‘Testis
1282 1737 1392 1770 adhuc
1408 1737 1495 1779 largi
1511 1737 1602 1769 nitor
1617 1735 1700 1768 inde
1712 1745 1771 1768 as«

1063 1792 1180 1819 suetus
1199 1788 1385 1820 Hetrusci.’
1409 1788 1541 1820 Gevart.
1767 1785 1770 1788 ⁴

1105 1840 1125 1868 8
1142 1838 1358 1879 Nympharum
1370 1836 1664 1878 teneroesugiebant
1675 1836 1765 1868 Pana

1060 1888 1208 1928 catervoe]
1233 1889 1284 1920 Eo
1299 1887 1444 1929 lepidior
1457 1888 1531 1919 lime
1542 1885 1637 1919 fictio
1649 1890 1715 1926 est,
1728 1887 1769 1919 et‘

1060 1937 1270 1978 ingeniosius
1294 1940 1535 1977 commentum,
1560 1935 1651 1978 quod
1666 1943 1766 1968 acce-

1062 1987 1120 2019 dat
1143 1987 1186 2020 ad
1216 1984 1366 2019 fabulam
1395 1996 1495 2029 qnam
1524 1986 1560 2018 in
1593 1985 1764 2028 principio

1061 2038 1203 2070 Pliaedri
1226 2041 1484 2077 commemorat,
1511 2041 1551 2069 ut
1571 2034 1697 2078 Aquilo
1720 2035 1770 2068 ab·

1061 2089 1162 2120 Ilisso
1173 2088 1367 2129 Orithyiam
1380 2087 1568 2127 sustulerit,
1577 2092 1645 2119 non
1659 2087 1763 2128 longe

1062 2148 1082 2170 a
1107 2139 1345 2180 procerissima
1377 2138 1538 2179 platano:
1562 2136 1629 2168 Οὔκ
1643 2134 1768 2168 ἐνθένδε·

1060 2188 1116 2228 μέν
1128 2201 1177 2221 τοι
1190 2188 1284 2221 πόθεν
1297 2187 1358 2220 ἀπὸ
1369 2189 1426 2220 τοῦ
1439 2187 1585 2219 ’Ῑλυσσοΰ
1601 2185 1731 2227 λέγεται
1748 2186 1768 2217 δ’

1061 2238 1174 2281 Βορέας
1187 2239 1247 2277 τὴν
1261 2238 1431 2280 Ὠρείθυιαν
1443 2236 1591 2280 ὅρπασαι.
1612 2237 1740 2270 Mor-ele.
1767 2245 1769 2247 ’

1106 2293 1146 2322 10
1170 2289 1323 2331 Pholoen]
1345 2288 1476 2321 Pholoe
1492 2297 1613 2320 nomen
1627 2286 1761 2319 ancillae

1061 2340 1152 2382 apud
1170 2341 1295 2382 Virgil.
1322 2350 1398 2382 quae
1414 2339 1506 2372 dicta
1519 2342 1574 2371 est
1587 2338 1764 2380 Sergesto,

1064 2391 1176 2423 Cressa
1201 2401 1303 2431 genus
1338 2389 1468 2421 Pholoe.
1512 2388 1610 2420 Idem
1640 2387 1763 2421 nomen

1061 2440 1151 2481 apud
1177 2439 1389 2472 Horatium„
1416 2437 1548 2471 Pholoe
1570 2447 1666 2470 mons
1686 2446 1763 2470 cum

1061 2490 1187 2532 oppido
1212 2490 1247 2522 in
1262 2489 1423 2522 Arcadia.
1466 2487 1595 2520 Pholoe
1623 2487 1678 2520 liic
1697 2496 1766 2528 pro

1061 2551 1127 2573 una
1151 2551 1194 2573 ex
1210 2540 1411 2573 Naiadibus.
1437 2539 1560 2571 Domit.

1103 2595 1144 2624 12
1176 2593 1266 2623 Rura
1295 2590 1388 2632 caci]
1423 2590 1534 2622 Cacus
1563 2591 1664 2620 notus
1687 2596 1762 2620 ear-

1061 2643 1150 2675 mine
1168 2642 1367 2683 virgiliano.
1412 2641 1514 2673 Hunc
1539 2640 1664 2671 malum
1680 2638 1762 2670 vici·

1060 2703 1140 2726 num
1162 2693 1266 2725 fuisse
1288 2694 1537 2734 interpretatur
1551 2690 1765 2730 Columella3

1059 2744 1165 2776 Solin.
1182 2748 1217 2776 et
1231 2739 1414 2783 Diodorus,
1435 2741 1559 2782 furem,
1572 2749 1671 2782 quem
1685 2740 1769 2782 ipse*

1059 2793 1236 2836 Lycinium
1266 2793 1429 2835 appellat.
1472 2791 1679 2834 Speluncam
1700 2790 1759 2823 ha-
