1858 3112
450 253 491 285 Ρ.
523 253 716 285 ΡΑΡῙΝΙΙ
750 252 918 284 ΒΤΑΊῚῘ
951 251 1094 284 SYLv.
1125 253 1222 284 LlB.
1245 252 1323 285 ΙΙΙ.
1349 241 1393 285 3.

191 340 377 380 saeuorum.
406 346 492 381 -Hoc
503 356 585 388 ergo
596 356 716 380 munus
727 350 792 387 est,
803 346 895 389 quod

190 397 324 432 Noster
333 397 508 430 Hetrusca
518 403 554 430 et
563 397 772 430 Claudianus
780 398 790 415 ‘
798 398 896 429 Man-

188 447 236 480 lio
249 447 447 481 'nicodoro’
465 448 598 481 tribuit.
634 449 682 481 Et
696 448 750 480 bic
765 453 821 480 est
837 448 895 480 ille

189 500 201 516 ⁶
216 497 396 538 Manlius:
421 498 480 540 qui
505 496 597 530 falso
626 498 790 530 hactenns
817 498 827 516 ‘
842 497 893 530 Μ.

171 547 374 580 ‘Manilius’
390 548 504 581 dictus
516 553 581 589 est,
592 552 711 581 auctor
725 548 816 580 illius
832 546 895 580 As-

190 599 374 632 tronomici
401 598 493 642 quod
514 598 617 632 hodie
642 603 773 640 exstat,
793 608 895 640 quem

189 650 489 682 onnesliactenus
510 649 649 690 eruditi,
668 649 773 682 etiam
788 648 895 681 maxi-

188 708 263 735 mus
272 699 432 742 Scaliger
446 699 516 732 suis
538 699 573 732 iu
595 699 691 732 illum
715 699 897 739 Commen-

188 749 301 792 tariis,
331 760 456 792 magno
486 760 569 783 sane
598 759 716 783 errore
746 749 896 792 Augusti

189 804 348 843 tempore
362 800 516 834 floruisse
531 805 568 834 et
581 800 760 842 scripsisse
777 800 895 832 existi-

188 855 338 892 man-unt,
350 862 428 884 cum
444 862 533 894 pene
546 852 804 895 quadringentis
818 857 897 893 post

189 903 288 936 suni·
301 903 487 938 Theodosii
503 904 674 944 nimirum,
698 904 843 946 ejusque
857 903 896 935 fi-

188 953 313 986 liorum
341 953 482 987 Arcadii
509 958 546 987 et
571 954 717 986 Houorii
741 957 896 995 tempore

189 1002 413 1043 florueritfac
426 1004 604 1037 Claudiani
624 1011 824 1037 coaetaneus
838 1003 896 1036 -fu-

189 1054 271 1096 erit,
298 1054 391 1097 quod
417 1055 554 1097 quidem
582 1055 727 1095 primum
754 1066 774 1088 a
798 1055 896 1087 nobis

190 1109 242 1137 est
258 1105 491 1140 observatum.
515 1106 650 1139 Gevart.

231 1158 277 1188 89
302 1155 428 1195 Eiet-tat
441 1155 550 1188 Iberia
562 1155 679 1197 fessis]
710 1154 896 1187 Attentum

187 1205 359 1239 lectorem
388 1215 457 1238 non
493 1205 592 1238 fallet
621 1206 756 1243 vitium,
782 1214 897 1248 neque

190 1256 283 1288 enim
298 1263 418 1289 aurum
435 1255 588 1297 ejicitur,
608 1255 671 1288 sed
686 1256 802 1288 labore
818 1265 895 1287 eru-

189 1306 275 1339 itur.
295 1306 447 1342 ‚inducor
472 1310 512 1338 nt
541 1306 752 1339 rescribam:
783 1307 895 1338 eiectat

190 1356 299 1389 Iber-iu
312 1356 428 1396 fissis,
453 1356 497 1389 sb
521 1357 620 1389 elicit.
665 1357 830 1390 Ceterum
851 1356 896 1388 de

193 1406 353 1440 Metellis
390 1407 590 1449 Hispanicis
625 1407 767 1439 consule
805 1407 896 1440 Plin-

189 1465 333 1490 xxxin.
356 1467 434 1499 eap-
462 1460 496 1490 4.
541 1458 702 1491 Lucanus
738 1458 798 1490 lib.
830 1467 898 1491 vu.

189 1507 390 1550 ‘Quidquid
413 1506 504 1540 fodit
527 1507 623 1545 Iber,
647 1508 813 1551 quidquid
829 1509 897 1541 Ta-

189 1566 252 1598 gus
267 1557 391 1590 extulit
407 1557 505 1591 auri!
528 1558 683 1591 Bernart-

227 1610 275 1640 -01
297 1607 385 1641 Areu
408 1608 498 1650 Nili]
529 1607 715 1642 Annonam
734 1609 838 1642 etiam
855 1619 897 1642 ex

192 1659 275 1692 Nilo
296 1663 334 1692 et
353 1668 397 1692 ex
413 1659 564 1701 AEgypto
584 1659 759 1693 servabat.

233 1713 278 1744 ⁹2
314 1711 441 1744 Meroua
467 1710 642 1753 scrutator]
679 1711 831 1744 Uniones
863 1715 900 1744 et

189 1762 395 1804 margaritas
407 1760 592 1802 significat,
606 1771 684 1803 quae
700 1761 745 1793 ab
761 1762 898 1794 urinan-

191 1811 283 1844 tibus
313 1811 532 1854 colliguntur.
577 1811 721 1844 Indicus
751 1813 897 1849 maxime

182 1860 252 1894 Jns
267 1861 376 1894 mittit
386 1862 551 1896 Oceanus
571 1861 667 1894 circa
683 1862 847 1895 Arabiam
863 1863 899 1894 in

194 1912 340 1946 Persico
355 1913 430 1946 sino
447 1913 550 1946 maris
566 1913 687 1946 Rubri.
711 1914 836 1946 Domit-

229 1966 277 2003 ,08
299 1964 459 1999 Pet-uaria
473 1964 558 1996 cultu
575 1963 701 2005 Galesi]
725 1964 899 2006 Intelligit

191 2014 291 2046 lanas
321 2014 538 2053 Tarentinas.
583 2014 822 2055 Perspicuaeque
851 2015 899 2046 ni-

190 2062 260 2104 m]
284 2064 493 2106 Crystallina
507 2064 643 2106 pocula.
689 2064 822 2096 Plinius
837 2064 898 2098 lib.

189 2122 344 2149 xxxvii.
355 2124 436 2155 cup.
451 2117 483 2146 2.
527 2115 729 2157 Massylaque
742 2116 855 2148 robora
869 2120 900 2148 et

193 2164 269 2197 Inda·
284 2165 404 2197 Dentis
416 2164 524 2206 honos]
548 2165 681 2197 Mensae
696 2165 829 2206 citreae,
841 2176 900 2198 cu-

185 2214 246 2256 ju·
261 2215 367 2256 pedes
382 2225 424 2247 ex
441 2215 558 2247 ebore.
594 2215 773 2256 Massylia,
788 2215 901 2248 vicina

189 2264 369 2307 provincia
384 2269 438 2298 est
452 2264 574 2306 Maris,
587 2265 680 2306 apud
697 2276 781 2308 quos
797 2267 901 2307 pluri-

192 2324 251 2349 ma
265 2315 367 2348 arbor
381 2315 475 2356 citri,
489 2315 580 2357 (dixi
601 2315 786 2349 Tiburtino
799 2317 899 2350 Man-

193 2365 262 2408 lii‚)
272 2372 310 2399 ut
325 2376 391 2398 non
408 2366 529 2398 mirum
540 2366 584 2397 sit
599 2375 674 2398 eam
693 2376 755 2408 pro
770 2367 900 2399 Mauri-

193 2416 288 2449 tania
317 2418 427 2458 poni:
451 2426 552 2459 quam
579 2422 615 2449 et
640 2417 806 2459 Virgilius
837 2428 900 2459 pro

192 2465 315 2499 Africa
329 2467 460 2509 posuit,
485 2467 621 2500 AEneid.
647 2468 710 2501 lib.
740 2476 792 2501 vl.
815 2469 900 2501 Ber-

193 2519 286 2549 mrt-

237 2569 302 2599 loo
327 2566 563 2609 Romanapiza]
584 2569 768 2602 Exercitus
783 2579 900 2602 omnes

193 2615 383 2658 Romanos,
397 2627 584 2661 eorumque
601 2618 788 2661 praefectos
803 2620 901 2654 dicit.

194 2666 372 2700 laborant
394 2668 489 2701 docti
504 2669 540 2701 in
559 2670 651 2702 ‘Pili
674 2671 839 2704 Romani'
861 2671 901 2703 fi-

195 2712 291 2758 gura‘
308 2717 537 2758 inveniunda3
574 2729 721 2762 eumque
755 2721 901 2763 Josephi

195 2766 363 2809 Scaligeri
375 2769 452 2811 fere
470 2770 627 2803 ultimum
649 2772 836 2805 literarium
854 2775 900 2805 la-

195 2814 313 2850 borem
329 2816 434 2852 fuisse
451 2819 582 2852 dicunt.
626 2820 675 2854 At
692 2831 774 2855 cura
788 2832 831 2856 ea
845 2833 901 2856 su-

1538 244 1653 287 1709

948 347 1135 388 persedere
1156 356 1258 390 posse
1281 346 1418 379 faciunt
1440 347 1569 379 nummi
1585 347 1655 380 Ve-

947 403 1052 438 teres,
1069 397 1128 439 qui
1155 398 1258 430 telum
1276 398 1340 430 lioc
1355 397 1539 439 perspicue
1555 407 1655 439 spec-

948 447 1089 481 tandum
1117 448 1293 480 exhibent.
1329 449 1381 480 Ex
1407 448 1448 481 iis
1474 458 1561 481 unus
1587 453 1655 490 est,

945 509 1046 541 quem
1060 499 1138 533 Jac.
1151 499 1341 532 Gutherius
1356 500 1519 541 proponit
1532 499 1576 532 de
1590 500 1654 534 Ju-

944 557 983 580 re
1009 549 1206 582 Pontificali
1232 550 1313 582 Vet.
1341 550 1440 581 Rom.
1464 550 1525 582 lib.
1549 559 1606 583 ιιι.
1621 560 1654 583 c.

946 601 1000 631 16.
1017 609 1052 641 p.
1076 603 1152 632 829.
1176 599 1348 632 Barthius.
1394 600 1480 636 Quid
1500 600 1560 632 alli
1587 601 1653 632 Un—

944 651 1056 682 aarum
1066 652 1191 693 cursus]
1205 651 1246 683 Id
1263 656 1332 690 est,
1343 655 1507 693 quantum
1521 652 1654 693 impen-

946 699 1096 732 dendum
1113 701 1158 733 sit
1178 701 1365 743 purgandis
1388 702 1495 733 alveis
1518 701 1653 734 Tiberis

945 755 982 782 et
996 751 1140 783 aliorum
1157 750 1351 783 fluviorum.
1373 751 1501 784 Domit.
1643 772 1645 775 <

990 804 1053 833 104
1077 802 1159 838 Quae
1173 801 1310 844 Divum]
1344 802 1391 834 Et
1410 805 1575 843 quantum
1591 802 1654 835 im-

945 851 1166 892 pendendum
1192 852 1237 884 sit
1263 861 1326 892 pro
1354 852 1478 884 statuis
1501 852 1655 884 Deorum

946 901 1189 934 instaurandis.
1232 901 1410 943 Scriptum]
1444 903 1654 936 Percussum

946 957 983 985 et
999 953 1185 995 signatum.
1230 955 1370 988 Monetae
1384 954 1548 997 Ausonia]
1579 957 1656 998 Sig-

945 1008 1064 1036 natum
1090 1005 1125 1036 in
1150 1005 1286 1036 Flavios
1309 1015 1464 1038 nummos
1480 1011 1516 1038 et
1531 1007 1656 1038 numis-

946 1047 1040 1087 mate
1055 1055 1222 1087 Romana.
1265 1056 1334 1089 Qui
1358 1057 1486 1097 primus
1501 1066 1545 1088 ex
1571 1067 1656 1089 auro

947 1105 1124 1137 denarium
1148 1105 1310 1147 signavit,
1333 1107 1421 1138 latet
1444 1111 1585 1139 auctore
1603 1107 1655 1139 in-

947 1160 1057 1188 certo.
1100 1156 1240 1188 Servius
1266 1156 1402 1198 quidem
1430 1166 1492 1189 rex
1513 1167 1559 1190 aes
1586 1158 1656 1199 pri-

947 1215 1021 1238 mus
1046 1206 1210 1248 signavit,
1233 1212 1412 1247 argentum
1436 1217 1518 1240 vero
1542 1209 1656 1250 signa-

949 1261 1021 1289 tum
1035 1262 1089 1289 est
1103 1267 1192 1289 anno
1204 1257 1297 1289 urbis
1309 1258 1586 1299 quingentesimo
1599 1267 1656 1291 oc-

949 1307 1119 1349 togesimo
1141 1307 1275 1349 quinto,
1297 1307 1403 1339 Fabio
1425 1308 1578 1349 consule,
1597 1318 1655 1340 an-

947 1358 998 1390 nis
1014 1357 1163 1400 quinque
1182 1361 1262 1390 ante
1279 1357 1423 1399 primum
1441 1357 1569 1390 bellum
1588 1359 1656 1391 Pu-

949 1409 1077 1441 nicum.
1104 1410 1206 1441 Idem.

993 1462 1056 1492 108
1079 1459 1142 1492 Sed
1147 1459 1228 1499 J‘ura
1250 1458 1369 1499 tamen]
1404 1457 1446 1490 In
1469 1459 1588 1500 tantis,
1605 1460 1657 1492 in·

950 1510 1037 1552 quit,
1064 1510 1248 1547 laboribus,
1275 1510 1436 1551 cogitasti
1467 1514 1582 1542 tamen
1613 1511 1658 1544 dc

949 1569 1057 1593 uxore
1074 1560 1232 1592 ducenda
1247 1569 1314 1592 non
1327 1560 1435 1602 magis
1451 1566 1519 1593 tnae
1537 1562 1656 1603 volup-

950 1612 1033 1645 tatis
1054 1622 1159 1645 causa
1174 1623 1275 1655 quam
1302 1617 1342 1645 ut
1368 1622 1568 1654 procreares
1595 1614 1657 1646 cli-

948 1663 1280 1704 enteslmperatori.
1298 1664 1397 1695 Idem.
1433 1664 1574 1696 Mentem
1589 1665 1658 1696 vin-

947 1712 1111 1754 cirem-m]
1132 1714 1303 1746 Venerem
1327 1714 1480 1756 incipere
1503 1724 1523 1746 a
1538 1716 1657 1756 conjn-

948 1763 1018 1804 gio.
1065 1763 1120 1795 lta
1135 1773 1214 1796 suos
1230 1764 1423 1806 principum
1440 1764 1658 1797 institutores

947 1813 1069 1845 laudat
1084 1814 1207 1846 Claud.
1231 1815 1390 1847 Stilicon.
1411 1814 1471 1847 lib.
1497 1824 1539 1848 ιι.
1563 1815 1657 1847 Hinc

948 1862 1014 1896 fuit
1031 1869 1070 1896 ut
1086 1865 1224 1906 primos,
1240 1868 1306 1899 ἃς.
1331 1866 1450 1898 Barth.

993 1918 1053 1948 111
1081 1916 1208 1957 Genus]
1234 1917 1444 1950 Hetruscum
1460 1917 1573 1958 ipsum
1586 1926 1657 1949 ser-

949 1965 1094 1998 vitutem
1121 1967 1268 1998 servisse·
1300 1976 1403 2008 snpra
1428 1967 1530 1999 dixit.
1576 1968 1656 2000 Non

949 2026 1031 2058 ergo
1062 2017 1245 2050 videbatur
1275 2018 1310 2050 in
1342 2018 1519 2050 Hetrusca
1551 2028 1658 2059 genus

948 2067 1162 2100 laudaturus.
1186 2068 1255 2101 Sed
1273 2068 1399 2100 cecinit
1418 2069 1561 2100 eandem
1577 2078 1659 2100 can-

949 2118 1090 2150 tilenam
1123 2129 1214 2158 mox,
1255 2120 1329 2151 Nec
1362 2119 1504 2161 vulgare
1537 2129 1658 2161 genus.

950 2169 1085 2201 Nobilis
1103 2169 1207 2210 igitur
1230 2170 1358 2211 conjux
1381 2169 1487 2202 ducta
1511 2171 1658 2202 Hetrus-

950 2227 1004 2250 co.
1029 2219 1142 2253 Quam
1160 2229 1180 2251 a
1195 2220 1307 2251 meriti
1325 2220 1493 2253 vocabulo
1510 2220 1657 2252 Hetrus-

949 2278 1025 2301 cam
1042 2270 1205 2302 nominat.
1234 2270 1291 2302 Sic
1307 2269 1411 2311 infra,
1427 2280 1476 2302 vs·
1492 2273 1568 2302 207.
1593 2270 1646 2303 Id.

994 2321 1056 2351 113
1079 2319 1142 2352 Sed
1163 2321 1254 2351 decus
1279 2320 1443 2360 eximium,
1467 2319 1539 2361 &ej
1558 2320 1658 2352 ²Dis-

950 2369 1074 2403 tinctio
1092 2371 1253 2412 ponenda
1270 2374 1350 2411 post
1364 2371 1481 2411 imago,
1498 2380 1567 2403 non
1580 2375 1660 2412 post

949 2421 1098 2453 vultibus.
1142 2421 1232 2453 Dein
1247 2431 1310 2462 pro
1325 2421 1559 2462 haudquaquam
1574 2423 1660 2454 scri·

952 2471 1120 2504 bendum:
1136 2472 1406 2512 haudquanquam.
1418 2472 1514 2503 Rom.
1529 2471 1637 2503 codex
1647 2483 1658 2505 2

949 2515 1033 2554 haud
1047 2532 1214 2563 nunquam.
1229 2520 1268 2553 τὸ
1289 2523 1344 2554 sed
1360 2531 1426 2553 non
1445 2522 1578 2563 vulgari
1595 2532 1658 2554 usu

950 2581 1014 2613 pro
1028 2574 1168 2604 ‘tamen
1180 2571 1190 2586 '
1208 2573 1360 2614 ponitur.
1407 2573 1547 2604 Groriov.
1574 2573 1659 2605 Diu-

950 2623 1024 2655 trib.
1041 2633 1110 2664 cap.
1127 2626 1182 2655 3⁰.

993 2676 1057 2705 116
1078 2673 1236 2705 Ausonios
1264 2672 1367 2714 enses]
1405 2672 1508 2707 Quod
1536 2682 1658 2705 munus

950 2724 1006 2756 bic
1022 2729 1119 2756 notet
1134 2725 1257 2756 merito
1281 2724 1446 2764 ambigas,
1471 2722 1657 2764 praefectu-

948 2785 1022 2815 ,ram
1040 2775 1191 2816 praetorii
1204 2785 1245 2809 an
1259 2774 1409 2807 cubiculi
1427 2784 1469 2806 au
1488 2782 1656 2805 armorum

952 2826 1152 2859 custodiam.
1199 2825 1293 2858 Puto
1310 2835 1374 2867 per
1389 2824 1546 2856 Ausonios
1561 2831 1660 2862 enses,
