1858 3112
293 224 407 270 1674

293 331 353 364 die¹
365 331 603 364 Hebdomadas
621 332 743 366 Parcoe
759 334 800 366 ad
815 335 995 368 scribenda

293 383 392 424 pueri
404 383 477 415 fata
488 384 542 415 vel
553 385 706 416 canenda
718 385 974 419 advocabantur
985 398 996 427 ς

293 437 332 464 ut
348 443 389 464 ex
407 433 542 465 Catullo
569 433 770 475 intelligitur
796 436 830 468 in
857 438 996 479 Nuptiis

293 482 394 513 Pelei
412 486 449 514 et
462 483 620 515 Thetidis
639 495 648 524 3
671 494 714 517 ex
730 486 856 519 Ovidio
872 488 907 519 in
923 488 995 521 fab.

293 532 476 573 Meleagri,
503 538 540 565 et
563 534 710 567 Tertull-
755 536 887 569 Cunina
914 548 996 571 vero

292 581 372 614 Dea
383 581 530 615 infantes
542 583 577 615 in
590 585 686 616 cunis
703 587 791 619 tueri
803 587 998 630 dicebatur,

293 637 331 664 et
358 632 400 664 ab
426 633 467 664 iis
499 634 677 667 Fascinum
704 645 929 672 summovere.
951 639 996 671 D.

295 682 442 724 August.
470 683 530 716 lib.
557 685 710 727 laudato,
725 692 760 718 et
777 688 937 721 Lactant.
953 689 997 721 de

293 731 366 765 Fal.
393 734 470 765 Rel.
494 733 554 766 lib.
573 743 600 767 1.
644 736 741 768 Cuba
768 743 883 770 autem
910 749 997 781 prae-

294 787 372 815 erat
397 782 526 822 eubili,
551 794 627 816 cum
649 793 669 816 a
692 786 788 818 cunis
813 787 855 819 ad
882 789 997 821 cubile

293 832 542 866 transferretur
553 843 650 875 puer.
676 835 790 868 Varro
802 838 892 878 apud
908 838 999 871 Non.

295 883 424 915 Morell.
458 898 462 901 ⁴
516 878 524 886 ⁸

339 937 402 967 122
425 936 568 978 Invidia]
598 937 777 979 Interpres
804 939 883 972 hic:
917 941 997 973 ‘In-

295 985 415 1026 vidia:
431 986 556 1028 inquit,
577 990 587 1006 ⁵
602 988 634 1020 id
651 993 704 1021 cst
721 995 865 1032 propter
877 991 998 1022 invidi-

296 1035 374 1067 am!
417 1037 533 1069 Male:
559 1048 672 1081 neque
685 1041 774 1072 enim
792 1041 926 1072 Invidia
942 1041 997 1073 hic

295 1085 477 1119 auferendi
503 1098 600 1120 casus
627 1095 692 1131 est,
719 1092 815 1132 quasi
840 1092 998 1123 Lachesis

296 1143 361 1177 per
387 1137 549 1170 invidiam
579 1141 780 1174 nutrivisset
810 1142 1000 1185 Glauciam,

274 1186 356 1219 'aed
382 1190 606 1231 nominandi3
639 1201 718 1224 nam
755 1193 885 1225 Statius
915 1194 999 1226 duas

295 1238 449 1270 nutrices
473 1241 624 1282 assignat
640 1242 810 1283 Glauciae,
828 1244 998 1277 Lachesin

295 1292 333 1320 et
361 1289 540 1322 Invidiam.
602 1291 710 1324 Plura
733 1294 821 1326 dixit
850 1294 884 1326 in
909 1295 999 1328 hunc

295 1347 432 1371 sensum
443 1341 584 1380 Epiced.
595 1342 721 1375 Pileti:
736 1344 745 1362 ‘
756 1343 918 1377 Attendit
929 1349 1000 1377 tor-

295 1396 339 1419 vo
351 1388 459 1420 tristis
473 1390 678 1422 Rhamnusia
687 1392 808 1430 vultu,’
823 1396 890 1426 ὅτε.
912 1395 999 1426 Sub-

290 1437 409 1478 jungit
438 1439 565 1472 Poeta:
590 1442 637 1472 Et
661 1446 836 1475 monstrare
849 1447 945 1485 artes,
969 1449 1000 1477 et

294 1487 387 1520 uerba
401 1489 588 1531 refringere]
616 1491 716 1524 Verba
735 1493 924 1534 refringere,
945 1495 1001 1528 hic

295 1543 365 1578 est,
380 1539 469 1580 quod
486 1541 616 1572 Seneca
631 1543 848 1575 Controvers.
861 1554 887 1577 1.
903 1545 1000 1586 dicit,

295 1591 305 1606 ⁴
320 1597 438 1621 vocem
459 1593 681 1624 extenuarez’
711 1595 721 1612 ‘
734 1594 928 1635 Capillum,'
949 1596 999 1628 in-

295 1639 386 1680 quit,
420 1640 432 1657 ⁴
454 1639 624 1682 frangere,
664 1646 701 1674 et
736 1643 779 1674 ad
817 1645 999 1677 muliebres

299 1688 483 1722 blanditias
502 1701 620 1723 vocem
637 1697 838 1734 extenuare,
853 1695 998 1728 mollicie

296 1741 450 1782 corporis
465 1746 601 1774 certare
614 1752 690 1774 cum
710 1742 867 1785 foeminis,
884 1751 920 1777 et
938 1746 999 1777 im-

297 1791 525 1823 mundissimis
559 1802 597 1824 se
628 1794 785 1827 excolere
812 1796 999 1837 munditiis,

295 1847 492 1875 nostrorum
531 1844 799 1878 adolescentium
824 1849 998 1889 specimen

296 1893 376 1926 est?
398 1895 531 1928 Gevart.

340 1946 404 1976 13⁰
428 1945 578 1986 Pectora]
603 1946 761 1979 Fasciam
790 1949 999 1988 pectoralem

296 1994 474 2036 intelligit,
490 2006 591 2037 quam
615 1998 710 2038 pueri
727 1999 909 2039 gestabant
925 2000 1002 2031 viri-

296 2045 375 2078 dem
393 2047 605 2088 plerumque.
649 2048 823 2081 Juvenalis
840 2060 913 2082 eam
928 2051 1000 2082 tho-

294 2093 410 2129 racem
436 2098 608 2138 appellat:
632 2107 710 2130 nam
735 2100 855 2132 thorax
878 2101 1001 2134 Graece

296 2146 470 2188 significat
500 2152 646 2188 pectus:
668 2149 830 2182 ‘viridem
860 2151 1002 2183 thoraca

292 2196 432 2238 jubebit
450 2195 598 2230 Afferri:
642 2199 797 2240 Caligula
821 2206 946 2242 tamen,
963 2207 1002 2235 ut

296 2247 418 2279 scribit
432 2248 663 2289 Tranquillus,
678 2249 795 2282 liberis
807 2257 1001 2284 senatorum

298 2300 336 2328 et
358 2297 518 2328 uxoribus
541 2297 640 2329 dedit
668 2298 793 2332 fascias
817 2312 1000 2343 purpuras:

296 2345 351 2377 ita
373 2346 461 2377 enim
489 2347 745 2380 emendavimus
765 2350 949 2384 dictionem
967 2363 1001 2385 a·

297 2394 368 2435 pud
384 2395 621 2437 Tranquillum
644 2397 879 2442 depravatam,
892 2401 1001 2435 fasces

298 2454 362 2485 pro
389 2444 534 2485 fascias;
568 2451 607 2478 ut
629 2446 663 2478 in
690 2452 942 2484 commentariis
967 2453 1000 2484 in

298 2496 498 2526 Suetonium
515 2496 673 2529 diximus.
697 2498 873 2533 Domitius.

300 2563 301 2567 =
343 2547 405 2576 132
428 2546 525 2577 Modo
553 2547 682 2587 puniceo
716 2550 836 2582 velabat
871 2552 1001 2594 amictu]

298 2595 387 2627 Sunt
403 2595 461 2635 qui
485 2595 600 2628 dicant
614 2597 735 2629 herbas
752 2599 807 2631 hic
821 2599 927 2633 fuisse
943 2603 1001 2634 de·

300 2644 412 2685 pictas
436 2645 469 2675 in
501 2649 603 2686 toga3
636 2647 695 2679 sed
721 2650 831 2682 verius
855 2652 1000 2685 Statium

299 2693 441 2724 viridem
458 2695 604 2726 colorem
629 2698 820 2739 designare,
836 2701 894 2742 qui
921 2703 1002 2734 alias

300 2745 310 2762 ⁴
329 2743 513 2775 herbidus'
537 2744 606 2777 dici
632 2747 734 2780 solet.
778 2749 833 2782 Ita
856 2752 1006 2784 Suri-en·-

300 2794 372 2828 tino
396 2794 510 2836 Pollii,
531 2794 574 2826 de
601 2796 699 2831 viridi
727 2798 1001 2836 Lacedaemonio-

750 240 894 272 NO'rAE
929 241 1193 274 VARIORUM
1225 240 1277 275 IN
1310 251 1313 259 ¹

1046 346 1121 369 rum
1162 347 1353 371 marmore:
1390 339 1484 372 ‘Hic
1512 343 1550 372 et
1579 339 1746 383 Amyclaei

1046 397 1171 420 caesum
1187 388 1228 420 de
1238 394 1353 421 monte
1364 390 1511 432 Lycurgi
1525 389 1626 424 Quod
1643 391 1748 431 viret,

1046 442 1081 470 et
1108 439 1227 470 molles
1252 439 1406 472 imitatur
1432 440 1574 482 rupibus
1601 441 1750 477 hornast

1049 487 1180 520 Get-art.
1678 499 1693 503 ··

1090 540 1152 569 134
1168 539 1205 570 Ν
1205 549 1262 571 unc
1273 539 1352 572 vivis
1359 540 1478 580 digitos
1486 541 1650 575 incendere
1659 548 1750 584 m·

1046 588 1120 629 mis]
1144 589 1196 620 Ex
1220 599 1261 621 eo
1286 590 1451 623 videlicet
1466 600 1674 631 gemmarum
1690 602 1748 635 ge-

1047 647 1141 679 nere,
1155 637 1197 670 ὧν
1218 639 1386 681 ἀκραιφνὴς
1399 641 1434 672 ἐκ
1454 640 1567 678 βάθους
1584 641 1687 684 &perh
1697 650 1748 676 *ts*

1047 688 1109 729 ὥρα
1117 688 1314 730 πυρσεύεται,
1329 697 1367 723 ut
1382 691 1425 722 de
1440 690 1576 733 fulgore
1591 698 1628 724 et
1645 693 1747 735 igneo

1047 739 1164 779 vigore
1179 739 1359 781 Amethysi
1384 741 1600 783 AEthiopissae
1627 742 1748 776 scribit

1047 789 1252 821 Heliodorus
1292 790 1476 823 Αἰθιοπικῶν
1503 791 1565 826 lib.
1589 801 1626 825 v.
1649 792 1749 826 ’λΒον

1047 839 1121 882 ὅρᾷν
1134 839 1265 882 πάρεστι
1278 842 1320 883 τῇ
1331 841 1430 884 φλογὶ
1443 842 1652 884 λαμπόμενον.
1676 845 1750 877 ”o-

1045 892 1114 923 rell.
1152 897 1165 910 ·
1204 898 1207 901 “
1674 902 1692 915 ·*

1090 943 1152 973 142
1169 941 1285 974 Editus
1299 942 1433 984 Creusa]
1447 943 1497 976 Ut
1509 943 1566 976 alii
1580 943 1750 986 scribunt,

1047 991 1179 1024 Glauce
1206 993 1361 1025 Glaucen
1381 995 1540 1027 Creontis
1569 995 1748 1036 regio-co·

1047 1042 1247 1075 rinthiorum
1270 1043 1372 1076 filiam
1387 1045 1494 1078 Jason
1508 1055 1647 1079 uxorem
1661 1046 1748 1078 dux·

1047 1093 1086 1130 it,
1112 1093 1225 1134 ejecta
1249 1094 1396 1136 Medea3
1429 1105 1506 1127 cum
1529 1096 1600 1129 illic
1626 1095 1747 1130 decem

1048 1152 1153 1175 annos
1188 1143 1314 1181 fuerat,
1339 1149 1380 1177 ut
1414 1145 1535 1178 scribit
1561 1145 1747 1178 Diodorus.

1046 1193 1116 1225 Sed
1142 1194 1200 1226 illa
1229 1195 1301 1226 ulta
1324 1201 1378 1228 est
1406 1196 1577 1238 injuriam,
1598 1195 1748 1228 immisso

1048 1243 1206 1276 incendio
1227 1245 1410 1286 naphthae:
1433 1246 1524 1288 quod
1540 1250 1595 1278 est
1609 1245 1749 1278 bitumi-

1049 1293 1100 1325 nis
1118 1303 1237 1334 genua,
1252 1299 1291 1326 ut
1307 1295 1409 1327 etiam
1430 1295 1551 1327 scribit
1566 1295 1697 1327 Plinius
1713 1295 1747 1326 in

1049 1343 1199 1375 secundo
1215 1345 1388 1376 Naturalis
1404 1345 1581 1378 Historioe.
1622 1345 1746 1386 AEotia]

1049 1393 1104 1426 Ab
1122 1395 1216 1426 AEolo
1240 1396 1385 1427 oriunda
1403 1407 1411 1428 :
1443 1395 1646 1428 fuit-autem
1658 1395 1748 1428 Cre-

1049 1444 1151 1476 ontis.
1198 1445 1332 1486 Creusa]
1355 1446 1462 1479 Qunam
1486 1446 1643 1487 pellicem
1654 1455 1748 1478 suam

1050 1494 1226 1535 praecipue
1238 1495 1368 1527 oderat.
1390 1496 1563 1528 Domitius.

1094 1547 1154 1577 147
1183 1545 1308 1576 Crinem
1334 1548 1415 1578 tenet
1443 1547 1546 1585 infera
1568 1546 1671 1588 Juuo]
1694 1546 1748 1579 Ex

1050 1595 1296 1636 superstitione
1311 1600 1480 1637 veterum,
1491 1597 1548 1638 qui
1557 1597 1749 1629 credebant

1049 1645 1218 1676 neminem
1234 1644 1320 1677 mori
1336 1655 1436 1686 posse
1459 1646 1522 1678 nisi
1541 1647 1749 1689 Proserpina

1049 1695 1143 1736 prius
1167 1695 1213 1726 illi
1230 1695 1357 1727 crinem
1379 1705 1422 1727 ex
1445 1696 1576 1728 vertice
1590 1696 1749 1729 abstolis·

1048 1749 1114 1777 set.
1156 1744 1245 1777 Vide
1267 1744 1447 1786 Virgilium
1476 1746 1552 1778 AEn.
1575 1755 1629 1780 tv.
1666 1747 1749 1780 Ber-

1046 1798 1132 1827 nart.
1315 1812 1321 1817 =
1704 1802 1706 1804 '

1091 1849 1153 1878 154
1171 1846 1308 1878 Gratum
1318 1847 1448 1886 estsata
1456 1849 1570 1888 ema,
1583 1846 1653 1890 qa]
1668 1849 1748 1881 Non

1048 1896 1160 1937 potuit
1175 1896 1247 1928 haec
1265 1897 1370 1928 verba
1392 1906 1606 1939 concoquere
1627 1898 1662 1929 in
1678 1899 1748 1930 suis

1049 1946 1282 1988 Apophoretis
1306 1948 1358 1979 vir
1378 1943 1516 1988 doctus,
1540 1952 1577 1980 et
1602 1949 1747 1989 ingenue

1048 1996 1181 2029 fatetur
1196 1998 1355 2038 ignorare
1370 2007 1420 2038 se,
1433 1998 1673 2040 quid'illasoetu
1683 1999 1749 2031 sibi

1049 2049 1169 2086 velint,
1192 2048 1272 2081 dum
1296 2049 1408 2081 Poeta
1431 2049 1503 2081 aitt
1543 2050 1682 2082 ,Gratum
1702 2052 1751 2083 eat

1041 2100 1117 2140 suta
1130 2103 1245 2131 tamen.
1289 2100 1388 2133 Quod
1419 2100 1446 2132 si
1473 2105 1599 2140 tamen,
1626 2100 1751 2143 iuquit,

1050 2149 1122 2181 fata
1135 2150 1261 2181 homini
1277 2154 1410 2181 mutare
1425 2150 1541 2190 liceat,
1554 2151 1750 2192 suspicatur

1050 2199 1255 2240 legendum:
1282 2199 1418 2231 Gratum
1439 2203 1487 2231 est
1507 2201 1654 2240 solamen,
1670 2201 1748 2232 vel:

1052 2250 1190 2281 Gratum
1209 2248 1352 2287 estsorte
1366 2252 1478 2281 tamen.
1522 2250 1602 2291 Sed,
1616 2255 1655 2282 ut
1663 2251 1748 2283 sub·

1041 2299 1173 2341 jungit,
1189 2297 1261 2330 fata
1287 2307 1425 2330 movere
1444 2299 1544 2330 nimis
1567 2309 1748 2341 operosum

1050 2354 1116 2383 est.
1160 2350 1205 2381 Et
1220 2353 1315 2380 certe
1335 2357 1379 2380 ex
1404 2349 1468 2380 hoc
1485 2349 1557 2381 loco
1581 2351 1750 2383 movenda

1050 2409 1117 2431 non
1141 2404 1231 2431 sunt.
1274 2399 1390 2430 Solum
1421 2399 1510 2430 enim
1536 2398 1748 2433 Adverbium

1050 2449 1209 2489 vocandi,
1221 2459 1251 2488 ο,
1263 2448 1352 2490 quod
1370 2449 1477 2482 virum
1492 2449 1631 2482 doctum
1645 2449 1751 2483 'fefel-

1050 2498 1380 2540 lit,subaudiendum
1390 2503 1456 2531 est.
1475 2498 1669 2542 Alloquitur
1681 2501 1748 2534 Po·

1050 2549 1108 2581 eta
1122 2549 1196 2590 ipsa
1209 2549 1353 2590 Fata,et
1363 2549 1493 2591 inquit:
1518 2549 1549 2581 Ο
1564 2551 1661 2587 Fata,
1673 2561 1749 2591 gra-

1050 2605 1122 2631 tum
1150 2603 1216 2637 est,
1240 2598 1330 2639 quod
1358 2601 1517 2638 non,&c.
1562 2601 1617 2631 Sic
1645 2601 1746 2633 alibi=

1051 2650 1061 2668 ‘
1073 2649 1104 2682 Ο
1121 2647 1213 2680 fatal
1235 2648 1309 2689 quis
1334 2655 1430 2679 error
1443 2648 1593 2689 Imperat
1604 2648 1629 2680 ?’
1650 2650 1747 2682 Sum*

1048 2709 1103 2732 ma
1118 2708 1198 2732 cura
1209 2702 1283 2730 erat
1297 2698 1458 2729 Romanis
1472 2699 1550 2730 olim
1567 2703 1603 2730 et
1615 2699 1749 2732 Graecia

1049 2755 1089 2782 ut
1103 2749 1198 2782 vultu
1212 2758 1252 2781 ac
1267 2747 1426 2780 membris
1446 2747 1602 2780 omnibns
1622 2749 1749 2783 decens

1049 2807 1103 2834 ter
1129 2803 1247 2833 essent
1276 2798 1455 2841 compositi
1474 2802 1511 2831 et
1531 2798 1747 2841 oruati‚<dum
