1846 3120
303 203 414 246 1424
798 213 837 242 P.
873 212 1063 243 ΡΑΡιΝιι
1096 212 1262 244 s'm'ru

302 310 406 354 Non
428 310 558 351 venit.
618 308 709 349 His
729 306 911 362 paulum
930 308 1049 351 furor
1067 309 1378 363 elanguescere
1396 310 1529 354 dictis

302 379 530 432 Coeperat,
551 376 819 429 obstreperet
838 387 1092 430 quanquam
1110 378 1239 430 atque
1259 376 1454 420 obstaret
1473 377 1675 434 Erinnys.

300 445 332 487 J
336 458 407 487 am
425 443 666 486 summissa
684 455 860 494 manus,
879 443 997 485 lente
1012 443 1108 498 Jam
1128 443 1269 486 flectit
1288 445 1501 496 habenas,

302 509 332 554 J
336 524 406 553 am
427 513 573 552 tacet:
605 514 838 565 erumpunt
858 511 1061 564 gemituS,
1080 511 1387 566 lacrymasque
1404 512 1568 557 fatetur
1670 511 1777 569 &57

304 578 484 621 Cassis:
514 577 674 619 hebent
693 577 795 621 irae:
826 578 1076 633 pariterque
1095 582 1140 620 et
1158 578 1279 620 abire
1297 583 1551 632 nocentem,
1774 570 1777 574 ⁴

303 646 362 688 Et
379 645 551 687 venisse
571 644 730 699 pudet3
762 645 910 686 subito
931 657 1032 686 cum
1050 648 1189 687 matre
1208 645 1389 700 repulsa

304 711 518 754 Eumenis
536 711 669 766 ejecit
682 711 837 754 fractis
858 711 1069 754 Eteoclea
1089 712 1235 766 portis

303 779 596 828 Clamantem,
611 778 774 829 Venio,
794 779 1042 833 solumque,
1064 778 1182 833 quod
1202 783 1306 821 ante
1325 781 1512 832 vocasti,

304 846 516 888 Invideo:
544 859 598 887 ne
618 848 791 888 incesse
808 858 972 897 morem,
997 847 1144 900 gravis
1165 859 1288 889 arma
1306 848 1486 890 tenebat
1672 845 1760 893 890

306 913 477 955 Mater:
507 909 551 954 io
571 913 730 966 patria,
747 926 775 955 o
794 926 941 967 regum
962 915 1251 957 incertissima
1269 914 1416 966 tellus,

306 980 441 1022 Nunc
459 984 580 1022 certe
600 979 783 1022 victoris
804 981 906 1022 eris.
970 980 1069 1022 Nec
1088 981 1236 1024 mitior
1253 981 1343 1032 ille,

304 1047 522 1097 Tandem,
543 1046 702 1099 inquit,
720 1048 825 1099 scis,
840 1060 976 1098 saeve,
991 1047 1122 1090 fidem
1132 1048 1152 1089 'i
1181 1053 1226 1091 et
1241 1048 1474 1094 descendis
1487 1050 1534 1094 in
1549 1061 1726 1106 aequum
1736 1051 1757 1092 ’ἱ

306 1114 347 1155 Ο
370 1114 475 1155 mihi
495 1126 611 1154 nunc
627 1114 814 1167 primum
833 1115 966 1168 longo
988 1118 1094 1169 post
1112 1118 1309 1169 tempore
1326 1115 1474 1168 frater,

306 1181 607 1235 Congredere:
637 1180 707 1223 hae
728 1181 861 1235 leges,
880 1182 978 1225 haec
995 1181 1285 1229 foederavsola
1309 1187 1559 1238 supersunt.
1672 1183 1760 1230 395

305 1249 383 1291 Sic
403 1248 561 1290 hostile
580 1252 710 1290 tuens
729 1248 928 1291 fratrem:
965 1262 1155 1303 namque
1176 1250 1317 1292 uritur
1337 1251 1430 1293 alto
1471 1242 1476 1247 ’
1497 1276 1499 1280 -
1646 1248 1649 1250 ’
1729 1258 1739 1269 '

305 1315 467 1367 Corde,
488 1315 608 1369 quod
626 1316 836 1357 innumeri
856 1316 1061 1367 comites,
1082 1315 1202 1370 quod
1223 1317 1343 1371 regia
1363 1318 1521 1370 cassis,

304 1444 366 1466 non
381 1434 477 1465 venit.
519 1434 663 1474 Coeperat
677 1434 803 1475 paulum
816 1434 918 1465 rabies
931 1433 1088 1465 hebescere
1103 1433 1153 1465 hie
1165 1433 1279 1474 verbis,
1294 1433 1432 1475 quamvis
1445 1434 1546 1467 Furio
1558 1436 1760 1476 obstreperet,

303 1481 335 1509 et
351 1477 526 1518 impediret.
560 1477 638 1508 Jam
650 1476 819 1508 summittit
831 1485 968 1515 manum,
979 1475 1051 1514 jam
1065 1477 1193 1515 segnius
1206 1477 1289 1517 reg-it
1302 1477 1435 1516 froenoe,
1447 1476 1519 1516 ,iam
1533 1477 1616 1510 efflet.
1651 1477 1760 1510 Genti-

303 1523 358 1552 tus
370 1530 439 1551 cum
453 1519 570 1561 impetu
583 1522 710 1559 exeunt,
724 1523 756 1551 et
774 1520 866 1559 galea
891 1521 999 1559 prodit
1017 1519 1128 1559 fletus.
1172 1519 1236 1550 Iroe
1256 1520 1470 1559 languescunt,
1489 1523 1522 1552 et
1539 1519 1594 1552 ille
1611 1519 1761 1552 erutae-'t

304 1563 465 1603 aequaliter
478 1563 621 1593 recedere
635 1565 668 1593 et
681 1565 801 1593 sontem
810 1561 930 1593 veniere
941 1572 951 1592 .·
964 1570 1032 1592 cum
1047 1564 1172 1602 repente
1184 1561 1296 1602 Furia,
1308 1561 1422 1601 reiecta
1437 1566 1549 1602 matre,
1562 1562 1654 1602 decit
1666 1563 1760 1595 Eteo-

304 1606 382 1637 clem
394 1605 554 1646 perruptis
567 1604 666 1645 portis
679 1605 897 1643 vociferantem
906 1615 917 1635 .·
930 1603 1062 1643 Adsum,
1074 1607 1104 1635 et
1114 1603 1236 1635 invideo
1246 1604 1355 1644 colum,
1367 1605 1447 1645 quod
1460 1614 1509 1636 me
1519 1605 1638 1646 prim
1651 1614 1762 1647 pnn-

304 1648 397 1679 caeti.
422 1648 473 1679 Ne
486 1647 637 1689 exprobra
651 1647 888 1685 cunctationem,
901 1647 1029 1677 molesta
1042 1655 1154 1687 parens
1168 1646 1323 1679 retinebat
1335 1656 1433 1679 arma.
1463 1647 1502 1678 Io
1514 1648 1632 1688 μηνίει,
1645 1658 1663 1679 o
1675 1651 1762 1679 terra

305 1691 426 1722 incerta
441 1690 530 1730 cujus
543 1690 588 1721 sis
600 1690 697 1729 regis,
709 1699 791 1721 nunc
803 1692 887 1720 certe
901 1689 987 1720 illiue
1000 1689 1074 1729 eris,
1086 1689 1141 1729 qui
1155 1689 1278 1728 vicerit.
1324 1690 1391 1721 Nec
1403 1689 1505 1722 lenius
1517 1690 1570 1722 ille
1586 1689 1760 1732 Polynicen,

308 1734 456 1772 Tandem,
470 1733 529 1773 ait,
542 1732 684 1772 agnoscis
690 1732 804 1774 fidem,
815 1731 954 1773 perfide?
976 1734 1008 1762 et
1021 1731 1057 1763 in
1070 1741 1192 1772 oequum
1205 1732 1312 1763 venis?
1349 1732 1380 1763 0
1394 1741 1476 1764 nuuc
1487 1732 1624 1774 primum
1633 1741 1763 1773 mgn-

305 1776 378 1807 dere
390 1785 519 1815 mecum,
544 1784 705 1815 germane,
721 1775 811 1814 longo
822 1778 892 1815 poet
908 1777 1043 1815 temporo
1053 1784 1064 1805 .·
1085 1774 1151 1805 hoec
1163 1778 1269 1815 pacta,
1285 1774 1351 1806 hoec
1363 1776 1428 1806 eolo
1435 1775 1514 1814 jura
1530 1778 1664 1807 restant.
1705 1773 1764 1806 Sic

306 1818 470 1860 respiciens
484 1821 570 1849 torve
584 1817 743 1856 fratrem:
766 1826 897 1858 namque
908 1817 999 1848 ardet
1012 1817 1046 1847 in
1060 1817 1217 1857 profundo
1231 1817 1347 1858 animo,
1369 1817 1448 1858 quod
1461 1817 1616 1849 innumeri
1635 1817 1762 1849 comitet

913 1910 993 1923 0500
997 1910 1155 1923 OmO‘N

307 1977 405 2009 Unus
420 1976 541 2008 Bebot.
548 1975 644 2014 furor
657 1976 822 2017 liquescere
836 1975 1048 2009 dictis.—391
1073 1977 1182 2008 Mater
1195 1980 1226 2008 et
1240 1986 1258 2007 o
1275 1976 1396 2017 patria,
1414 1986 1432 2008 ο
1446 1975 1539 2016 regni
1554 1974 1762 2007 incertissima

307 2020 446 2051 Behott.
462 2022 492 2050 1.
503 2022 535 2051 2.
551 2019 692 2050 Veneta.
709 2021 741 2050 3.
752 2021 784 2050 4.
794 2019 894 2050 Rom.
913 2018 1017 2051 Aldd.
1034 2019 1144 2052 Colin.
1159 2019 1292 2060 Gryph.
1310 2019 1414 2050 Basil.
1430 2018 1546 2050 Plant.
1562 2023 1597 2049 et
1615 2017 1761 2050 Gevart.

307 2062 417 2093 Mater
438 2065 469 2092 et
495 2072 512 2092 ο
532 2061 651 2102 patria,
665 2071 682 2092 ο
697 2071 806 2101 regum
820 2061 1029 2093 incertissima
1046 2063 1133 2093 Dan.
1150 2062 1233 2093 Put.
1250 2062 1371 2093 Petav.
1385 2061 1495 2101 Lang.
1512 2061 1614 2092 Laut.
1629 2059 1763 2092 Buslid.

308 2104 463 2146 Lipsian.
484 2104 606 2135 Behot.
623 2107 653 2136 l.
670 2113 731 2145 pro
747 2113 779 2136 ν.
791 2103 813 2135 l.
830 2103 1062 2145 Lindenbrog.
1087 2109 1123 2136 et
1149 2105 1250 2137 Cruc.
1274 2104 1397 2136 Mater.-
1420 2103 1451 2135 io
1474 2103 1592 2143 patria.
1615 2112 1633 2134 o
1653 2111 1764 2142 regum

307 2146 516 2178 incertissima
545 2146 683 2186 optimae
714 2146 847 2177 Barthii
874 2146 1094 2185 membranae,
1121 2147 1272 2179 Gronov.
1298 2146 1420 2178 Barth.
1446 2146 1556 2177 Veen.
1581 2149 1617 2177 et
1635 2144 1762 2186 Delph.
1816 2146 1823 2154 ⁸

307 2190 398 2223 Vide
416 2189 499 2222 Not.
518 2189 709 2221 Van—893
732 2188 814 2220 Put.
831 2189 864 2220 in
879 2192 1119 2231 ‹equam—395
1143 2189 1240 2222 Unus
1257 2189 1382 2221 Behot.
1396 2188 1445 2220 1·oe
1467 2188 1552 2229 leges
1571 2190 1600 2219 et
1614 2187 1736 2226 saedere
1751 2197 1765 2224 ,·

352 2347 414 2377 391
440 2345 477 2376 Io
490 2344 607 2386 patria,
621 2355 639 2375 o
654 2353 765 2384 regum
781 2344 1007 2385 incertissima]
1063 2355 1120 2377 sus
1137 2344 1301 2377 insititius
1313 2343 1451 2375 videtur
1465 2342 1616 2382 Guyeto.

308 2395 350 2426 Id
368 2399 434 2434 est,
449 2395 578 2426 nulium
590 2399 721 2426 certum
737 2404 852 2436 regem
867 2395 1006 2426 habens.
1103 2398 1167 2427 396
1189 2395 1245 2427 Sic
1257 2395 1366 2425 hostile
1382 2392 1488 2434 tuens]
1510 2393 1603 2427 Quid
1619 2392 1695 2426 istis
1710 2391 1761 2424 in-

309 2446 393 2486 Snp.
410 2446 468 2477 lib.
503 2447 513 2462 ‘
530 2445 674 2476 Fulmen
703 2445 734 2476 io
757 2446 814 2477 ubi
838 2445 968 2477 fulmen
982 2443 1006 2476 ?'
1061 2445 1190 2486 epfius,
1212 2444 1261 2476 ait
1290 2443 1461 2485 Guyetus,
1485 2446 1522 2475 et
1546 2442 1760 2484 intempesti-

309 2496 413 2528 Hnnc
430 2506 564 2527 versum
580 2495 675 2527 delet
691 2496 864 2538 Guyetus.
1061 2505 1139 2527 vum
1165 2494 1296 2536 magis?
1339 2492 1465 2534 Ἐπέχω
1492 2497 1630 2532 tamen3
1661 2501 1761 2533 narn,

351 2549 414 2578 393
438 2546 658 2578 Descendisin
672 2547 809 2588 oequum]
839 2547 947 2580 Jocus
963 2556 1006 2578 ex
1060 2545 1172 2587 pergit
1195 2545 1266 2586 ille,
1290 2548 1366 2576 toto
1388 2544 1452 2576 hoc
1483 2543 1569 2575 libro
1595 2541 1759 2574 dormitat

307 2596 439 2638 duplici
467 2595 719 2637 significatione
746 2596 850 2636 vocis,
874 2606 1008 2638 «equum,
1061 2594 1239 2637 Papinius.
1295 2594 1374 2625 Non
1403 2593 1438 2624 id
1467 2597 1583 2625 tamen
1609 2592 1760 2624 lectores

308 2656 384 2688 quae
403 2655 464 2687 pro
480 2656 600 2687 campo
616 2646 727 2688 accipi
743 2651 873 2689 potest,
894 2652 930 2678 et
946 2657 1007 2689 pro
1055 2645 1275 2687 judicabunt.

303 2698 382 2738 jure
398 2705 456 2727 seu
473 2697 650 2737 aequitate.
1105 2697 1167 2728 397
1191 2693 1298 2735 Regia
1318 2691 1432 2734 cassio]
1455 2692 1540 2726 Cum
1555 2689 1760 2724 diademate.

351 2749 415 2779 394
440 2748 471 2778 0
488 2747 567 2779 mihi
579 2757 660 2779 nunc
671 2746 823 2790 primum]
847 2747 917 2781 Hic
934 2757 1008 2780 ver-
