<?xml version="1.0" encoding="UTF-8"?>
<!DOCTYPE html PUBLIC "-//W3C//DTD XHTML 1.0 Transitional//EN"
    "http://www.w3.org/TR/xhtml1/DTD/xhtml1-transitional.dtd">
<html xmlns="http://www.w3.org/1999/xhtml" xml:lang="en" lang="en">
 <head>
  <title>
</title>
<meta http-equiv="Content-Type" content="text/html;charset=utf-8" />
  <meta name='ocr-system' content='tesseract 3.04.00' />
  <meta name='ocr-capabilities' content='ocr_page ocr_carea ocr_par ocr_line ocrx_word'/>
</head>
<body>
  <div class='ocr_page' id='page_1' title='image "./operaomniaexedit03statuoft_0474.png"; bbox 0 0 1846 3120; ppageno 0'>
   <div class='ocr_carea' id='block_1_1' title="bbox 287 249 399 293">
    <p class='ocr_par' dir='ltr' id='par_1_1' title="bbox 287 249 399 293">
     <span class='ocr_line' id='line_1_1' title="bbox 287 249 399 293; baseline 0 -2"><span class='ocrx_word' id='word_1_1' title='bbox 287 249 399 293; x_wconf 75' lang='lat'>1574</span> 
     </span>
    </p>
   </div>
   <div class='ocr_carea' id='block_1_2' title="bbox 285 352 1739 1212">
    <p class='ocr_par' dir='ltr' id='par_1_2' title="bbox 286 352 1739 1011">
     <span class='ocr_line' id='line_1_2' title="bbox 289 352 1340 408; baseline -0.002 -12"><span class='ocrx_word' id='word_1_2' title='bbox 289 355 523 397; x_wconf 86' lang='lat' dir='ltr'>Deidamia</span> <span class='ocrx_word' id='word_1_3' title='bbox 546 364 655 404; x_wconf 80' lang='lat' dir='ltr'><strong>suae,</strong></span> <span class='ocrx_word' id='word_1_4' title='bbox 675 355 931 407; x_wconf 87' lang='lat' dir='ltr'><strong>tantumque</strong></span> <span class='ocrx_word' id='word_1_5' title='bbox 953 352 1130 395; x_wconf 89' lang='lat' dir='ltr'><strong>admota</strong></span> <span class='ocrx_word' id='word_1_6' title='bbox 1150 354 1340 408; x_wconf 89' lang='lat' dir='ltr'><strong>superbo</strong></span> 
     </span>
     <span class='ocr_line' id='line_1_3' title="bbox 287 419 1454 474; baseline -0.003 -10"><span class='ocrx_word' id='word_1_7' title='bbox 287 421 495 464; x_wconf 86' lang='lat' dir='ltr'>Vincitur</span> <span class='ocrx_word' id='word_1_8' title='bbox 514 420 716 470; x_wconf 86' lang='lat' dir='ltr'><strong>AEacide,</strong></span> <span class='ocrx_word' id='word_1_9' title='bbox 738 423 946 474; x_wconf 84' lang='lat' dir='ltr'><strong>quantum</strong></span> <span class='ocrx_word' id='word_1_10' title='bbox 965 419 1128 473; x_wconf 83' lang='lat' dir='ltr'><strong>premit</strong></span> <span class='ocrx_word' id='word_1_11' title='bbox 1153 420 1253 474; x_wconf 86' lang='lat' dir='ltr'><strong>ipsa</strong></span> <span class='ocrx_word' id='word_1_12' title='bbox 1271 432 1454 462; x_wconf 87' lang='lat' dir='ltr'><strong>sorores.</strong></span> 
     </span>
     <span class='ocr_line' id='line_1_4' title="bbox 288 487 1214 538; baseline -0.002 -7"><span class='ocrx_word' id='word_1_13' title='bbox 288 489 351 531; x_wconf 84' lang='lat' dir='ltr'><strong>Ut</strong></span> <span class='ocrx_word' id='word_1_14' title='bbox 368 502 475 532; x_wconf 86' lang='lat' dir='ltr'><strong>vero</strong></span> <span class='ocrx_word' id='word_1_15' title='bbox 495 502 521 531; x_wconf 88' lang='lat' dir='ltr'><strong>a</strong></span> <span class='ocrx_word' id='word_1_16' title='bbox 543 489 665 530; x_wconf 87' lang='lat' dir='ltr'><strong>tereti</strong></span> <span class='ocrx_word' id='word_1_17' title='bbox 683 488 863 530; x_wconf 85' lang='lat' dir='ltr'><strong>demisit</strong></span> <span class='ocrx_word' id='word_1_18' title='bbox 883 487 1064 529; x_wconf 84' lang='lat' dir='ltr'>nebrida</span> <span class='ocrx_word' id='word_1_19' title='bbox 1084 487 1214 538; x_wconf 91' lang='lat' dir='ltr'><strong>collo,</strong></span> 
     </span>
     <span class='ocr_line' id='line_1_5' title="bbox 287 553 1302 609; baseline 0 -13"><span class='ocrx_word' id='word_1_20' title='bbox 287 553 585 609; x_wconf 83' lang='lat' dir='ltr'><strong>Errantesque</strong></span> <span class='ocrx_word' id='word_1_21' title='bbox 608 555 733 596; x_wconf 85' lang='lat' dir='ltr'><strong>sinus</strong></span> <span class='ocrx_word' id='word_1_22' title='bbox 751 554 913 596; x_wconf 79' lang='lat' dir='ltr'><strong>hedera</strong></span> <span class='ocrx_word' id='word_1_23' title='bbox 934 554 1129 607; x_wconf 84' lang='lat' dir='ltr'><strong>collegit,</strong></span> <span class='ocrx_word' id='word_1_24' title='bbox 1151 558 1194 596; x_wconf 91' lang='lat' dir='ltr'><strong>et</strong></span> <span class='ocrx_word' id='word_1_25' title='bbox 1214 554 1302 596; x_wconf 85' lang='lat' dir='ltr'><strong>alte</strong></span> 
     </span>
     <span class='ocr_line' id='line_1_6' title="bbox 287 621 1299 676; baseline -0.001 -13"><span class='ocrx_word' id='word_1_26' title='bbox 287 621 442 664; x_wconf 87' lang='lat' dir='ltr'><strong>Cinxit</strong></span> <span class='ocrx_word' id='word_1_27' title='bbox 461 622 693 676; x_wconf 85' lang='lat' dir='ltr'><strong>purpureis</strong></span> <span class='ocrx_word' id='word_1_28' title='bbox 712 622 918 664; x_wconf 85' lang='lat' dir='ltr'><strong>flaventia</strong></span> <span class='ocrx_word' id='word_1_29' title='bbox 936 626 1142 675; x_wconf 86' lang='lat' dir='ltr'><strong>tempora</strong></span> <span class='ocrx_word' id='word_1_30' title='bbox 1162 621 1299 671; x_wconf 88' lang='lat' dir='ltr'><strong>vittis,</strong></span> 
     </span>
     <span class='ocr_line' id='line_1_7' title="bbox 287 688 1378 743; baseline 0 -13"><span class='ocrx_word' id='word_1_31' title='bbox 287 688 580 743; x_wconf 88' lang='lat' dir='ltr'><strong>Vibravitque</strong></span> <span class='ocrx_word' id='word_1_32' title='bbox 601 690 722 743; x_wconf 90' lang='lat' dir='ltr'><strong>gravi</strong></span> <span class='ocrx_word' id='word_1_33' title='bbox 743 688 988 730; x_wconf 89' lang='lat' dir='ltr'><strong>redimitum</strong></span> <span class='ocrx_word' id='word_1_34' title='bbox 1008 688 1180 729; x_wconf 87' lang='lat' dir='ltr'><strong>missile</strong></span> <span class='ocrx_word' id='word_1_35' title='bbox 1199 688 1378 740; x_wconf 81' lang='lat' dir='ltr'><strong>dextra3</strong></span> 
     </span>
     <span class='ocr_line' id='line_1_8' title="bbox 287 755 1340 808; baseline -0.003 -9"><span class='ocrx_word' id='word_1_36' title='bbox 287 756 486 800; x_wconf 88' lang='lat' dir='ltr'><strong>Attonito</strong></span> <span class='ocrx_word' id='word_1_37' title='bbox 509 759 598 798; x_wconf 86' lang='lat' dir='ltr'><strong>stat</strong></span> <span class='ocrx_word' id='word_1_38' title='bbox 617 756 748 798; x_wconf 89' lang='lat' dir='ltr'><strong>turba</strong></span> <span class='ocrx_word' id='word_1_39' title='bbox 768 758 898 805; x_wconf 90' lang='lat' dir='ltr'><strong>metu,</strong></span> <span class='ocrx_word' id='word_1_40' title='bbox 918 755 1150 808; x_wconf 83' lang='lat' dir='ltr'><strong>sacrisque</strong></span> <span class='ocrx_word' id='word_1_41' title='bbox 1171 755 1340 797; x_wconf 87' lang='lat' dir='ltr'><strong>relictis</strong></span> 
     </span>
     <span class='ocr_line' id='line_1_9' title="bbox 287 822 1431 876; baseline -0.002 -12"><span class='ocrx_word' id='word_1_42' title='bbox 287 822 422 864; x_wconf 90' lang='lat' dir='ltr'><strong>Illum</strong></span> <span class='ocrx_word' id='word_1_43' title='bbox 443 823 608 865; x_wconf 86' lang='lat' dir='ltr'><strong>ambire</strong></span> <span class='ocrx_word' id='word_1_44' title='bbox 627 822 753 872; x_wconf 89' lang='lat' dir='ltr'><strong>libet,</strong></span> <span class='ocrx_word' id='word_1_45' title='bbox 769 834 1023 876; x_wconf 85' lang='lat' dir='ltr'><strong>pronosque</strong></span> <span class='ocrx_word' id='word_1_46' title='bbox 1045 822 1248 867; x_wconf 82' lang='lat' dir='ltr'><strong>attollere</strong></span> <span class='ocrx_word' id='word_1_47' title='bbox 1270 822 1431 864; x_wconf 89' lang='lat' dir='ltr'><strong>vultus.</strong></span> 
     </span>
     <span class='ocr_line' id='line_1_10' title="bbox 286 888 1739 944; baseline 0.003 -14"><span class='ocrx_word' id='word_1_48' title='bbox 286 889 426 940; x_wconf 90' lang='lat' dir='ltr'><strong>Talis,</strong></span> <span class='ocrx_word' id='word_1_49' title='bbox 447 891 528 930; x_wconf 93' lang='lat' dir='ltr'><strong>ubi</strong></span> <span class='ocrx_word' id='word_1_50' title='bbox 548 889 602 930; x_wconf 89' lang='lat' dir='ltr'><strong>ad</strong></span> <span class='ocrx_word' id='word_1_51' title='bbox 623 889 811 931; x_wconf 18' lang='lat' dir='ltr'><strong>Thebas*</strong></span> <span class='ocrx_word' id='word_1_52' title='bbox 826 889 1082 943; x_wconf 90' lang='lat' dir='ltr'><strong>vultumque</strong></span> <span class='ocrx_word' id='word_1_53' title='bbox 1102 890 1380 944; x_wconf 84' lang='lat' dir='ltr'><strong>animumque</strong></span> <span class='ocrx_word' id='word_1_54' title='bbox 1397 888 1569 933; x_wconf 81' lang='lat' dir='ltr'><strong>remisit</strong></span> <span class='ocrx_word' id='word_1_55' title='bbox 1613 904 1621 909; x_wconf 85' lang='grc'><em>·</em></span> <span class='ocrx_word' id='word_1_56' title='bbox 1652 888 1739 935; x_wconf 76' lang='grc'><strong>615</strong></span> 
     </span>
     <span class='ocr_line' id='line_1_11' title="bbox 286 956 1227 1011; baseline 0.001 -14"><span class='ocrx_word' id='word_1_57' title='bbox 286 956 444 1008; x_wconf 88' lang='lat' dir='ltr'><strong>Evius,</strong></span> <span class='ocrx_word' id='word_1_58' title='bbox 466 961 511 999; x_wconf 90' lang='lat' dir='ltr'><strong>et</strong></span> <span class='ocrx_word' id='word_1_59' title='bbox 529 957 670 1011; x_wconf 86' lang='lat' dir='ltr'><strong>patrio</strong></span> <span class='ocrx_word' id='word_1_60' title='bbox 691 957 871 998; x_wconf 86' lang='lat' dir='ltr'><strong>satiavit</strong></span> <span class='ocrx_word' id='word_1_61' title='bbox 891 960 1070 1011; x_wconf 81' lang='lat' dir='ltr'><strong>pectora</strong></span> <span class='ocrx_word' id='word_1_62' title='bbox 1088 957 1198 998; x_wconf 87' lang='lat' dir='ltr'><strong>luxu</strong></span> <span class='ocrx_word' id='word_1_63' title='bbox 1216 971 1227 1010; x_wconf 85' lang='lat'><em>3</em></span> 
     </span>
    </p>

    <p class='ocr_par' dir='ltr' id='par_1_3' title="bbox 285 1022 1552 1141">
     <span class='ocr_line' id='line_1_12' title="bbox 287 1022 1552 1078; baseline 0.004 -14"><span class='ocrx_word' id='word_1_64' title='bbox 287 1022 414 1065; x_wconf 87' lang='lat' dir='ltr'><strong>Serta</strong></span> <span class='ocrx_word' id='word_1_65' title='bbox 435 1023 590 1074; x_wconf 87' lang='lat' dir='ltr'><strong>comis,</strong></span> <span class='ocrx_word' id='word_1_66' title='bbox 610 1024 869 1078; x_wconf 87' lang='lat' dir='ltr'><strong>mitramque</strong></span> <span class='ocrx_word' id='word_1_67' title='bbox 886 1024 1019 1072; x_wconf 87' lang='lat' dir='ltr'><strong>levat,</strong></span> <span class='ocrx_word' id='word_1_68' title='bbox 1038 1023 1320 1078; x_wconf 72' lang='lat' dir='ltr'><strong>thyrsumque</strong></span> <span class='ocrx_word' id='word_1_69' title='bbox 1339 1023 1552 1069; x_wconf 80' lang='lat' dir='ltr'><strong>virentem</strong></span> 
     </span>
     <span class='ocr_line' id='line_1_13' title="bbox 285 1089 1232 1141; baseline 0.002 -10"><span class='ocrx_word' id='word_1_70' title='bbox 285 1089 458 1141; x_wconf 89' lang='lat' dir='ltr'><strong>Armat,</strong></span> <span class='ocrx_word' id='word_1_71' title='bbox 475 1093 517 1132; x_wconf 90' lang='lat' dir='ltr'><strong>et</strong></span> <span class='ocrx_word' id='word_1_72' title='bbox 535 1090 714 1132; x_wconf 86' lang='lat' dir='ltr'><strong>hostiles</strong></span> <span class='ocrx_word' id='word_1_73' title='bbox 733 1091 886 1133; x_wconf 90' lang='lat' dir='ltr'><strong>invisit</strong></span> <span class='ocrx_word' id='word_1_74' title='bbox 906 1091 1057 1139; x_wconf 88' lang='lat' dir='ltr'><strong>fortior</strong></span> <span class='ocrx_word' id='word_1_75' title='bbox 1077 1091 1232 1133; x_wconf 87' lang='lat' dir='ltr'><strong>Indos.</strong></span> 
     </span>
    </p>

    <p class='ocr_par' dir='ltr' id='par_1_4' title="bbox 287 1156 1164 1212">
     <span class='ocr_line' id='line_1_14' title="bbox 287 1156 1164 1212; baseline 0 -12"><span class='ocrx_word' id='word_1_76' title='bbox 287 1156 538 1200; x_wconf 83' lang='lat' dir='ltr'><strong>Scandebat</strong></span> <span class='ocrx_word' id='word_1_77' title='bbox 557 1170 686 1200; x_wconf 87' lang='lat' dir='ltr'><strong>roseo</strong></span> <span class='ocrx_word' id='word_1_78' title='bbox 707 1158 840 1199; x_wconf 90' lang='lat' dir='ltr'><strong>medii</strong></span> <span class='ocrx_word' id='word_1_79' title='bbox 859 1159 1039 1212; x_wconf 81' lang='lat' dir='ltr'><strong>fastigia</strong></span> <span class='ocrx_word' id='word_1_80' title='bbox 1059 1158 1164 1200; x_wconf 89' lang='lat' dir='ltr'><strong>coeli</strong></span> 
     </span>
    </p>
   </div>
   <div class='ocr_carea' id='block_1_3' title="bbox 784 257 1252 291">
    <p class='ocr_par' dir='ltr' id='par_1_5' title="bbox 784 257 1252 291">
     <span class='ocr_line' id='line_1_15' title="bbox 784 257 1252 291; baseline 0 -1"><span class='ocrx_word' id='word_1_81' title='bbox 784 260 825 290; x_wconf 83' lang='lat' dir='ltr'><strong>P.</strong></span> <span class='ocrx_word' id='word_1_82' title='bbox 857 257 1048 290; x_wconf 74' lang='lat' dir='ltr'><strong>PAPINu</strong></span> <span class='ocrx_word' id='word_1_83' title='bbox 1084 259 1252 291; x_wconf 78' lang='lat' dir='ltr'><strong>STA&#39;rn</strong></span> 
     </span>
    </p>
   </div>
   <div class='ocr_carea' id='block_1_4' title="bbox 1588 552 1740 598">
    <p class='ocr_par' dir='ltr' id='par_1_6' title="bbox 1588 552 1740 598">
     <span class='ocr_line' id='line_1_16' title="bbox 1588 552 1740 598; baseline 0.013 -2"><span class='ocrx_word' id='word_1_84' title='bbox 1588 572 1590 575; x_wconf 59' lang='grc'>’</span> <span class='ocrx_word' id='word_1_85' title='bbox 1650 552 1740 598; x_wconf 85' lang='grc'><strong>610</strong></span> 
     </span>
    </p>
   </div>
   <div class='ocr_carea' id='block_1_5' title="bbox 277 1297 1738 1597">
    <p class='ocr_par' dir='ltr' id='par_1_7' title="bbox 277 1297 1738 1597">
     <span class='ocr_line' id='line_1_17' title="bbox 285 1297 1738 1341; baseline 0.001 -12"><span class='ocrx_word' id='word_1_86' title='bbox 285 1299 356 1329; x_wconf 86' lang='lat' dir='ltr'><strong>daci</strong></span> <span class='ocrx_word' id='word_1_87' title='bbox 367 1299 498 1338; x_wconf 78' lang='lat' dir='ltr'><strong>Achilli,</strong></span> <span class='ocrx_word' id='word_1_88' title='bbox 512 1303 633 1331; x_wconf 79' lang='lat' dir='ltr'><strong>tantum</strong></span> <span class='ocrx_word' id='word_1_89' title='bbox 648 1300 686 1332; x_wconf 80' lang='lat' dir='ltr'><strong>ab</strong></span> <span class='ocrx_word' id='word_1_90' title='bbox 700 1310 735 1331; x_wconf 90' lang='lat' dir='ltr'><strong>eo</strong></span> <span class='ocrx_word' id='word_1_91' title='bbox 748 1302 927 1340; x_wconf 81' lang='lat' dir='ltr'><strong>superatur,</strong></span> <span class='ocrx_word' id='word_1_92' title='bbox 939 1301 1088 1339; x_wconf 77' lang='lat' dir='ltr'><strong>quantum</strong></span> <span class='ocrx_word' id='word_1_93' title='bbox 1099 1299 1167 1340; x_wconf 79' lang='lat' dir='ltr'><strong>ipsa</strong></span> <span class='ocrx_word' id='word_1_94' title='bbox 1181 1303 1307 1341; x_wconf 80' lang='lat' dir='ltr'><strong>superat</strong></span> <span class='ocrx_word' id='word_1_95' title='bbox 1319 1310 1448 1332; x_wconf 75' lang='lat' dir='ltr'><strong>sorores.</strong></span> <span class='ocrx_word' id='word_1_96' title='bbox 1470 1298 1515 1332; x_wconf 78' lang='lat' dir='ltr'><strong>Ut</strong></span> <span class='ocrx_word' id='word_1_97' title='bbox 1526 1300 1629 1332; x_wconf 72' lang='lat' dir='ltr'><strong>antem</strong></span> <span class='ocrx_word' id='word_1_98' title='bbox 1641 1297 1738 1331; x_wconf 78' lang='lat' dir='ltr'><strong>demi-</strong></span> 
     </span>
     <span class='ocr_line' id='line_1_18' title="bbox 283 1341 1738 1381; baseline 0 -9"><span class='ocrx_word' id='word_1_99' title='bbox 283 1341 329 1372; x_wconf 74' lang='lat' dir='ltr'><strong>sit</strong></span> <span class='ocrx_word' id='word_1_100' title='bbox 354 1342 483 1374; x_wconf 79' lang='lat' dir='ltr'><strong>nebrida</strong></span> <span class='ocrx_word' id='word_1_101' title='bbox 505 1352 524 1374; x_wconf 86' lang='lat' dir='ltr'><strong>a</strong></span> <span class='ocrx_word' id='word_1_102' title='bbox 547 1343 639 1374; x_wconf 80' lang='lat' dir='ltr'><strong>tereti</strong></span> <span class='ocrx_word' id='word_1_103' title='bbox 660 1343 746 1379; x_wconf 84' lang='lat' dir='ltr'><strong>collo,</strong></span> <span class='ocrx_word' id='word_1_104' title='bbox 767 1346 798 1373; x_wconf 82' lang='lat' dir='ltr'><strong>et</strong></span> <span class='ocrx_word' id='word_1_105' title='bbox 821 1341 1010 1372; x_wconf 76' lang='lat' dir='ltr'><strong>constrinxit</strong></span> <span class='ocrx_word' id='word_1_106' title='bbox 1029 1342 1141 1373; x_wconf 82' lang='lat' dir='ltr'><strong>hedera</strong></span> <span class='ocrx_word' id='word_1_107' title='bbox 1154 1343 1307 1374; x_wconf 73' lang='lat' dir='ltr'><strong>sinuosum</strong></span> <span class='ocrx_word' id='word_1_108' title='bbox 1322 1346 1450 1381; x_wconf 78' lang='lat' dir='ltr'><strong>vestem,</strong></span> <span class='ocrx_word' id='word_1_109' title='bbox 1461 1345 1493 1374; x_wconf 84' lang='lat' dir='ltr'><strong>et</strong></span> <span class='ocrx_word' id='word_1_110' title='bbox 1506 1343 1584 1376; x_wconf 79' lang='lat' dir='ltr'><strong>celse</strong></span> <span class='ocrx_word' id='word_1_111' title='bbox 1596 1341 1738 1374; x_wconf 70' lang='lat' dir='ltr'><strong>reaia-iit</strong></span> 
     </span>
     <span class='ocr_line' id='line_1_19' title="bbox 277 1381 1737 1428; baseline 0.001 -14"><span class='ocrx_word' id='word_1_112' title='bbox 277 1381 370 1424; x_wconf 79' lang='lat' dir='ltr'><strong>flava</strong></span> <span class='ocrx_word' id='word_1_113' title='bbox 385 1388 523 1425; x_wconf 79' lang='lat' dir='ltr'><strong>tempora</strong></span> <span class='ocrx_word' id='word_1_114' title='bbox 543 1385 708 1426; x_wconf 73' lang='lat' dir='ltr'><strong>purpureis</strong></span> <span class='ocrx_word' id='word_1_115' title='bbox 722 1385 823 1423; x_wconf 83' lang='lat' dir='ltr'><strong>vittis,</strong></span> <span class='ocrx_word' id='word_1_116' title='bbox 838 1387 869 1415; x_wconf 89' lang='lat' dir='ltr'><strong>et</strong></span> <span class='ocrx_word' id='word_1_117' title='bbox 884 1384 1045 1422; x_wconf 74' lang='lat' dir='ltr'><strong>jaculatus</strong></span> <span class='ocrx_word' id='word_1_118' title='bbox 1059 1388 1104 1415; x_wconf 83' lang='lat' dir='ltr'><strong>est</strong></span> <span class='ocrx_word' id='word_1_119' title='bbox 1118 1385 1223 1417; x_wconf 87' lang='lat' dir='ltr'><strong>valida</strong></span> <span class='ocrx_word' id='word_1_120' title='bbox 1237 1396 1327 1418; x_wconf 80' lang='lat' dir='ltr'><strong>manu</strong></span> <span class='ocrx_word' id='word_1_121' title='bbox 1339 1386 1480 1428; x_wconf 72' lang='lat' dir='ltr'><strong>thyrsum</strong></span> <span class='ocrx_word' id='word_1_122' title='bbox 1494 1387 1637 1416; x_wconf 78' lang='lat' dir='ltr'><strong>ornatum</strong></span> <span class='ocrx_word' id='word_1_123' title='bbox 1649 1393 1737 1426; x_wconf 81' lang='lat' dir='ltr'><strong>pam-</strong></span> 
     </span>
     <span class='ocr_line' id='line_1_20' title="bbox 282 1425 1737 1469; baseline 0.001 -13"><span class='ocrx_word' id='word_1_124' title='bbox 282 1425 369 1465; x_wconf 80' lang='lat' dir='ltr'><strong>pinis</strong></span> <span class='ocrx_word' id='word_1_125' title='bbox 383 1430 413 1458; x_wconf 84' lang='lat' dir='ltr'><strong>et</strong></span> <span class='ocrx_word' id='word_1_126' title='bbox 429 1427 540 1458; x_wconf 81' lang='lat' dir='ltr'><strong>hedera</strong></span> <span class='ocrx_word' id='word_1_127' title='bbox 552 1438 564 1465; x_wconf 90' lang='lat'><em>;</em></span> <span class='ocrx_word' id='word_1_128' title='bbox 587 1431 710 1459; x_wconf 81' lang='lat' dir='ltr'><strong>caterva</strong></span> <span class='ocrx_word' id='word_1_129' title='bbox 725 1428 822 1458; x_wconf 78' lang='lat' dir='ltr'><strong>hoeret</strong></span> <span class='ocrx_word' id='word_1_130' title='bbox 838 1427 948 1457; x_wconf 82' lang='lat' dir='ltr'><strong>timore</strong></span> <span class='ocrx_word' id='word_1_131' title='bbox 962 1436 1117 1467; x_wconf 80' lang='lat' dir='ltr'><strong>percussa,</strong></span> <span class='ocrx_word' id='word_1_132' title='bbox 1134 1430 1164 1458; x_wconf 82' lang='lat' dir='ltr'><strong>et</strong></span> <span class='ocrx_word' id='word_1_133' title='bbox 1187 1428 1359 1469; x_wconf 72' lang='lat' dir='ltr'><strong>relinquens</strong></span> <span class='ocrx_word' id='word_1_134' title='bbox 1373 1437 1462 1459; x_wconf 70' lang='lat' dir='ltr'><strong>sacra</strong></span> <span class='ocrx_word' id='word_1_135' title='bbox 1475 1428 1577 1467; x_wconf 74' lang='lat' dir='ltr'><strong>cingit</strong></span> <span class='ocrx_word' id='word_1_136' title='bbox 1590 1426 1691 1466; x_wconf 73' lang='lat' dir='ltr'><strong>illum,</strong></span> <span class='ocrx_word' id='word_1_137' title='bbox 1705 1429 1737 1457; x_wconf 84' lang='lat' dir='ltr'><strong>et</strong></span> 
     </span>
     <span class='ocr_line' id='line_1_21' title="bbox 285 1469 1738 1512; baseline 0.001 -14"><span class='ocrx_word' id='word_1_138' title='bbox 285 1469 382 1507; x_wconf 81' lang='lat' dir='ltr'><strong>erigit</strong></span> <span class='ocrx_word' id='word_1_139' title='bbox 397 1470 544 1501; x_wconf 83' lang='lat' dir='ltr'><strong>demissos</strong></span> <span class='ocrx_word' id='word_1_140' title='bbox 559 1471 673 1502; x_wconf 78' lang='lat' dir='ltr'><strong>vultus.</strong></span> <span class='ocrx_word' id='word_1_141' title='bbox 709 1470 795 1500; x_wconf 83' lang='lat' dir='ltr'><strong>Talis</strong></span> <span class='ocrx_word' id='word_1_142' title='bbox 809 1469 919 1507; x_wconf 72' lang='lat' dir='ltr'><strong>Euius,</strong></span> <span class='ocrx_word' id='word_1_143' title='bbox 932 1469 985 1500; x_wconf 84' lang='lat' dir='ltr'><strong>ubi</strong></span> <span class='ocrx_word' id='word_1_144' title='bbox 1000 1470 1136 1502; x_wconf 85' lang='lat' dir='ltr'><strong>animum</strong></span> <span class='ocrx_word' id='word_1_145' title='bbox 1151 1471 1304 1502; x_wconf 77' lang='lat' dir='ltr'><strong>relaxavit</strong></span> <span class='ocrx_word' id='word_1_146' title='bbox 1317 1471 1399 1512; x_wconf 80' lang='lat' dir='ltr'><strong>apud</strong></span> <span class='ocrx_word' id='word_1_147' title='bbox 1414 1469 1544 1509; x_wconf 76' lang='lat' dir='ltr'><strong>Thebas,</strong></span> <span class='ocrx_word' id='word_1_148' title='bbox 1554 1472 1586 1501; x_wconf 75' lang='lat' dir='ltr'><strong>et</strong></span> <span class='ocrx_word' id='word_1_149' title='bbox 1601 1469 1738 1509; x_wconf 78' lang='lat' dir='ltr'><strong>explevit</strong></span> 
     </span>
     <span class='ocr_line' id='line_1_22' title="bbox 283 1511 1736 1553; baseline 0.001 -12"><span class='ocrx_word' id='word_1_150' title='bbox 283 1514 391 1550; x_wconf 80' lang='lat' dir='ltr'><strong>pectus</strong></span> <span class='ocrx_word' id='word_1_151' title='bbox 416 1514 518 1552; x_wconf 79' lang='lat' dir='ltr'><strong>patrio</strong></span> <span class='ocrx_word' id='word_1_152' title='bbox 542 1513 630 1551; x_wconf 80' lang='lat' dir='ltr'><strong>luxu,</strong></span> <span class='ocrx_word' id='word_1_153' title='bbox 654 1512 792 1544; x_wconf 85' lang='lat' dir='ltr'><strong>detrahit</strong></span> <span class='ocrx_word' id='word_1_154' title='bbox 805 1522 825 1543; x_wconf 87' lang='grc' dir='ltr'>α</span> <span class='ocrx_word' id='word_1_155' title='bbox 846 1511 949 1552; x_wconf 81' lang='lat' dir='ltr'><strong>capite</strong></span> <span class='ocrx_word' id='word_1_156' title='bbox 968 1521 1106 1552; x_wconf 86' lang='lat' dir='ltr'><strong>coronas,</strong></span> <span class='ocrx_word' id='word_1_157' title='bbox 1131 1516 1162 1543; x_wconf 83' lang='lat' dir='ltr'><strong>et</strong></span> <span class='ocrx_word' id='word_1_158' title='bbox 1177 1514 1315 1552; x_wconf 84' lang='lat' dir='ltr'><strong>mitram,</strong></span> <span class='ocrx_word' id='word_1_159' title='bbox 1331 1516 1362 1544; x_wconf 85' lang='lat' dir='ltr'><strong>et</strong></span> <span class='ocrx_word' id='word_1_160' title='bbox 1375 1512 1476 1545; x_wconf 78' lang='lat' dir='ltr'><strong>munit</strong></span> <span class='ocrx_word' id='word_1_161' title='bbox 1491 1513 1582 1552; x_wconf 81' lang='lat' dir='ltr'><strong>ferro</strong></span> <span class='ocrx_word' id='word_1_162' title='bbox 1594 1511 1736 1553; x_wconf 77' lang='lat' dir='ltr'><strong>thyrsum</strong></span> 
     </span>
     <span class='ocr_line' id='line_1_23' title="bbox 284 1553 1737 1597; baseline 0.003 -14"><span class='ocrx_word' id='word_1_163' title='bbox 284 1553 445 1591; x_wconf 81' lang='lat' dir='ltr'><strong>virentem,</strong></span> <span class='ocrx_word' id='word_1_164' title='bbox 461 1559 491 1586; x_wconf 88' lang='lat' dir='ltr'><strong>et</strong></span> <span class='ocrx_word' id='word_1_165' title='bbox 506 1555 671 1587; x_wconf 74' lang='lat' dir='ltr'><strong>animosior</strong></span> <span class='ocrx_word' id='word_1_166' title='bbox 690 1554 878 1595; x_wconf 81' lang='lat' dir='ltr'><strong>aggreditur</strong></span> <span class='ocrx_word' id='word_1_167' title='bbox 902 1553 1044 1595; x_wconf 72' lang='lat' dir='ltr'><strong>inimicos</strong></span> <span class='ocrx_word' id='word_1_168' title='bbox 1063 1554 1168 1587; x_wconf 87' lang='lat' dir='ltr'><strong>Indos.</strong></span> <span class='ocrx_word' id='word_1_169' title='bbox 1213 1555 1305 1587; x_wconf 84' lang='lat' dir='ltr'><strong>Luna</strong></span> <span class='ocrx_word' id='word_1_170' title='bbox 1327 1555 1449 1587; x_wconf 83' lang='lat' dir='ltr'><strong>subibat</strong></span> <span class='ocrx_word' id='word_1_171' title='bbox 1469 1563 1624 1597; x_wconf 73' lang='lat' dir='ltr'><strong>purpureo</strong></span> <span class='ocrx_word' id='word_1_172' title='bbox 1642 1562 1737 1589; x_wconf 67' lang='lat' dir='ltr'><strong>curru</strong></span> 
     </span>
    </p>
   </div>
   <div class='ocr_carea' id='block_1_6' title="bbox 890 1661 1126 1675">
    <p class='ocr_par' dir='ltr' id='par_1_8' title="bbox 890 1661 1126 1675">
     <span class='ocr_line' id='line_1_24' title="bbox 890 1661 1126 1675; baseline 0.008 -2"><span class='ocrx_word' id='word_1_173' title='bbox 890 1661 1126 1675; x_wconf 57' lang='lat' dir='ltr'><strong>OOOOOOONOO‘</strong></span> 
     </span>
    </p>
   </div>
   <div class='ocr_carea' id='block_1_7' title="bbox 284 1746 1739 1875">
    <p class='ocr_par' dir='ltr' id='par_1_9' title="bbox 284 1746 1739 1875">
     <span class='ocr_line' id='line_1_25' title="bbox 285 1746 1739 1790; baseline 0 -12"><span class='ocrx_word' id='word_1_174' title='bbox 285 1746 414 1778; x_wconf 85' lang='lat' dir='ltr'><strong>codex:</strong></span> <span class='ocrx_word' id='word_1_175' title='bbox 439 1747 563 1779; x_wconf 79' lang='lat' dir='ltr'><strong>brachia</strong></span> <span class='ocrx_word' id='word_1_176' title='bbox 577 1750 777 1779; x_wconf 61' lang='grc' dir='ltr'><strong>πωπω-611</strong></span> <span class='ocrx_word' id='word_1_177' title='bbox 802 1748 926 1779; x_wconf 85' lang='lat' dir='ltr'><strong>Petav.</strong></span> <span class='ocrx_word' id='word_1_178' title='bbox 939 1748 1089 1788; x_wconf 76' lang='lat' dir='ltr'><strong>pallentia</strong></span> <span class='ocrx_word' id='word_1_179' title='bbox 1100 1752 1354 1790; x_wconf 63' lang='lat' dir='ltr'><strong>tempora—616</strong></span> <span class='ocrx_word' id='word_1_180' title='bbox 1367 1749 1468 1781; x_wconf 65' lang='lat' dir='ltr'><strong>Euius</strong></span> <span class='ocrx_word' id='word_1_181' title='bbox 1481 1751 1511 1781; x_wconf 79' lang='lat' dir='ltr'><strong>et</strong></span> <span class='ocrx_word' id='word_1_182' title='bbox 1519 1749 1615 1780; x_wconf 74' lang='lat' dir='ltr'><strong>mlta</strong></span> <span class='ocrx_word' id='word_1_183' title='bbox 1630 1747 1739 1789; x_wconf 78' lang='lat' dir='ltr'><strong>Lang-</strong></span> 
     </span>
     <span class='ocr_line' id='line_1_26' title="bbox 285 1789 1735 1834; baseline 0.003 -15"><span class='ocrx_word' id='word_1_184' title='bbox 285 1790 387 1820; x_wconf 84' lang='lat' dir='ltr'><strong>Laur.</strong></span> <span class='ocrx_word' id='word_1_185' title='bbox 413 1789 544 1822; x_wconf 84' lang='lat' dir='ltr'><strong>Buslid.</strong></span> <span class='ocrx_word' id='word_1_186' title='bbox 562 1796 598 1821; x_wconf 87' lang='lat' dir='ltr'><strong>et</strong></span> <span class='ocrx_word' id='word_1_187' title='bbox 614 1790 875 1831; x_wconf 74' lang='lat' dir='ltr'><strong>Lipsian.-518</strong></span> <span class='ocrx_word' id='word_1_188' title='bbox 899 1791 1008 1822; x_wconf 90' lang='lat' dir='ltr'><strong>Codd.</strong></span> <span class='ocrx_word' id='word_1_189' title='bbox 1035 1791 1189 1823; x_wconf 77' lang='lat' dir='ltr'><strong>Barthii:</strong></span> <span class='ocrx_word' id='word_1_190' title='bbox 1211 1792 1355 1829; x_wconf 76' lang='lat' dir='ltr'><strong>invadit,-</strong></span> <span class='ocrx_word' id='word_1_191' title='bbox 1378 1791 1468 1834; x_wconf 87' lang='lat' dir='ltr'><strong>quod</strong></span> <span class='ocrx_word' id='word_1_192' title='bbox 1485 1801 1553 1823; x_wconf 88' lang='lat' dir='ltr'><strong>non</strong></span> <span class='ocrx_word' id='word_1_193' title='bbox 1577 1790 1735 1831; x_wconf 69' lang='lat' dir='ltr'><strong>displicet</strong></span> 
     </span>
     <span class='ocr_line' id='line_1_27' title="bbox 284 1832 1733 1875; baseline 0.003 -12"><span class='ocrx_word' id='word_1_194' title='bbox 284 1832 508 1871; x_wconf 78' lang='lat' dir='ltr'><strong>Burmann0;</strong></span> <span class='ocrx_word' id='word_1_195' title='bbox 542 1833 702 1865; x_wconf 85' lang='lat' dir='ltr'><strong>Petrens.</strong></span> <span class='ocrx_word' id='word_1_196' title='bbox 734 1833 855 1865; x_wconf 81' lang='lat' dir='ltr'><strong>Petav.</strong></span> <span class='ocrx_word' id='word_1_197' title='bbox 889 1834 979 1866; x_wconf 85' lang='lat' dir='ltr'><strong>Dan.</strong></span> <span class='ocrx_word' id='word_1_198' title='bbox 1007 1834 1112 1875; x_wconf 60' lang='lat' dir='ltr'><strong>Lang·</strong></span> <span class='ocrx_word' id='word_1_199' title='bbox 1143 1835 1245 1866; x_wconf 80' lang='lat' dir='ltr'><strong>Laur.</strong></span> <span class='ocrx_word' id='word_1_200' title='bbox 1276 1835 1408 1866; x_wconf 81' lang='lat' dir='ltr'><strong>Buslid.</strong></span> <span class='ocrx_word' id='word_1_201' title='bbox 1437 1838 1472 1867; x_wconf 87' lang='lat' dir='ltr'><strong>et</strong></span> <span class='ocrx_word' id='word_1_202' title='bbox 1501 1833 1581 1866; x_wconf 83' lang='lat' dir='ltr'><strong>edd.</strong></span> <span class='ocrx_word' id='word_1_203' title='bbox 1616 1842 1733 1867; x_wconf 73' lang='lat' dir='ltr'><strong>omnes</strong></span> 
     </span>
    </p>
   </div>
   <div class='ocr_carea' id='block_1_8' title="bbox 933 1952 1074 1985">
    <p class='ocr_par' dir='ltr' id='par_1_10' title="bbox 933 1952 1074 1985">
     <span class='ocr_line' id='line_1_28' title="bbox 933 1952 1074 1985; baseline 0.007 -1"><span class='ocrx_word' id='word_1_204' title='bbox 933 1952 1074 1985; x_wconf 82' lang='lat' dir='ltr'>NOTAE</span> 
     </span>
    </p>
   </div>
   <div class='ocr_carea' id='block_1_9' title="bbox 280 2036 982 2829">
    <p class='ocr_par' dir='ltr' id='par_1_11' title="bbox 282 2036 981 2271">
     <span class='ocr_line' id='line_1_29' title="bbox 326 2036 981 2081; baseline 0.006 -14"><span class='ocrx_word' id='word_1_205' title='bbox 326 2039 390 2068; x_wconf 87' lang='grc'><strong>609</strong></span> <span class='ocrx_word' id='word_1_206' title='bbox 417 2036 569 2079; x_wconf 87' lang='lat' dir='ltr'><strong>Nebrida]</strong></span> <span class='ocrx_word' id='word_1_207' title='bbox 600 2038 733 2069; x_wconf 84' lang='lat' dir='ltr'><strong>Pellem</strong></span> <span class='ocrx_word' id='word_1_208' title='bbox 758 2039 863 2075; x_wconf 81' lang='lat' dir='ltr'><strong>cervi,</strong></span> <span class='ocrx_word' id='word_1_209' title='bbox 881 2049 981 2081; x_wconf 85' lang='lat' dir='ltr'><strong>quam</strong></span> 
     </span>
     <span class='ocr_line' id='line_1_30' title="bbox 282 2085 980 2129; baseline 0.004 -12"><span class='ocrx_word' id='word_1_210' title='bbox 282 2085 439 2118; x_wconf 83' lang='lat' dir='ltr'><strong>ferebant</strong></span> <span class='ocrx_word' id='word_1_211' title='bbox 469 2087 629 2128; x_wconf 84' lang='lat' dir='ltr'><strong>Bacchae,</strong></span> <span class='ocrx_word' id='word_1_212' title='bbox 658 2088 768 2129; x_wconf 87' lang='lat' dir='ltr'><strong>cujus,</strong></span> <span class='ocrx_word' id='word_1_213' title='bbox 796 2089 980 2121; x_wconf 85' lang='lat' dir='ltr'><strong>secundum</strong></span> 
     </span>
     <span class='ocr_line' id='line_1_31' title="bbox 282 2136 980 2181; baseline 0.006 -13"><span class='ocrx_word' id='word_1_214' title='bbox 282 2136 445 2176; x_wconf 80' lang='lat' dir='ltr'><strong>Plinium,</strong></span> <span class='ocrx_word' id='word_1_215' title='bbox 467 2137 613 2170; x_wconf 85' lang='lat' dir='ltr'><strong>effectus</strong></span> <span class='ocrx_word' id='word_1_216' title='bbox 634 2144 699 2179; x_wconf 81' lang='lat' dir='ltr'><strong>est,</strong></span> <span class='ocrx_word' id='word_1_217' title='bbox 717 2143 756 2171; x_wconf 89' lang='lat' dir='ltr'><strong>ut</strong></span> <span class='ocrx_word' id='word_1_218' title='bbox 778 2150 882 2181; x_wconf 75' lang='lat' dir='ltr'><strong>super</strong></span> <span class='ocrx_word' id='word_1_219' title='bbox 907 2149 980 2172; x_wconf 85' lang='lat' dir='ltr'><strong>eam</strong></span> 
     </span>
     <span class='ocr_line' id='line_1_32' title="bbox 284 2187 981 2230; baseline 0.007 -12"><span class='ocrx_word' id='word_1_220' title='bbox 284 2187 491 2220; x_wconf 85' lang='lat' dir='ltr'><strong>dormientes</strong></span> <span class='ocrx_word' id='word_1_221' title='bbox 511 2194 709 2230; x_wconf 85' lang='lat' dir='ltr'><strong>serpentum</strong></span> <span class='ocrx_word' id='word_1_222' title='bbox 726 2200 899 2222; x_wconf 84' lang='lat' dir='ltr'><strong>accessum</strong></span> <span class='ocrx_word' id='word_1_223' title='bbox 914 2201 981 2223; x_wconf 90' lang='lat' dir='ltr'><strong>non</strong></span> 
     </span>
     <span class='ocr_line' id='line_1_33' title="bbox 284 2237 439 2271; baseline 0.013 -3"><span class='ocrx_word' id='word_1_224' title='bbox 284 2237 439 2271; x_wconf 82' lang='lat' dir='ltr'><strong>timeant.</strong></span> 
     </span>
    </p>

    <p class='ocr_par' dir='ltr' id='par_1_12' title="bbox 283 2288 982 2369">
     <span class='ocr_line' id='line_1_34' title="bbox 326 2288 982 2336; baseline 0.008 -17"><span class='ocrx_word' id='word_1_225' title='bbox 326 2291 390 2319; x_wconf 85' lang='grc'><strong>610</strong></span> <span class='ocrx_word' id='word_1_226' title='bbox 412 2288 556 2329; x_wconf 84' lang='lat' dir='ltr'><strong>Hedera]</strong></span> <span class='ocrx_word' id='word_1_227' title='bbox 594 2291 678 2324; x_wconf 84' lang='lat' dir='ltr'><strong>Quae</strong></span> <span class='ocrx_word' id='word_1_228' title='bbox 707 2291 845 2336; x_wconf 65' lang='lat' dir='ltr'><strong>Baccho</strong></span> <span class='ocrx_word' id='word_1_229' title='bbox 867 2292 982 2324; x_wconf 81' lang='lat' dir='ltr'><strong>dicata</strong></span> 
     </span>
     <span class='ocr_line' id='line_1_35' title="bbox 283 2343 347 2369; baseline 0 0"><span class='ocrx_word' id='word_1_230' title='bbox 283 2343 347 2369; x_wconf 79' lang='lat' dir='ltr'><strong>esi.</strong></span> 
     </span>
    </p>

    <p class='ocr_par' dir='ltr' id='par_1_13' title="bbox 282 2389 980 2478">
     <span class='ocr_line' id='line_1_36' title="bbox 325 2389 980 2434; baseline 0.008 -15"><span class='ocrx_word' id='word_1_231' title='bbox 325 2390 389 2420; x_wconf 80' lang='lat'><strong>612</strong></span> <span class='ocrx_word' id='word_1_232' title='bbox 413 2389 623 2431; x_wconf 81' lang='lat' dir='ltr'><strong>Redimitam]</strong></span> <span class='ocrx_word' id='word_1_233' title='bbox 657 2390 797 2423; x_wconf 83' lang='lat' dir='ltr'><strong>Hedera</strong></span> <span class='ocrx_word' id='word_1_234' title='bbox 826 2394 862 2424; x_wconf 85' lang='lat' dir='ltr'><strong>et</strong></span> <span class='ocrx_word' id='word_1_235' title='bbox 887 2402 980 2434; x_wconf 89' lang='lat' dir='ltr'><strong>pam-</strong></span> 
     </span>
     <span class='ocr_line' id='line_1_37' title="bbox 282 2447 376 2478; baseline 0.032 -10"><span class='ocrx_word' id='word_1_236' title='bbox 282 2447 376 2478; x_wconf 85' lang='lat' dir='ltr'><strong>pino.</strong></span> 
     </span>
    </p>

    <p class='ocr_par' dir='ltr' id='par_1_14' title="bbox 282 2489 982 2578">
     <span class='ocr_line' id='line_1_38' title="bbox 324 2489 982 2531; baseline 0.009 -13"><span class='ocrx_word' id='word_1_237' title='bbox 324 2490 387 2519; x_wconf 86' lang='grc'><strong>614</strong></span> <span class='ocrx_word' id='word_1_238' title='bbox 410 2489 603 2531; x_wconf 83' lang='lat' dir='ltr'><strong>Pronosque]</strong></span> <span class='ocrx_word' id='word_1_239' title='bbox 628 2490 669 2522; x_wconf 93' lang='lat' dir='ltr'><strong>Id</strong></span> <span class='ocrx_word' id='word_1_240' title='bbox 683 2495 746 2527; x_wconf 85' lang='lat' dir='ltr'><strong>est.</strong></span> <span class='ocrx_word' id='word_1_241' title='bbox 760 2490 931 2529; x_wconf 79' lang='lat' dir='ltr'><strong>demissos,</strong></span> <span class='ocrx_word' id='word_1_242' title='bbox 945 2497 982 2524; x_wconf 86' lang='lat' dir='ltr'><strong>nt</strong></span> 
     </span>
     <span class='ocr_line' id='line_1_39' title="bbox 282 2537 461 2578; baseline 0.017 -10"><span class='ocrx_word' id='word_1_243' title='bbox 282 2537 461 2578; x_wconf 84' lang='lat' dir='ltr'><strong>virgineos.</strong></span> 
     </span>
    </p>

    <p class='ocr_par' dir='ltr' id='par_1_15' title="bbox 282 2589 981 2680">
     <span class='ocr_line' id='line_1_40' title="bbox 324 2589 981 2634; baseline 0.009 -16"><span class='ocrx_word' id='word_1_244' title='bbox 324 2590 386 2619; x_wconf 89' lang='grc'><strong>615</strong></span> <span class='ocrx_word' id='word_1_245' title='bbox 402 2589 534 2629; x_wconf 79' lang='lat' dir='ltr'><strong>Thebas]</strong></span> <span class='ocrx_word' id='word_1_246' title='bbox 550 2590 718 2632; x_wconf 81' lang='lat' dir='ltr'><strong>Intelligit</strong></span> <span class='ocrx_word' id='word_1_247' title='bbox 730 2592 981 2634; x_wconf 81' lang='lat' dir='ltr'><strong>Boeotias‚quae</strong></span> 
     </span>
     <span class='ocr_line' id='line_1_41' title="bbox 282 2639 550 2680; baseline 0.004 -11"><span class='ocrx_word' id='word_1_248' title='bbox 282 2639 395 2680; x_wconf 81' lang='lat' dir='ltr'><strong>patria</strong></span> <span class='ocrx_word' id='word_1_249' title='bbox 410 2639 550 2670; x_wconf 87' lang='lat' dir='ltr'><strong>Bacchi.</strong></span> 
     </span>
    </p>

    <p class='ocr_par' dir='ltr' id='par_1_16' title="bbox 325 2690 721 2731">
     <span class='ocr_line' id='line_1_42' title="bbox 325 2690 721 2731; baseline 0.008 -11"><span class='ocrx_word' id='word_1_250' title='bbox 325 2692 389 2720; x_wconf 88' lang='grc'><strong>616</strong></span> <span class='ocrx_word' id='word_1_251' title='bbox 411 2690 526 2731; x_wconf 84' lang='lat' dir='ltr'><strong>Evius]</strong></span> <span class='ocrx_word' id='word_1_252' title='bbox 553 2691 721 2723; x_wconf 85' lang='lat' dir='ltr'><strong>Bacchus.</strong></span> 
     </span>
    </p>

    <p class='ocr_par' dir='ltr' id='par_1_17' title="bbox 280 2739 979 2829">
     <span class='ocr_line' id='line_1_43' title="bbox 325 2739 979 2782; baseline 0.009 -14"><span class='ocrx_word' id='word_1_253' title='bbox 325 2741 387 2769; x_wconf 84' lang='grc'><strong>617</strong></span> <span class='ocrx_word' id='word_1_254' title='bbox 410 2739 619 2780; x_wconf 80' lang='lat' dir='ltr'><strong>Mitramque]</strong></span> <span class='ocrx_word' id='word_1_255' title='bbox 651 2741 743 2772; x_wconf 85' lang='lat' dir='ltr'><strong>Hinc</strong></span> <span class='ocrx_word' id='word_1_256' title='bbox 761 2742 918 2778; x_wconf 83' lang='lat' dir='ltr'><strong>Bacchus</strong></span> <span class='ocrx_word' id='word_1_257' title='bbox 932 2755 979 2782; x_wconf 78' lang='grc' dir='ltr'><strong>μι·</strong></span> 
     </span>
     <span class='ocr_line' id='line_1_44' title="bbox 280 2786 978 2829; baseline 0.007 -11"><span class='ocrx_word' id='word_1_258' title='bbox 280 2786 425 2829; x_wconf 85' lang='grc' dir='ltr'>τροψόρος</span> <span class='ocrx_word' id='word_1_259' title='bbox 440 2787 550 2820; x_wconf 82' lang='lat' dir='ltr'><strong>dictus</strong></span> <span class='ocrx_word' id='word_1_260' title='bbox 566 2794 629 2821; x_wconf 86' lang='lat' dir='ltr'><strong>est.</strong></span> <span class='ocrx_word' id='word_1_261' title='bbox 676 2790 782 2822; x_wconf 79' lang='lat' dir='ltr'><strong>Mitra</strong></span> <span class='ocrx_word' id='word_1_262' title='bbox 798 2795 912 2823; x_wconf 78' lang='lat' dir='ltr'><strong>autem</strong></span> <span class='ocrx_word' id='word_1_263' title='bbox 929 2801 978 2823; x_wconf 87' lang='lat' dir='ltr'><strong>re-</strong></span> 
     </span>
    </p>
   </div>
   <div class='ocr_carea' id='block_1_10' title="bbox 1033 2037 1735 2378">
    <p class='ocr_par' dir='ltr' id='par_1_18' title="bbox 1033 2037 1735 2378">
     <span class='ocr_line' id='line_1_45' title="bbox 1035 2037 1735 2079; baseline -0.004 -9"><span class='ocrx_word' id='word_1_264' title='bbox 1035 2038 1230 2070; x_wconf 88' lang='lat' dir='ltr'><strong>dimiculum</strong></span> <span class='ocrx_word' id='word_1_265' title='bbox 1246 2037 1386 2078; x_wconf 89' lang='lat' dir='ltr'><strong>Bacchi,</strong></span> <span class='ocrx_word' id='word_1_266' title='bbox 1398 2042 1434 2070; x_wconf 89' lang='lat' dir='ltr'><strong>et</strong></span> <span class='ocrx_word' id='word_1_267' title='bbox 1449 2037 1521 2079; x_wconf 81' lang='lat' dir='ltr'><strong>ejus</strong></span> <span class='ocrx_word' id='word_1_268' title='bbox 1534 2039 1735 2077; x_wconf 78' lang='lat' dir='ltr'><strong>mystarum.</strong></span> 
     </span>
     <span class='ocr_line' id='line_1_46' title="bbox 1036 2085 1732 2130; baseline -0.004 -9"><span class='ocrx_word' id='word_1_269' title='bbox 1036 2089 1122 2121; x_wconf 79' lang='lat' dir='ltr'><strong>Haec</strong></span> <span class='ocrx_word' id='word_1_270' title='bbox 1139 2099 1206 2121; x_wconf 87' lang='lat' dir='ltr'><strong>vox</strong></span> <span class='ocrx_word' id='word_1_271' title='bbox 1222 2088 1394 2130; x_wconf 83' lang='lat' dir='ltr'><strong>significat</strong></span> <span class='ocrx_word' id='word_1_272' title='bbox 1409 2087 1595 2128; x_wconf 82' lang='lat' dir='ltr'><strong>vinculum,</strong></span> <span class='ocrx_word' id='word_1_273' title='bbox 1610 2085 1732 2119; x_wconf 74' lang='lat' dir='ltr'><strong>fascio-</strong></span> 
     </span>
     <span class='ocr_line' id='line_1_47' title="bbox 1036 2137 1733 2182; baseline -0.006 -10"><span class='ocrx_word' id='word_1_274' title='bbox 1036 2140 1156 2172; x_wconf 86' lang='lat' dir='ltr'><strong>lamve.</strong></span> <span class='ocrx_word' id='word_1_275' title='bbox 1195 2140 1259 2171; x_wconf 82' lang='lat' dir='ltr'><strong>Est</strong></span> <span class='ocrx_word' id='word_1_276' title='bbox 1272 2139 1329 2170; x_wconf 90' lang='lat' dir='ltr'><strong>ubi</strong></span> <span class='ocrx_word' id='word_1_277' title='bbox 1346 2148 1407 2179; x_wconf 83' lang='lat' dir='ltr'><strong>pro</strong></span> <span class='ocrx_word' id='word_1_278' title='bbox 1422 2137 1558 2182; x_wconf 81' lang='lat' dir='ltr'><strong>cingulo</strong></span> <span class='ocrx_word' id='word_1_279' title='bbox 1571 2140 1733 2171; x_wconf 72' lang='lat' dir='ltr'><strong>sumatur.</strong></span> 
     </span>
     <span class='ocr_line' id='line_1_48' title="bbox 1036 2187 1733 2232; baseline -0.006 -10"><span class='ocrx_word' id='word_1_280' title='bbox 1036 2189 1159 2232; x_wconf 80' lang='lat' dir='ltr'><strong>Itaque</strong></span> <span class='ocrx_word' id='word_1_281' title='bbox 1179 2189 1324 2231; x_wconf 80' lang='grc' dir='ltr'><strong><em>ἀμίτρους</em></strong></span> <span class='ocrx_word' id='word_1_282' title='bbox 1353 2188 1570 2228; x_wconf 69' lang='lat' dir='ltr'><strong>devirginatae</strong></span> <span class='ocrx_word' id='word_1_283' title='bbox 1590 2187 1733 2228; x_wconf 81' lang='lat' dir='ltr'><strong>exponit</strong></span> 
     </span>
     <span class='ocr_line' id='line_1_49' title="bbox 1033 2234 1732 2278; baseline -0.007 -6"><span class='ocrx_word' id='word_1_284' title='bbox 1033 2240 1240 2272; x_wconf 80' lang='lat' dir='ltr'><strong>scholiastes</strong></span> <span class='ocrx_word' id='word_1_285' title='bbox 1256 2238 1452 2271; x_wconf 75' lang='lat' dir='ltr'><strong>Callimachi</strong></span> <span class='ocrx_word' id='word_1_286' title='bbox 1468 2237 1503 2268; x_wconf 93' lang='lat' dir='ltr'><strong>in</strong></span> <span class='ocrx_word' id='word_1_287' title='bbox 1518 2237 1657 2278; x_wconf 82' lang='lat' dir='ltr'><strong>Hymno</strong></span> <span class='ocrx_word' id='word_1_288' title='bbox 1671 2234 1732 2267; x_wconf 86' lang='lat' dir='ltr'><strong>Di-</strong></span> 
     </span>
     <span class='ocr_line' id='line_1_50' title="bbox 1035 2284 1732 2330; baseline -0.009 -8"><span class='ocrx_word' id='word_1_289' title='bbox 1035 2300 1132 2330; x_wconf 79' lang='lat' dir='ltr'><strong>anae3</strong></span> <span class='ocrx_word' id='word_1_290' title='bbox 1154 2290 1263 2330; x_wconf 77' lang='grc' dir='ltr'>μίτρας</span> <span class='ocrx_word' id='word_1_291' title='bbox 1282 2288 1355 2329; x_wconf 69' lang='grc' dir='ltr'><strong>γὰρ,</strong></span> <span class='ocrx_word' id='word_1_292' title='bbox 1368 2286 1491 2329; x_wconf 89' lang='lat' dir='ltr'><strong>inquit,</strong></span> <span class='ocrx_word' id='word_1_293' title='bbox 1505 2284 1682 2326; x_wconf 74' lang='grc' dir='ltr'><strong><em>ἐζώννυντο,</em></strong></span> <span class='ocrx_word' id='word_1_294' title='bbox 1696 2284 1732 2318; x_wconf 72' lang='grc' dir='ltr'><strong>ἃς</strong></span> 
     </span>
     <span class='ocr_line' id='line_1_51' title="bbox 1037 2333 1732 2378; baseline -0.006 -6"><span class='ocrx_word' id='word_1_295' title='bbox 1037 2340 1127 2373; x_wconf 81' lang='grc' dir='ltr'><strong><em>ἔλυον</em></strong></span> <span class='ocrx_word' id='word_1_296' title='bbox 1161 2339 1235 2371; x_wconf 80' lang='grc' dir='ltr'><strong><em>ὅταν</em></strong></span> <span class='ocrx_word' id='word_1_297' title='bbox 1268 2337 1401 2378; x_wconf 81' lang='grc' dir='ltr'><strong><em>ἔμελλον</em></strong></span> <span class='ocrx_word' id='word_1_298' title='bbox 1436 2333 1732 2377; x_wconf 77' lang='grc' dir='ltr'><strong><em>διαπαρθενεύεσθαι.</em></strong></span> 
     </span>
    </p>
   </div>
   <div class='ocr_carea' id='block_1_11' title="bbox 1029 2379 1733 2430">
    <p class='ocr_par' dir='ltr' id='par_1_19' title="bbox 1029 2379 1733 2430">
     <span class='ocr_line' id='line_1_52' title="bbox 1029 2379 1733 2430; baseline -0.01 -8"><span class='ocrx_word' id='word_1_299' title='bbox 1029 2379 1176 2430; x_wconf 79' lang='lat' dir='ltr'><strong>&#39;Cingula</strong></span> <span class='ocrx_word' id='word_1_300' title='bbox 1184 2389 1355 2424; x_wconf 76' lang='lat' dir='ltr'><strong>sumebant,</strong></span> <span class='ocrx_word' id='word_1_301' title='bbox 1365 2396 1457 2427; x_wconf 82' lang='lat' dir='ltr'><strong>eaque</strong></span> <span class='ocrx_word' id='word_1_302' title='bbox 1467 2385 1624 2417; x_wconf 76' lang='lat' dir='ltr'><strong>solvebant</strong></span> <span class='ocrx_word' id='word_1_303' title='bbox 1633 2385 1733 2425; x_wconf 77' lang='lat' dir='ltr'><strong>virgi-</strong></span> 
     </span>
    </p>
   </div>
   <div class='ocr_carea' id='block_1_12' title="bbox 1034 2434 1734 2633">
    <p class='ocr_par' dir='ltr' id='par_1_20' title="bbox 1034 2434 1734 2531">
     <span class='ocr_line' id='line_1_53' title="bbox 1034 2434 1734 2481; baseline -0.01 -9"><span class='ocrx_word' id='word_1_304' title='bbox 1034 2450 1101 2481; x_wconf 83' lang='lat' dir='ltr'><strong>nes,</strong></span> <span class='ocrx_word' id='word_1_305' title='bbox 1115 2450 1184 2471; x_wconf 81' lang='lat' dir='ltr'><strong>cum</strong></span> <span class='ocrx_word' id='word_1_306' title='bbox 1199 2438 1420 2471; x_wconf 67' lang='lat' dir='ltr'><strong>imminuenda</strong></span> <span class='ocrx_word' id='word_1_307' title='bbox 1434 2438 1534 2467; x_wconf 83' lang='lat' dir='ltr'><strong>erant.</strong></span> <span class='ocrx_word' id='word_1_308' title='bbox 1560 2434 1734 2477; x_wconf 81' lang='lat' dir='ltr'><strong>Virentem]</strong></span> 
     </span>
     <span class='ocr_line' id='line_1_54' title="bbox 1036 2485 1732 2531; baseline -0.007 -9"><span class='ocrx_word' id='word_1_309' title='bbox 1036 2489 1211 2531; x_wconf 83' lang='lat' dir='ltr'><strong>Pampinis</strong></span> <span class='ocrx_word' id='word_1_310' title='bbox 1231 2489 1319 2520; x_wconf 91' lang='lat' dir='ltr'><strong>enim</strong></span> <span class='ocrx_word' id='word_1_311' title='bbox 1338 2486 1557 2519; x_wconf 82' lang='lat' dir='ltr'><strong>muniebatur</strong></span> <span class='ocrx_word' id='word_1_312' title='bbox 1570 2485 1732 2527; x_wconf 80' lang='lat' dir='ltr'><strong>Thyrsus.</strong></span> 
     </span>
    </p>

    <p class='ocr_par' dir='ltr' id='par_1_21' title="bbox 1034 2537 1731 2633">
     <span class='ocr_line' id='line_1_55' title="bbox 1077 2537 1731 2582; baseline -0.009 -8"><span class='ocrx_word' id='word_1_313' title='bbox 1077 2545 1142 2574; x_wconf 87' lang='grc'><strong>618</strong></span> <span class='ocrx_word' id='word_1_314' title='bbox 1165 2541 1293 2582; x_wconf 83' lang='lat' dir='ltr'><strong>Armat]</strong></span> <span class='ocrx_word' id='word_1_315' title='bbox 1318 2541 1424 2572; x_wconf 86' lang='lat' dir='ltr'><strong>Ferro</strong></span> <span class='ocrx_word' id='word_1_316' title='bbox 1439 2538 1584 2570; x_wconf 87' lang='lat' dir='ltr'><strong>scilicet.</strong></span> <span class='ocrx_word' id='word_1_317' title='bbox 1619 2537 1731 2569; x_wconf 77' lang='lat' dir='ltr'><strong>Hosti-</strong></span> 
     </span>
     <span class='ocr_line' id='line_1_56' title="bbox 1034 2586 1731 2633; baseline -0.007 -9"><span class='ocrx_word' id='word_1_318' title='bbox 1034 2592 1091 2633; x_wconf 87' lang='lat' dir='ltr'><strong>les]</strong></span> <span class='ocrx_word' id='word_1_319' title='bbox 1130 2592 1270 2624; x_wconf 78' lang='lat' dir='ltr'><strong>Hostes.</strong></span> <span class='ocrx_word' id='word_1_320' title='bbox 1315 2590 1426 2631; x_wconf 83' lang='lat' dir='ltr'><strong>Indos]</strong></span> <span class='ocrx_word' id='word_1_321' title='bbox 1457 2587 1614 2626; x_wconf 74' lang='lat' dir='ltr'><strong>Bacchus</strong></span> <span class='ocrx_word' id='word_1_322' title='bbox 1638 2586 1731 2619; x_wconf 81' lang='lat' dir='ltr'><strong>enim</strong></span> 
     </span>
    </p>
   </div>
   <div class='ocr_carea' id='block_1_13' title="bbox 1034 2640 1732 2731">
    <p class='ocr_par' dir='ltr' id='par_1_22' title="bbox 1034 2640 1732 2731">
     <span class='ocr_line' id='line_1_57' title="bbox 1034 2640 1351 2674; baseline -0.009 -1"><span class='ocrx_word' id='word_1_323' title='bbox 1034 2641 1221 2674; x_wconf 79' lang='lat' dir='ltr'><strong>debellavit</strong></span> <span class='ocrx_word' id='word_1_324' title='bbox 1235 2640 1351 2672; x_wconf 82' lang='lat' dir='ltr'><strong>Indos.</strong></span> 
     </span>
     <span class='ocr_line' id='line_1_58' title="bbox 1075 2685 1732 2731; baseline -0.008 -8"><span class='ocrx_word' id='word_1_325' title='bbox 1075 2694 1140 2723; x_wconf 81' lang='grc'><strong>619</strong></span> <span class='ocrx_word' id='word_1_326' title='bbox 1161 2689 1348 2731; x_wconf 80' lang='lat' dir='ltr'><strong>Scandebat,</strong></span> <span class='ocrx_word' id='word_1_327' title='bbox 1362 2687 1432 2730; x_wconf 56' lang='grc' dir='ltr'><strong>ξω]</strong></span> <span class='ocrx_word' id='word_1_328' title='bbox 1455 2685 1636 2720; x_wconf 82' lang='lat' dir='ltr'><strong>Describit</strong></span> <span class='ocrx_word' id='word_1_329' title='bbox 1649 2695 1732 2719; x_wconf 83' lang='lat' dir='ltr'><strong>noc-</strong></span> 
     </span>
    </p>
   </div>
   <div class='ocr_carea' id='block_1_14' title="bbox 1034 2740 1320 2783">
    <p class='ocr_par' dir='ltr' id='par_1_23' title="bbox 1034 2740 1320 2783">
     <span class='ocr_line' id='line_1_59' title="bbox 1034 2740 1320 2783; baseline -0.014 -9"><span class='ocrx_word' id='word_1_330' title='bbox 1034 2745 1103 2774; x_wconf 88' lang='lat' dir='ltr'><strong>tem</strong></span> <span class='ocrx_word' id='word_1_331' title='bbox 1120 2750 1181 2783; x_wconf 85' lang='lat' dir='ltr'><strong>per</strong></span> <span class='ocrx_word' id='word_1_332' title='bbox 1196 2740 1320 2771; x_wconf 89' lang='lat' dir='ltr'><strong>lunam.</strong></span> 
     </span>
    </p>
   </div>
  </div>
 </body>
</html>
