1846 3120
280 223 394 270 1388
770 228 812 264 Ρ.
844 232 1037 265 mmm}
1070 228 1235 264 srA'r'n

273 331 464 385 Jamque
483 329 512 372 J
515 341 641 371 ovem
660 328 779 370 cirea
798 327 960 370 studiis
976 328 1151 372 diversa
1170 324 1416 372 sternehant

274 397 487 451 Argolici,
505 395 715 450 Tyriique
735 395 850 438 Dei:
881 400 1010 451 pater
1029 392 1190 451 aequus
1209 396 1407 452 utrisque

276 462 454 518 Aspicit
471 464 669 516 ingentes
686 462 913 505 ardentum
934 464 1133 505 cominus
1152 464 1260 516 iras,

276 530 421 584 Seque
441 531 616 572 obstare
638 530 784 572 videt:
817 530 952 585 gemit
970 530 1215 573 inservante
1234 542 1426 573 noverca

278 596 425 648 Liber,
444 600 488 638 et
503 598 684 653 obliquo
706 603 966 653 respectans
984 599 1145 640 lumine
1164 602 1332 653 patrem
1350 611 1361 640 ε

278 664 412 706 Nunc
434 665 509 706 ubi
529 678 649 708 saeva
667 677 838 715 manus,
856 677 1045 719 meaque
1061 665 1144 707 heu
1168 665 1395 707 cunabula
1409 664 1616 716 flammae,

279 730 478 782 Fulmen,
498 732 542 773 io
562 732 639 773 ubi
658 732 819 774 fulmen
833 733 853 773 'l
883 732 975 774 ait:
1005 733 1136 786 gemit
1153 737 1308 774 auctor
1325 725 1510 788 Apollo,

278 797 404 849 Quas
425 799 547 840 dedit
564 799 675 853 ipse,
696 789 869 840 domos.
918 798 1119 849 Lernam,
1132 798 1401 854 Thebasque
1415 798 1617 855 rependit
1642 797 1729 843 890

277 866 489 916 Moestus,
508 870 560 915 et.
573 866 738 908 intento
756 866 931 908 dubitat
945 866 1200 922 Tirynthius
1222 879 1340 909 arcu.

276 932 505 975 Maternos
530 933 698 988 plangit
716 933 896 975 volucer
921 932 1146 975 Danaeius
1167 932 1329 988 Argos,

277 999 380 1042 Flet
396 999 551 1043 Venus
573 1000 833 1044 Harmonia>
851 1001 1070 1056 populos·
1105 1005 1391 1056 metuensque
1410 1000 1556 1044 mariti

1640 462 1728 508 885

274 1107 324 1136 tat
346 1086 505 1154 oppidum·
515 1104 651 1146 propriis
675 1105 785 1137 muris.
828 1105 962 1146 Jamque
982 1104 1107 1146 Argiva
1127 1109 1160 1138 et
1184 1106 1281 1155 Tyria
1307 1106 1446 1143 numina,
1466 1105 1582 1139 studiis
1606 1105 1722 1146 aava.

273 1147 456 1180 frendebant
477 1147 560 1178 circa
575 1147 696 1179 Jovem.
740 1148 842 1179 Pater
861 1147 979 1180 neutris
992 1147 1107 1198 fauens
1128 1148 1228 1180 cernit
1249 1149 1375 1190 propius
1389 1158 1521 1189 magnas
1534 1158 1724 1181 eoi-tunm·

275 1190 440 1229 tentiones,
462 1192 494 1220 et
518 1191 603 1221 videt
623 1199 656 1221 se
677 1190 775 1222 solum
798 1190 932 1230 obstare,
961 1191 1122 1232 quominus
1149 1192 1405 1231 congrediantur.
1450 1191 1594 1223 Baccha

275 1235 341 1271 tur,
360 1241 490 1263 noverca
518 1242 587 1264 eum
610 1233 801 1272 observante,
822 1236 854 1265 et
878 1233 1001 1265 intuens
1026 1234 1136 1265 Jovem
1162 1233 1294 1274 obliquis
1316 1234 1432 1266 oculis.-
1460 1234 1554 1274 Nunc
1581 1233 1646 1271 ubi,
1659 1233 1722 1273 ait,

273 1277 329 1306 tua
350 1275 483 1306 crudelis
503 1285 624 1315 manus,
652 1275 707 1307 uhi
732 1276 834 1315 ignes,
858 1275 917 1307 heu
940 1285 1007 1307 mea
1033 1275 1240 1312 incunabula.-
1261 1275 1399 1315 fulmen,
1425 1276 1456 1308 io
1493 1276 1548 1307 ulei
1576 1275 1724 1315 fulmen?

271 1315 382 1357 Apollo
400 1317 570 1349 Thebarum
585 1322 694 1350 auctor
705 1318 832 1358 plangit
846 1318 952 1349 urbem
971 1327 1063 1359 quam
1075 1318 1176 1358 ,iussit
1196 1318 1346 1350 construi.
1392 1317 1728 1362 Tristisssryntlzius.

272 1360 372 1391 animi
384 1359 495 1391 dubius
508 1360 593 1392 inter
606 1361 740 1392 Lernam
754 1364 784 1392 et
801 1360 931 1398 Thebas,
943 1360 1074 1401 ambigit
1089 1364 1214 1393 curuato
1229 1371 1317 1401 arcu,
1333 1360 1384 1393 cui
1396 1361 1519 1400 faveat.
1560 1361 1637 1394 Ales
1650 1360 1725 1395 Du-

272 1401 347 1433 na'e's
357 1401 450 1445 filius
463 1402 555 1444 deflet
570 1404 675 1445 Argos
689 1406 855 1435 maternos.
902 1403 1006 1435 Venus
1020 1404 1124 1444 plorat
1137 1402 1219 1436 cives
1233 1403 1430 1446 Harmonia,
1444 1406 1477 1436 et
1490 1402 1603 1436 timens
1615 1403 1723 1444 oonv'u·

879 1488 923 1500 O&

1106 1488 1127 1500 0

271 1540 395 1575 Behot.
410 1544 441 1572 1.
459 1550 521 1582 pro
535 1550 566 1574 v.
580 1541 604 1573 l.
618 1541 810 1583 inspectante
822 1551 952 1574 nouerca
961 1552 974 1579 ;
996 1541 1119 1575 Behot.
1132 1545 1164 1574 2.
1182 1543 1289 1585 Lang.
1306 1543 1408 1576 Laur.
1423 1541 1553 1575 Buslid.
1569 1541 1723 1583 Lipsien-

273 1583 378 1616 Aldd.
404 1584 513 1616 Colin.
530 1584 664 1625 Gryph.
689 1585 793 1617 Basil.
818 1589 855 1617 et
880 1585 997 1617 Plani.
1021 1584 1190 1624 infestante
1203 1596 1354 1623 noveram
1378 1586 1467 1618 Dan.
1494 1585 1578 1618 Put.
1597 1584 1726 1618 Petav-

268 1626 498 1668 Lindenbrog.
513 1627 616 1659 Cruc.
631 1627 773 1660 Gevart.
790 1627 947 1659 Grasser.
963 1626 1107 1659 Amstel.
1124 1628 1275 1660 Gronov.
1292 1628 1413 1660 Barth.
1422 1628 1532 1661 Vcen.
1546 1631 1582 1661 et
1597 1627 1723 1669 Daph.

268 1669 446 1700 inservante
469 1679 623 1707 novenni,-
646 1669 713 1701 duo
740 1670 840 1702 codd.
866 1669 1019 1702 Barthii:
1043 1669 1193 1709 infestare
1215 1680 1357 1702 noverea.
1378 1669 1469 1702 Vide
1493 1670 1578 1702 Not.
1592 1669 1721 1702 vnn-.—

270 1714 335 1743 889
356 1712 452 1744 Unus
467 1712 592 1744 Behot.
607 1715 695 1743 actor
710 1711 938 1753 Apama-893
961 1713 971 1730 ‘
984 1712 1025 1744 In
1042 1713 1213 1755 plerisque
1225 1713 1399 1746 veteribus
1413 1711 1509 1746 libris
1523 1717 1722 1755 corruptum

925 1797 1067 1830 NOTAE

313 1864 377 1895 884
409 1862 511 1894 Pater
542 1870 647 1903 oequus
681 1861 835 1903 utrisque]
870 1860 964 1894 Neu-

271 1914 334 1946 tris
348 1913 478 1945 favens.

311 1966 376 1997 886
404 1963 506 2004 Seque
518 1962 642 1995 obstare
655 1963 755 2005 videt]
781 1962 838 1995 Ne
851 1971 968 1994 manus

269 2019 464 2056 conserant,
493 2025 534 2048 ac
565 2015 741 2048 dimicent.
785 2015 969 2047 Inservante

267 2066 413 2108 noverca]
434 2066 558 2104 Idest,
584 2066 739 2098 trucibus
763 2069 800 2098 et
825 2065 968 2098 solicitis

268 2127 346 2151 eum
373 2117 478 2150 oculis
500 2116 684 2149 denotante
706 2125 747 2149 ac
769 2116 968 2158 aspiciente.

267 2169 417 2200 Verbum
446 2167 571 2208 alioqui
608 2167 755 2209 Papinio
781 2167 966 2208 proprium.

269 2219 376 2252 Theb.
405 2228 454 2251 vr.
498 2217 624 2259 ‘Piget
653 2217 839 2256 inservare,
863 2217 967 2258 perit-

269 2279 335 2312 qne
365 2267 504 2300 venturi
535 2267 699 2309 promissa
725 2266 833 2298 fides?
859 2267 966 2300 Theb.

267 2329 349 2351 vm.
394 2317 527 2350 ‘Dedit
570 2317 744 2349 inservare
788 2316 967 2349 volucres.'

267 2369 333 2400 Vel
359 2368 545 2406 inservante,
569 2367 794 2407 custodiente,
818 2376 859 2398 ne
885 2366 967 2409 qnid

268 2428 331 2461 pro
349 2418 515 2450 Thebanis
530 2417 676 2449 diceret.

310 2471 373 2501 887
400 2467 546 2509 obliquo]
570 2467 651 2499 Non
678 2476 719 2499 ea
747 2470 847 2508 parte
877 2466 967 2508 aspi-

268 2521 364 2553 ciens
394 2523 538 2560 propter
559 2518 744 2559 Junonem,
773 2517 844 2550 sive
870 2517 966 2560 quasi

266 2571 371 2603 iratus
384 2569 475 2602 Jovi.

309 2623 372 2652 888
395 2620 529 2660 Meaque
553 2619 612 2650 heu
639 2618 791 2651 cunabula
804 2618 962 2661 flammae]

266 2671 424 2704 Bacchus
454 2670 543 2701 enim
574 2674 750 2701 extractus
779 2668 892 2701 fuerat
921 2678 964 2701 ex

264 2726 364 2754 utero
382 2719 533 2752 ardentis
548 2718 677 2750 matris.

306 2773 369 2803 889
394 2770 503 2802 Gemit
524 2773 634 2801 auctor
648 2769 772 2811 Apollo,
783 2780 858 2811 quas
872 2770 958 2802 dedit

1020 1861 1098 1902 ipse,
1109 1860 1229 1902 domos]
1246 1860 1336 1895 Quia
1352 1860 1509 1894 Cadmus
1523 1859 1663 1893 oraculo
1677 1859 1726 1892 A·

1021 1911 1157 1953 pollinis
1184 1911 1331 1942 monitus
1346 1910 1481 1942 Thebas
1495 1910 1719 1943 condiderat:

1022 1962 1112 1995 uude
1125 1966 1243 2004 auctor,
1265 1963 1336 1996 sive
1359 1962 1517 1995 conditor
1529 1961 1721 1995 Thebarum

1022 2013 1091 2047 dici
1103 2018 1242 2055 poterat
1255 2013 1393 2055 Apollo.

1064 2066 1128 2096 890
1150 2063 1299 2103 Lernam,
1311 2061 1652 2106 malvanum-eponae]
1663 2062 1723 2098 In·

1023 2118 1140 2146 certus
1162 2118 1239 2146 erat
1254 2113 1437 2154 Hercules,
1451 2112 1573 2156 quibus
1586 2111 1723 2145 faveret

1022 2163 1199 2204 partibus·
1190 2187 1199 2196 .
1231 2163 1358 2195 Thebis
1395 2162 1534 2205 quidem
1560 2166 1637 2195 erat
1661 2171 1721 2194 na-

1021 2218 1087 2251 tus,
1103 2214 1161 2246 sed
1176 2213 1220 2245 ab
1234 2212 1372 2255 Argivis
1393 2213 1559 2255 originem
1572 2212 1721 2246 ducebat

1021 2274 1083 2306 per
1117 2265 1280 2296 Perseum
1311 2263 1449 2296 Danaes
1477 2262 1595 2302 filium,
1622 2263 1720 2305 cnjus

1019 2314 1091 2347 filia
1117 2314 1347 2356 Gorgophone
1372 2317 1537 2355 genuerat
1551 2313 1721 2346 Electria-

1020 2374 1109 2405 nem,
1124 2373 1167 2396 ex
1183 2373 1249 2406 quo
1266 2362 1469 2405 Amphitryo
1483 2363 1646 2396 Herculis
1658 2373 1720 2406 pa-

1020 2420 1087 2447 ter.
1124 2414 1266 2446 vDicunt
1288 2413 1392 2446 etiam
1408 2413 1513 2456 aliqui
1529 2413 1718 2447 Herculem

1017 2470 1135 2498 natum
1151 2464 1240 2506 apud
1251 2464 1454 2506 Tirynthum
1470 2464 1644 2507 Argolidis
1658 2475 1718 2508 op-

1017 2515 1146 2559 pidum,
1160 2514 1250 2546 unde
1263 2514 1375 2547 dictus
1393 2515 1589 2558 Tirynthius.

1060 2568 1123 2599 892
1152 2565 1283 2603 Volucer
1295 2565 1472 2607 Danaeius]
1485 2566 1636 2598 Perseus
1650 2565 1718 2598 Da-

1017 2615 1101 2648 naiis
1120 2614 1222 2655 filius,
1241 2615 1374 2652 volucer,
1404 2616 1484 2657 quia
1511 2617 1582 2648 alas
1609 2615 1715 2648 habe-

1017 2665 1087 2698 bat.
1131 2665 1294 2697 Mater-nos
1315 2665 1437 2706 Argos]
1474 2666 1564 2700 Quia
1596 2665 1716 2699 Danae·

1017 2718 1127 2748 mater
1141 2714 1270 2756 Argiva
1282 2718 1370 2755 erat,
1386 2721 1423 2747 et
1438 2715 1514 2757 ipse
1531 2715 1694 2757 Argivus.

1054 2770 1116 2799 893
1140 2766 1326 2798 Harmonioe
1351 2766 1495 2808 populos]
1521 2766 1712 2800 Thebanos-
