1846 3120
625 279 910 312 'rnssnmnos
944 280 1040 311 mn.
1074 281 1180 311 vni.
1522 271 1636 313 1205

162 375 355 432 Auguris
370 375 526 431 ignari,
546 378 786 431 contraque
806 377 851 418 in
864 372 1050 432 *pectore
1070 379 1244 419 certant

161 442 380 495 Tiresiam
398 443 579 486 laudare
600 457 759 486 suum:
791 457 906 487 nunc
929 443 1046 486 facta
1070 444 1300 486 revolvunt

163 509 404 566 MaJorum,
423 515 685 567 veteresque
704 516 872 554 canunt
892 512 950 553 ab
972 511 1140 566 origine
1159 512 1353 554 Thebas.

164 577 231 621 Hi
250 591 371 623 mare
390 579 638 631 Sidonium,
657 581 952 634 manibusque
973 580 1128 623 attrita
1140 580 1359 623 Tonantis

164 644 360 698 Cornua,
380 651 426 688 et
443 647 607 701 ingenti
624 647 849 690 sulcatum
869 647 1017 690 Nerea
1036 653 1192 692 tauro:
1545 649 1633 692 230

163 713 232 757 Hi
252 713 483 766 Cadmum,
501 714 758 770 lassamque
778 715 955 766 bovem,
973 715 1194 772 foetosque
1215 717 1384 760 cruenti

163 781 327 825 Martis
348 794 500 837 agros:
531 782 609 826 alii
627 782 810 839 Tyriam
830 783 1052 837 reptantia
1070 796 1186 826 saxa

106 862 115 868 ·
162 849 238 893 Ad
257 849 428 904 chelyn,
449 854 495 892 et
513 849 646 892 duras
665 850 930 893 animantem
947 849 1206 906 Amphiona
1223 858 1406 896 cautes:

157 973 298 1006 tunam
309 976 440 1006 norum
453 973 546 1006 inscii
565 973 709 1014 auguris,
731 976 763 1005 et
786 983 803 1005 e
823 975 935 1005 contra
956 973 1146 1005 contendunt
1165 974 1201 1006 in
1215 974 1273 1007 liae
1287 975 1444 1007 occasione
1454 975 1629 1017 praedicare

157 1026 249 1049 mm
263 1017 425 1050 maiam.
472 1017 564 1049 Nune
576 1020 748 1049 memorant
762 1026 813 1048 res
833 1019 943 1056 gestas
963 1026 1104 1052 avorum,
1119 1020 1150 1049 et
1164 1021 1280 1050 canunt
1290 1019 1465 1060 primordia
1480 1019 1629 1060 antiqua-

123 1095 128 1099 ,
158 1069 230 1093 nm
246 1059 431 1093 Theb-rum.
476 1059 527 1092 Hc·
545 1060 741 1092 Phoenicium
754 1069 873 1101 (equor,
889 1063 922 1091 et
934 1069 1050 1092 cornua
1063 1060 1156 1092 Joviae
1169 1064 1335 1093 attenuata
1349 1062 1494 1094 manibus
1503 1063 1631 1103 paelice,

157 1105 192 1135 et
203 1112 289 1136 nare
301 1102 484 1143 navigatum
497 1113 518 1135 a
531 1113 644 1143 magno
658 1106 772 1135 tauro.-
795 1103 829 1134 1ιὶ
848 1103 1012 1141 Cadmum,
1031 1102 1268 1146 fatigatumque
1293 1104 1408 1145 bovem,
1428 1115 1466 1138 ac
1489 1106 1627 1145 gravida

158 1155 238 1190 arva
248 1146 416 1187 sanguinei
429 1145 501 1178 belli
512 1156 524 1178 .·
545 1147 603 1178 alii
617 1150 716 1178 motos
729 1146 849 1188 lapides
863 1147 904 1177 ad
918 1149 1043 1177 cantum
1058 1147 1227 1179 testudinis
1243 1147 1359 1190 Tyr-icc,
1374 1151 1406 1180 et
1420 1148 1627 1190 Amphionem

769 1253 1010 1266 OOOONJNNO

158 1327 267 1370 libris,
280 1328 497 1371 improbante
514 1330 593 1363 Nic.
609 1330 758 1363 Heinsio
774 1330 817 1363 ad
834 1330 939 1363 Ovid.
962 1331 1051 1363 Met.
1075 1341 1109 1373 p.
1126 1334 1291 1364 92.-226
1313 1332 1399 1364 Exc.
1420 1332 1567 1365 Cantab.
1592 1333 1627 1365 in

153 1375 291 1413 pedore,
305 1378 343 1405 et
355 1383 460 1414 supra
474 1376 621 1416 tempore.
666 1374 756 1406 Vide
773 1374 856 1407 Not.
874 1375 1066 1407 Van—227
1090 1375 1199 1417 Lang.
1226 1376 1328 1407 Laut.
1356 1375 1509 1416 Lipsian.
1532 1377 1625 1409 Dan.

160 1414 242 1447 Put.
257 1415 377 1448 Pet-v.
392 1417 534 1449 Bebott.
547 1420 577 1450 1.
591 1420 624 1450 2.
649 1416 755 1450 Aldd.
771 1418 882 1450 Colin.
900 1417 1036 1460 Gryph.
1058 1417 1166 1450 Basil.
1192 1417 1309 1450 Plaut.
1334 1418 1564 1460 Lindenbrog.
1589 1425 1627 1452 et

158 1458 262 1492 cne.
276 1458 438 1498 musaea
448 1470 462 1498 ,·
484 1460 615 1492 anlid.
629 1460 775 1492 Gevart.
793 1460 954 1493 Grasser.
971 1460 1119 1493 Amstei.
1138 1460 1289 1493 Gronov.
1306 1461 1428 1494 Barth.
1455 1462 1564 1495 Veen.
1588 1468 1627 1495 et

159 1500 285 1543 Delph-
300 1503 600 1542 antefacta—230
636 1503 677 1535 In
704 1503 907 1545 quibusdam
923 1504 1023 1536 codd.
1038 1504 1308 1545 Lindenbrogii:
1331 1508 1362 1536 et
1387 1505 1625 1541 immiti—233

156 1542 213 1576 Aa
220 1544 330 1588 chelyn
344 1549 375 1578 et
382 1547 478 1578 daras
491 1549 667 1579 cantantem
683 1547 806 1580 Behot.
824 1550 854 1579 1.
870 1551 907 1579 at
922 1548 1197 1589 suprascriptum
1209 1547 1398 1580 animantem
1407 1558 1420 1586 ,·
1435 1550 1488 1581 Ad
1501 1548 1625 1592 chelyn,

823 1647 967 1683 NOTAE

197 1727 267 1760 226
290 1726 470 1768 Contraque
493 1726 529 1759 in
549 1729 675 1769 pectore
689 1726 860 1769 [tempore]

153 1776 294 1819 certant]
314 1776 409 1811 Quid
422 1777 478 1810 hic
491 1784 639 1819 certare,
661 1779 710 1810 ait
725 1779 861 1811 Grono-

158 1826 244 1866 vius,
258 1828 295 1860 in
305 1826 464 1870 tenpore?
487 1834 559 1862 tres
570 1828 680 1861 habeo
695 1829 760 1861 sub
779 1838 861 1861 ocu-

155 1878 200 1911 lis
224 1879 375 1922 scriptos
400 1879 552 1922 codices,
565 1881 600 1913 in
618 1881 744 1923 quibus
760 1881 862 1913 estin

150 1933 289 1972 pectore,
303 1939 371 1963 nou
385 1933 532 1973 tenum-e.
575 1931 629 1963 Ex
652 1928 777 1974 quibus
800 1940 860 1973 op·

154 1980 257 2014 tinus
278 1990 384 2023 supra
399 1981 565 2023 scriptum
581 1981 686 2023 habet
708 1981 860 2014 ‘divina-

154 2030 272 2064 tioness
313 2031 438 2065 Alter:
467 2034 478 2051 ‘
496 2033 630 2065 ratione
653 2033 807 2066 scientiae
822 2033 859 2065 in

152 2088 296 2125 pectore
321 2083 460 2117 inflxae:
502 2085 656 2117 Eandem
672 2085 856 2118 lectionem

152 2134 267 2176 reperi
290 2135 324 2166 in
346 2135 621 2168 Britannicarum
643 2135 856 2168 membrana-

152 2193 228 2217 rum
255 2185 356 2218 unias
391 2190 572 2227 contextu,
599 2186 744 2218 duarum
773 2186 857 2228 oris,

152 2243 296 2278 eumque
329 2244 444 2277 unum,
483 2246 586 2278 quum
616 2236 754 2278 elegans
790 2242 857 2277 est,

150 2289 223 2318 tam
236 2295 352 2319 veram
367 2296 442 2319 esse
457 2291 584 2319 statuo.
616 2287 760 2319 Scilicet
770 2287 857 2319 hanc

151 2336 269 2370 nedem
295 2336 429 2370 faciant
457 2337 580 2371 Poetae
611 2338 758 2370 numinis
787 2338 855 2370 vim

149 2386 329 2420 divinandi
357 2387 587 2429 subjicientis.
645 2388 750 2431 Apud
781 2398 855 2420 uos-

151 2443 239 2471 trum
264 2438 338 2480 ipse
360 2439 508 2472 Tiresias
536 2439 597 2472 lib.
612 2449 666 2473 ιν.
708 2440 718 2457 ‘
735 2440 855 2472 Prius-

147 2498 251 2532 quam
266 2488 396 2523 obruit
418 2499 480 2522 ora
501 2490 608 2532 Deus,
621 2495 797 2534 totamque
820 2491 856 2524 in

148 2543 290 2582 pectora
318 2540 430 2572 lucem
470 2540 631 2574 Detulit!
687 2542 855 2583 Virgilius

148 2589 297 2625 AEmvr.
346 2591 439 2624 ‘Sed
471 2597 594 2633 pectus
619 2593 780 2625 anhelum
809 2594 856 2625 Et

147 2642 243 2675 rabie
276 2641 353 2676 fera
377 2642 484 2675 corda
507 2643 664 2676 tument.'
707 2643 854 2677 Ovidius

147 2692 237 2726 Met.
261 2702 305 2727 u.
348 2691 593 2737 ‘Incsl'uitque
631 2695 718 2735 Deo,
752 2704 854 2738 quem

147 2743 299 2777 daucum
314 2748 459 2787 pectore
473 2744 647 2780 babebat?
690 2746 853 2778 Valerius

147 2793 292 2827 nuens
311 2795 371 2828 lib.
401 2804 454 2828 xv.
497 2795 606 2828 ‘Mea
635 2797 729 2839 quod
757 2802 854 2830 vates

143 2842 275 2877 ‘insedit
290 2843 414 2887 Apollo
442 2845 614 2879 Pectora?
661 2847 851 2880 Gronovius.

916 1727 1003 1759 Mihi
1026 1736 1107 1760 vero
1132 1728 1272 1771 vulgata
1297 1727 1403 1761 lectio
1429 1728 1464 1760 in
1490 1732 1625 1769 tempore

916 1778 1031 1811 verior
1054 1778 1205 1821 videtur,
1229 1783 1267 1812 et
1294 1779 1523 1821 supplendum
1546 1783 1621 1811 est:

914 1828 925 1846 ‘
940 1829 1031 1871 hoc,’
1050 1830 1060 1848 ‘
1074 1829 1107 1861 iu
1124 1830 1190 1862 hoc
1211 1829 1395 1871 tempore,'
1408 1839 1468 1862 seu
1484 1830 1544 1862 illa
1565 1839 1624 1862 oc-

917 1881 1067 1920 casione,
1082 1884 1121 1912 ut
1135 1881 1390 1922 interpretatur
1405 1880 1578 1922 Guyetus.

956 1933 1020 1963 227
1046 1930 1162 1972 Facta]
1184 1930 1255 1964 Alii
1271 1931 1513 1972 codicesdata.

957 1985 1022 2014 229
1046 1982 1096 2014 Hi
1121 1991 1207 2014 mare
1234 1981 1415 2024 Sidonium,
1444 1982 1515 2024 ξω]
1537 1982 1625 2014 Tan·

913 2032 965 2074 git
978 2031 1128 2065 fabulam
1153 2037 1264 2074 raptae
1283 2032 1430 2074 Europae
1447 2042 1468 2064 a
1481 2032 1571 2065 Jove
1587 2034 1622 2064 in

913 2087 1050 2116 taurum
1064 2093 1241 2124 converso,
1255 2087 1292 2115 et
1306 2092 1413 2125 nsque
1427 2083 1463 2115 in
1480 2083 1621 2117 Cretam

910 2138 1032 2167 vectae.

953 2188 1019 2218 23⁰
1042 2185 1168 2227 Nerea]
1192 2185 1293 2217 Mare
1328 2194 1349 2218 a
1390 2186 1507 2219 Nereo
1541 2187 1620 2219 Deo

911 2238 1055 2270 marino.

953 2291 1016 2322 231
1044 2287 1214 2329 Cadmum]
1238 2287 1463 2320 Conditorem
1487 2288 1621 2321 Theba-

912 2350 998 2373 rum.
1022 2340 1214 2381 lassamque
1226 2338 1346 2380 bovem]
1371 2338 1619 2372 Oraculienim

905 2391 1005 2432 jussu
1021 2390 1171 2423 Cadmus
1194 2394 1332 2421 secutus
1355 2393 1410 2421 est
1432 2389 1554 2422 bovem
1576 2400 1619 2424 eo

911 2451 1016 2484 usque
1031 2441 1250 2477 consisteret,
1266 2438 1382 2481 ibique
1396 2440 1528 2472 Thebas
1537 2451 1619 2473 con-

910 2491 1012 2532 didit,
1024 2496 1062 2524 et
1084 2490 1261 2532 regionem
1288 2499 1308 2522 a
1327 2489 1417 2522 bove
1445 2491 1618 2524 Boeotiam

910 2543 1110 2576 nominavit.
1166 2542 1330 2583 Foeeooque
1350 2542 1472 2574 cruenti
1495 2542 1619 2575 Martis
1680 2555 1684 2557 ·

909 2593 1020 2635 agros]
1043 2593 1121 2625 Hoc
1146 2591 1231 2624 dicit
1253 2595 1397 2634 propter
1425 2602 1484 2624 eos
1514 2594 1574 2635 qui
1596 2602 1617 2625 e

907 2645 991 2676 satis
1005 2642 1163 2675 draconis
1177 2642 1337 2674 dentibus
1351 2642 1425 2674 nati
1437 2647 1530 2677 sunt.

949 2697 1015 2727 232
1038 2692 1181 2735 Tyriam]
1194 2692 1406 2726 Thebanam.
1443 2693 1618 2735 Reptantia

905 2755 996 2782 saxa,
1022 2743 1093 2786 Sym]
1117 2743 1236 2776 Innuit
1260 2742 1412 2777 fabulam
1439 2754 1615 2778 murorum

906 2795 1165 2834 Thebanorum,
1196 2794 1239 2826 ad
1281 2794 1365 2836 lyrae
1410 2793 1614 2837 Amphionis

908 2851 1046 2880 cantum
1063 2849 1353 2879 constructorum.
