1846 3120
243 208 358 251 1398
744 216 783 247 ι’.
816 214 1009 246 ΡΑΡιιιιι
1042 214 1211 246 ετΑΤιι

246 314 346 357 Pan
365 312 431 356 illi
451 313 646 366 genitor:
679 315 806 353 tener
825 311 923 353 hinc-
940 312 1179 354 conatibus
1200 322 1341 354 annos

246 381 492 435 Egreditur,
508 380 806 433 juvenemque
829 383 1004 432 patrem
1026 391 1139 432 puer
1158 381 1308 433 aequat
1326 377 1555 421 Alatreus·
1646 379 1707 423 35

248 446 425 491 Felices
446 448 607 499 ambo;
638 446 715 488 sed
733 446 997 488 fortunatior
1015 446 1108 497 ille,

248 517 391 567 Quem
413 514 613 567 genuisse
626 515 781 569 juvat:
811 527 892 556 nec
907 514 1003 567 jam
1024 514 1279 567 dignoscere
1298 516 1534 568 promtum,

249 584 364 634 Quae
386 582 524 635 magis
546 595 670 624 arma
691 586 869 632 sonent,
888 595 976 637 quo
996 582 1099 637 plus
1121 585 1195 624 eat
1213 581 1344 623 hasta
1363 580 1548 627 lacerto.

249 650 460 691 Arctatur
481 648 618 691 denso
638 649 887 702 fugientum
909 650 1114 691 examine
1133 649 1308 691 vallum.

250 716 380 767 Quas
401 716 559 767 volvis,
577 715 789 767 Gradive,
813 716 968 758 vices?
989 714 1125 758 modo
1146 715 1316 765 moenia.
1333 713 1497 758 Cadmi
1534 734 1537 737 ¹
1650 716 1709 758 40

249 783 546 833 scandebant,
568 797 651 825 sua
669 797 782 826 nunc
803 784 1042 826 defendunt
1062 786 1177 826 tecta
1196 782 1393 835 Pelasgi.

249 849 341 892 Ceu
360 850 541 892 redeunt
561 851 715 900 nubes,
738 864 816 893 ceu
837 850 1212 910 circumflantibus
1231 848 1414 893 Austris

250 916 462 958 Alternus
483 919 730 972 procumbit
751 932 869 972 ager,
892 932 974 960 ceu
994 918 1292 972 gurgite'cano

253 984 387 1025 Nunc
408 986 567 1038 retegit
587 986 777 1036 bibulas,
795 999 911 1028 nunc
933 986 1081 1028 obruit
1104 990 1246 1033 aestus
1267 995 1439 1027 arenas.

251 1051 509 1093 Procumbit
527 1053 617 1093 late
640 1054 780 1107 pubes
801 1052 1048 1107 Tirynthia,
1069 1051 1241 1094 alumni
1651 1051 1711 1094 45

249 1161 351 1182 rorem
365 1151 504 1191 injicere.
549 1151 620 1182 Pan
643 1151 690 1183 illi
712 1155 823 1192 pater.-
845 1152 916 1184 hinc
930 1155 1023 1192 urget
1039 1155 1126 1184 tener
1139 1151 1302 1187 Alatreus,
1324 1150 1380 1192 qui
1403 1150 1563 1183 conatibus
1582 1154 1711 1185 atatem

250 1197 387 1235 superat,
408 1197 439 1225 et
454 1203 530 1234 puer
551 1197 652 1235 oequat
669 1195 817 1233 juvenem
831 1199 963 1236 patrem.
1008 1195 1108 1226 Ambo
1114 1194 1301 1233 fortunati;
1322 1194 1377 1226 sed
1392 1193 1444 1226 ille
1455 1194 1598 1232 felicior,
1620 1203 1710 1235 quem

241 1237 335 1275 juvat
348 1246 533 1275 generasse:
555 1237 684 1275 neo-jam
693 1237 790 1277 facile
803 1242 849 1269 est
863 1238 1098 1279 deprehendere,
1118 1237 1206 1276 cnjus
1220 1246 1309 1269 arma
1320 1237 1392 1278 plus
1405 1237 1572 1278 crepitent,
1586 1239 1618 1269 et
1630 1237 1712 1277 quod

250 1279 410 1311 brachium
424 1279 543 1310 hastam
550 1279 672 1318 fortius
687 1281 825 1312 emittat.
871 1280 991 1312 Vallum
1005 1283 1194 1320 angustatur
1209 1278 1555 1320 confertnsugieutium
1565 1278 1711 1312 maleum

250 1322 333 1354 dine.
383 1323 412 1353 0
429 1323 532 1362 Mars,
546 1332 623 1363 quas
648 1333 752 1354 rerum
775 1323 1028 1355 commutationes
1043 1321 1156 1361 facia?
1177 1322 1294 1362 Argivi
1307 1323 1396 1354 modo
1417 1323 1511 1355 aculis
1522 1321 1711 1355 invadebat

251 1374 355 1396 muros
368 1365 492 1402 Cadmi,
508 1374 588 1396 nunc
603 1368 748 1398 tutantur
758 1376 815 1397 sua
830 1369 946 1399 castra.
988 1364 1044 1397 Sic
1058 1365 1152 1397 nubes
1165 1366 1309 1405 redeunt,
1322 1365 1369 1397 sio
1381 1364 1498 1398 amm
1511 1364 1711 1413 circumjun-

251 1407 335 1439 tibus
349 1417 436 1446 seges
451 1407 587 1439 vicissim
601 1408 729 1447 decidit,
749 1409 793 1440 sic
804 1409 837 1440 in
850 1417 992 1449 spumoso
1006 1408 1087 1440 mari
1101 1411 1197 1440 «θείω
1211 1417 1292 1440 nunc
1305 1407 1503 1458 discooperit,
1515 1417 1596 1440 nuno
1605 1404 1712 1439 maie

251 1449 370 1482 bibulus
383 1460 505 1483 arenas.
547 1451 704 1483 Juventus
721 1432 899 1493 Tirynthia,
920 1461 989 1492 quoe
1011 1450 1141 1491 gerebat
1155 1451 1284 1483 exuvias
1296 1451 1416 1483 leonum
1429 1449 1605 1484 imitatione
1619 1449 1710 1482 Her·

848 1533 1095 1546 OONONOOON

253 1588 346 1621 Dan.
371 1591 408 1620 et
433 1597 520 1620 unus
547 1587 740 1620 Bernartii:
764 1592 851 1620 tener
875 1589 949 1626 Ιιίσς
971 1588 994 1621 i.
1011 1598 1041 1620 e.
1057 1588 1120 1628 hic,
1135 1588 1188 1620 vel
1216 1589 1301 1621 hine.
1344 1589 1356 1607 ‘
1372 1588 1467 1621 Vera
1492 1588 1608 1630 lectio,
1623 1591 1714 1622 tener

252 1632 349 1669 1ιίησ,·
371 1640 436 1662 nee
466 1631 650 1662 mutanda!
677 1631 791 1663 Barth.
794 1634 879 1663 —39
902 1632 1009 1672 Lang.
1042 1632 1143 1664 Laut.
1171 1630 1480 1672 Buslid.1.ipsian.
1509 1631 1599 1664 Dan.
1627 1632 1712 1666 Put.

252 1674 780 1706 Petav.Belmtt.1.2.Venett.
799 1673 1713 1716 Rom.A1dd.Colin.G=-yph.Basil.Piant.Lindeu-

254 1716 350 1757 brog.
367 1721 402 1748 et
417 1717 519 1748 Cruc.
542 1726 582 1747 ex
603 1716 729 1756 agmine
746 1717 870 1748 vallum.
915 1716 924 1734 ‘
944 1715 1087 1758 Optime
1108 1717 1218 1749 nostri
1241 1716 1319 1748 libri
1343 1717 1487 1750 examine
1509 1718 1649 1755 vulturnu·
1672 1721 1713 1751 ut

253 1751 362 1791 voluit
385 1764 420 1790 et
436 1759 659 1798 Bernartius3
683 1759 765 1791 item
781 1764 862 1791 ante
879 1768 955 1791 eum
970 1759 1048 1800 long
1051 1770 1069 1790 e
1093 1760 1174 1792 Gul.
1190 1758 1384 1792 canterus!
1397 1760 1515 1793 Barth.
1561 1760 1639 1792 Hoc
1655 1769 1714 1792 ex·

253 1802 373 1834 hibent
399 1802 558 1834 Grasser.
582 1802 734 1834 Gronov.
750 1802 896 1834 Gevart.
918 1802 1038 1835 Barth.
1054 1802 1162 1835 Veen.
1178 1807 1215 1835 et
1234 1802 1357 1843 Delpli.
1361 1805 1446 1834 —42
1467 1802 1565 1835 Unus
1589 1801 1716 1835 Behot.

251 1845 517 1877 circunstantibus
542 1845 766 1876 Andria—43
788 1845 931 1876 AEternis
951 1845 1125 1886 procumbit
1149 1845 1230 1877 Put.
1260 1844 1403 1877 Alternis
1421 1843 1595 1887 procumbit
1617 1845 1711 1881 Dan,

254 1888 378 1920 Petav.
394 1888 544 1927 Lipsian.
563 1887 678 1919 Plant.
694 1887 924 1928 Lindenbrog.
938 1889 1038 1920 Crnc.
1054 1887 1196 1920 Gevart.
1210 1887 1368 1919 Grasser.
1384 1890 1421 1919 et
1437 1887 1581 1919 Amstel.
1603 1887 1714 1920 Alter-

255 1940 312 1961 nus
336 1930 510 1971 procumbit
529 1931 665 1962 Behott.
682 1933 712 1962 l.
734 1934 766 1962 2.
791 1931 877 1962 Exc.
893 1930 1040 1963 Cantab.
1065 1931 1224 1962 Petrens.
1242 1931 1348 1971 Lang.
1374 1930 1476 1961 Laut.
1491 1929 1626 1963 anlid.
1642 1929 1714 1962 Ve-

258 1978 342 2007 nett.
358 1977 390 2004 3.
402 1975 434 2004 4.
451 1973 550 2005 Rom.
568 1971 669 2004 Aldd.
685 1973 793 2005 Colin.
811 1972 943 2015 Gryph.
966 1972 1074 2005 Basil.
1098 1973 1248 2005 Gronov.
1274 1972 1392 2004 Barth.
1406 1972 1518 2004 Veen.
1533 1977 1570 2004 et
1586 1973 1713 2014 Delph-

255 2016 345 2048 vide
363 2015 444 2047 Not.
460 2017 631 2047 Van—44
654 2015 737 2047 Put.
753 2016 857 2048 induit
879 2019 984 2049 cestus.
1031 2016 1077 2048 Et
1091 2015 1140 2047 ita
1163 2016 1249 2057 legit
1266 2016 1356 2046 Dan.
1376 2014 1536 2046 Heinsius
1550 2014 1594 2047 ad
1610 2016 1712 2048 Clau-

255 2058 346 2091 dian.
363 2059 466 2100 Rapt.
480 2058 642 2100 Proserp.
659 2067 701 2091 n.
717 2061 855 2092 92.-—45
880 2059 971 2092 Dan.
994 2059 1079 2091 Pur.
1106 2059 1229 2091 Petav.
1253 2057 1407 2100 Lipsian.
1423 2062 1460 2091 et
1476 2057 1620 2092 Venett.
1633 2060 1665 2090 3.
1679 2059 1715 2092 4.

916 2143 1061 2176 No'rAE

258 2209 378 2241 animis
392 2208 580 2240 immittere
595 2208 861 2251 creditim,iiqiie
876 2210 961 2242 ‘Pa-
1013 2208 1076 2241 sibi
1092 2212 1242 2240 mutuam
1259 2208 1417 2250 praebent
1431 2209 1553 2241 lucem.

257 2259 346 2291 nici’
369 2258 413 2290 ab
443 2258 517 2299 ipso
539 2257 637 2291 dieti.
687 2259 821 2292 Graecis
847 2261 961 2293 πανικὰ
1054 2259 1270 2291 43‘Alternus
1279 2258 1471 2300 procumbit]
1494 2258 1586 2291 Nihil
1601 2259 1714 2291 Statio

257 2313 434 2349 vocantur,
445 2308 494 2340 καὶ
508 2309 622 2341 πανικὰ
633 2309 773 2350 δείματα.
817 2312 872 2343 De
886 2312 960 2354 qui-
1011 2308 1239 2350 frequentius,
1272 2317 1374 2350 qnam
1406 2308 1470 2340 hoc
1504 2308 1716 2350 adjectivum

258 2361 319 2393 bus
345 2361 378 2392 in
405 2360 636 2392 Miscellaneis
650 2359 803 2402 Angelus
817 2361 961 2394 Politia·
1012 2358 1094 2400 poni
1111 2367 1172 2399 pro
1183 2357 1370 2390 adverbio:
1394 2363 1432 2390 ut
1447 2358 1505 2390 lib.
1522 2367 1556 2392 v.
1577 2360 1588 2377 ‘
1601 2357 1716 2392 Alter·

258 2421 332 2443 nus.
378 2410 478 2443 Quod
508 2411 663 2442 evenisse
688 2420 754 2443 non
780 2421 856 2443 raro
879 2421 959 2444 con·
1013 2419 1125 2452 nuque
1142 2413 1284 2451 pectora
1297 2409 1430 2443 mutat!
1471 2409 1514 2442 Id
1531 2415 1598 2452 est,
1614 2411 1717 2443 aiter-

258 2466 329 2493 stat
359 2470 403 2492 ex
437 2459 602 2500 historiis,
633 2470 709 2492 cum
740 2460 773 2492 in
803 2462 959 2494 exercitu
1014 2461 1119 2492 natim
1147 2460 1220 2492 sive
1248 2460 1401 2494 alternis.
1445 2460 1521 2494 Lib.
1547 2470 1600 2493 vt.
1644 2461 1717 2493 ‘Et

257 2512 351 2544 nulla
379 2515 570 2551 apparente
591 2511 689 2555 jus-ta
713 2522 815 2544 causa
839 2513 903 2544 viri
924 2517 961 2545 et
1009 2511 1081 2553 jam
1094 2511 1224 2542 alterna
1237 2519 1356 2543 manus
1368 2510 1585 2554 frontemque
1599 2510 1718 2543 hume·

259 2562 336 2604 equi
365 2560 477 2592 subito
506 2570 631 2600 pavore
654 2563 902 2604 corripiuntur,
920 2573 960 2595 ac
1015 2571 1137 2604 rosque
1152 2560 1313 2593 lacessit?
1336 2560 1413 2593 Hoc
1428 2561 1501 2603 ipso
1516 2561 1578 2594 lib.
1600 2561 1612 2580 ‘
1625 2561 1717 2603 Quid

258 2611 372 2652 fugam
400 2611 554 2651 capiunt.
613 2611 849 2644 Conferendus
879 2623 962 2646 vero
1016 2613 1165 2644 alternos
1197 2612 1312 2643 vultus
1340 2612 1515 2653 pallorque
1543 2610 1716 2653 ruborque

259 2664 315 2694 hic
339 2663 444 2700 locus,
472 2661 505 2691 in
529 2669 594 2702 quo
610 2661 724 2702 agitur
739 2662 781 2693 de
796 2664 968 2704 Euryme«
1016 2663 1134 2695 Mutat
1145 2661 1170 2694 ?’
1214 2662 1271 2694 Sic
1286 2665 1323 2694 et
1334 2662 1394 2694 lib.
1409 2661 1560 2703 praeced.
1575 2660 1624 2694 vs.
1638 2662 1717 2694 ⁷96.

261 2714 367 2745 donte
382 2716 418 2744 et
436 2711 576 2743 Alatreo
593 2720 668 2742 cum
683 2712 750 2744 alio
768 2713 825 2745 lib.
843 2723 910 2745 vu.
925 2714 960 2745 in
1014 2715 1025 2732 ‘
1040 2714 1088 2745 Ut
1112 2711 1248 2752 alterni,
1274 2714 1340 2743 διε.
1385 2711 1620 2754 OEdipodionii
1642 2720 1721 2744 mu·

261 2772 327 2807 quo
350 2762 393 2794 de
418 2760 538 2793 iisdem
562 2761 712 2803 loquitur
733 2762 858 2805 Poeta,
881 2764 960 2807 qnia
1014 2768 1090 2797 tent
1106 2761 1463 2796 dia‹1ema1efratres.’
