1846 3120
654 209 941 242 'mammos
974 208 1072 241 mn.
1103 209 1193 240 vu.
1547 198 1569 240 1
1580 198 1660 241 131

182 305 336 351 Mars:
366 306 431 349 ita
446 305 579 349 dulce
599 305 631 349 J
634 306 725 349 ovi.
781 305 940 361 Longo
958 305 1075 360 fugit
1096 304 1250 348 ordine
1270 305 1407 347 velox

176 375 396 418 Tessera:
427 375 684 430 propellunt
704 375 842 426 acies,
862 387 1052 429 seseque
1068 374 1151 417 sub
1171 373 1305 417 armis

176 443 435 495 Ostentant,
456 443 651 485 subeunt
667 455 845 497 campo,
866 442 945 496 qui
962 442 1199 497 proximus
1220 441 1319 484 urbi

177 509 429 554 Damnatus
449 510 583 552 bellis
602 513 746 565 patet,
766 514 1070 564 expectatque
1090 509 1277 552 furores.

177 577 391 622 Nondum
410 577 555 635 hostis
574 577 710 629 circa,
732 576 905 632 trepido
927 580 1077 619 tamen
1093 578 1270 631 agmine
1289 583 1453 621 matres

166 645 498 691 Conscendunt
511 658 676 698 muros,
697 644 802 688 inde
822 657 944 688 arma
961 645 1147 688 nitentia
1165 646 1283 689 natis

1567 580 1655 624 240

173 801 288 837 viciae
302 803 458 838 Phocidos
468 815 482 844 ,·
504 804 552 838 ita
565 803 644 837 Jovz'
654 804 788 847 placuit.
834 804 927 837 Celer
940 808 1059 838 tessera
1070 807 1174 839 currit
1186 815 1244 848 per
1258 807 1367 848 longos
1378 807 1516 840 ordines.
1562 808 1655 841 Edic-

173 850 249 880 ωε
260 848 378 889 copias,
396 851 430 880 et
442 858 508 882 sese
520 851 698 881 monstrant
711 848 768 880 sub
781 848 892 888 armis,
905 848 1030 881 intrant
1044 859 1196 892 campum,
1211 851 1265 892 qui
1287 850 1414 892 propior
1428 851 1541 892 oppido
1555 851 1652 893 offer-

172 892 238 930 nr,
249 890 427 924 destinatus
445 891 581 933 preliis,
597 895 628 923 et
640 892 846 934 praestolatur
854 890 986 930 furores
1001 891 1086 926 belli.
1132 893 1282 925 Nondum
1295 893 1442 926 inimicus
1455 894 1561 927 circu.-
1584 904 1653 926 mu-

170 931 264 966 liam
275 936 382 966 tam
396 934 546 967 trementi
557 934 651 967 turba
664 937 856 976 exsuperant
868 934 996 977 moenia,
1009 945 1050 967 ex
1065 935 1178 978 quibus
1187 937 1355 969 ostendunt
1370 936 1479 970 liberis
1488 937 1653 979 fulgentia

789 1029 1034 1044 000000000000

169 1103 273 1138 cerac
295 1107 486 1147 epm—235
507 1104 741 1147 Euboicamque
763 1115 851 1138 unns
880 1106 1119 1139 lichen—239
1143 1105 1243 1139 Alter
1269 1106 1394 1140 Behot.
1421 1110 1653 1150 expectatque

160 1146 414 1187 Mea—240
437 1148 589 1181 Nondum
608 1149 707 1180 hostis
732 1153 842 1181 contra
868 1149 976 1191 Lang.
996 1150 1101 1182 Laur.
1127 1150 1279 1191 Lipsian.
1305 1150 1395 1182 Dan.
1413 1151 1498 1184 Put.
1523 1151 1649 1186 Petav,

170 1198 260 1223 unm
274 1190 404 1223 Beuot.
418 1189 523 1223 Aldd.
551 1191 664 1225 Colin.
695 1191 831 1234 Gryph.
851 1192 964 1225 Basil.
993 1193 1111 1225 Plani.
1125 1193 1358 1235 Lindenbr'og.
1374 1194 1479 1226 Cruc.
1504 1194 1651 1227 Gevart.

171 1233 331 1267 (ἰαυοῖ.
341 1237 379 1267 et
396 1232 544 1268 Amstel.
559 1234 644 1268 circa
659 1234 748 1268 alter
763 1235 890 1269 Behot.
903 1236 1038 1269 Buslid.
1053 1235 1156 1269 codd.
1172 1236 1395 1279 Gronoviani‚
1408 1237 1550 1278 Venett.
1567 1239 1600 1271 3.
1616 1240 1651 1270 4.

835 1331 978 1366 NOTAE

163 1404 305 1439 noeotia
319 1404 430 1438 divisa
444 1409 514 1438 tam
530 1406 666 1439 modico
681 1405 814 1449 Euripo
826 1407 878 1439 iu-

167 1455 366 1500 terflueute,
378 1462 419 1490 ut
433 1462 538 1500 ponte
548 1458 741 1501 jungatur:
767 1469 788 1491 a
802 1459 878 1492 Me-

167 1508 254 1543 ridie
279 1510 525 1552 promontoriis
552 1510 700 1551 duobus,
726 1510 877 1544 Geresto

166 1558 212 1592 ad
238 1558 393 1593 Atticam
421 1565 603 1603 vergente,
625 1565 662 1594 et
685 1561 728 1594 ad
745 1561 877 1594 Helles-

165 1613 311 1652 pontum
340 1611 520 1653 Caphareo
550 1611 707 1654 insignis,
742 1622 763 1644 a
792 1612 879 1655 Sep-

165 1661 353 1694 temtrione
368 1662 494 1695 Caeneo
508 1673 519 1696 ε
538 1672 707 1704 nusquam
722 1662 880 1695 latitudi-

165 1721 245 1746 nem
260 1712 355 1746 ultra
368 1715 423 1746 40.
435 1712 546 1745 millia
571 1721 734 1755 passuum
758 1717 879 1746 exten-

165 1762 234 1804 dit,
248 1771 416 1806 nusquam
430 1763 523 1796 iutra
538 1767 592 1796 20.
604 1764 801 1796 contrabit:
817 1764 879 1797 sed

165 1813 200 1847 iu
219 1813 472 1856 longitudinem
488 1814 657 1847 uuiversae
672 1814 820 1847 Boeotiae
836 1814 879 1847 ab

165 1863 288 1898 Attica
301 1865 336 1897 iu
350 1864 562 1898 Thessaliam
578 1874 685 1908 usque
703 1869 879 1907 praetensa

166 1914 202 1948 in
218 1917 296 1948 15⁰.
314 1915 424 1948 millia
445 1925 619 1958 passuum,
634 1915 779 1948 circuitu
795 1925 878 1948 vero

165 1969 326 1998 trecenta
362 1966 544 2008 sexaginta
579 1966 744 2008 quinque,
781 1967 878 2008 aquis

163 2014 286 2049 calidis
299 2025 378 2059 quoe
392 2016 596 2059 ⁴-Hellopiae
608 2015 619 2031 ’
636 2021 805 2048 vocantur
816 2026 876 2048 no-

163 2066 270 2100 bilis:
292 2068 408 2101 notior
430 2071 548 2103 tamen
570 2076 739 2099 marmore
756 2067 878 2109 Carys-

165 2118 228 2150 tio.
272 2118 364 2151 Haee
386 2117 523 2150 Plinius
552 2117 611 2151 lib.
638 2126 688 2150 ιν.
716 2127 795 2159 cap.
821 2121 874 2150 12.

165 2168 337 2211 Phocidos]
360 2168 452 2201 Vide
463 2168 577 2201 Theb.
595 2177 637 2200 n.

195 2221 271 2264 ⁴2⁸⁷
296 2219 439 2262 Tenem]
462 2219 555 2252 Hinc
577 2219 657 2251 olim
671 2222 802 2250 tessera
817 2217 876 2250 da-

162 2273 204 2304 ta
217 2269 356 2304 videtur
367 2270 442 2303 sine
457 2279 554 2303 voce.
597 2269 702 2302 Silius
713 2280 725 2302 ε
753 2270 764 2287 ‘
776 2269 874 2301 'raci-

162 2319 637 2366 'tuadntsessensignumss
663 2320 752 2353 Erat
766 2320 873 2353 breve

160 2372 307 2415 lignum,
336 2372 393 2405 eui
416 2375 501 2405 uota
526 2371 698 2413 iuscripta
711 2375 800 2413 erat,
817 2371 874 2404 vel

159 2423 338 2466 insculpta
355 2435 367 2464 ς
405 2421 498 2456 unde
524 2422 694 2464 Polybius
724 2424 875 2456 πλατεῖαν

161 2477 310 2508 usnemu
331 2477 448 2508 vocat.
490 2474 535 2507 Iu
558 2473 650 2507 bello
672 2478 787 2507 autem
803 2474 872 2508 fre·

87 2539 90 2542 ·
158 2529 312 2568 quenti-r
332 2526 386 2558 usi
412 2525 554 2559 tesseris
577 2525 726 2558 maxime
741 2525 786 2558 ad
802 2526 872 2558 col-

160 2572 337 2619 ligendum
367 2578 524 2618 militem,
549 2576 596 2610 ad
626 2576 806 2618 excubias,
827 2577 871 2610 ad

160 2636 324 2671 pugnam.
354 2629 411 2661 De
427 2632 564 2661 tessera
578 2627 621 2660 nd
636 2627 870 2670 colligendum

159 2678 304 2712 militem
321 2678 545 2721 accipiendus
568 2679 738 2721 Papinius
750 2679 819 2721 liic,
833 2683 871 2712 et

159 2729 326 2772 Virgilius
341 2729 418 2764 AEu.
433 2737 500 2763 vn.
525 2729 705 2762 ‘Classica
724 2730 870 2772 jamque

158 2783 307 2824 manti
326 2779 356 2812 it
369 2778 463 2814 bello
479 2784 610 2815 tessera
624 2779 782 2824 signum:
811 2781 869 2816 De

933 1418 975 1441 ea
1005 1419 1082 1451 quae
1110 1409 1154 1441 ad
1176 1408 1342 1442 excubias
1372 1409 1463 1442 idem
1480 1409 1649 1451 Papinius

934 1459 1043 1493 Theb.
1059 1470 1098 1493 x.
1114 1462 1123 1479 ‘
1135 1462 1209 1493 Dat
1226 1465 1358 1493 tessera
1375 1461 1520 1502 signum,
1533 1462 1649 1495 Excu-

934 1506 999 1542 biis
1027 1510 1221 1553 positaeque
1247 1510 1363 1543 vices!
1406 1511 1461 1543 De
1492 1521 1535 1544 ea
1568 1522 1648 1555 quae

934 1559 977 1593 ad
995 1570 1144 1602 pugnam
1161 1561 1321 1602 exempla
1337 1565 1418 1593 sunt
1433 1561 1536 1594 obvia
1554 1562 1648 1604 apud

934 1611 1138 1652 scriptores,
1154 1616 1194 1644 ut
1209 1611 1326 1643 Mario
1342 1611 1385 1643 ad
1401 1622 1552 1654 pugnam
1567 1623 1648 1646 con-

934 1665 988 1693 tra
1005 1661 1178 1702 Cimbros,
1209 1662 1330 1694 ‘Mars
1343 1661 1366 1694 :'
1390 1662 1498 1704 Syllae
1524 1669 1648 1697 contra

933 1712 1111 1745 Marianos
1127 1712 1139 1731 ‘
1152 1713 1342 1754 Delphicus
1355 1712 1480 1755 Apollo
1493 1713 1515 1747 :’
1532 1715 1646 1748 Caesa-

933 1763 965 1794 ri
979 1767 1101 1795 contra
1117 1763 1362 1805 Pompeianos,
1383 1765 1393 1782 ⁸
1407 1765 1527 1798 Venus
1549 1767 1647 1808 geni-

933 1814 1006 1845 trix
1023 1812 1046 1845 τ’
1079 1814 1298 1856 Philippensi
1328 1814 1405 1848 acie
1435 1817 1578 1862 Qaesari,
1608 1823 1647 1851 et

933 1863 1087 1897 Antonio
1125 1865 1135 1882 ‘
1155 1864 1309 1907 Apollo,’
1340 1865 1403 1898 sed
1433 1876 1475 1899 ea
1513 1869 1646 1901 vocalis

933 1920 1022 1949 erat.
1082 1914 1225 1949 Dabaut
1262 1917 1466 1960 plerumque
1504 1920 1646 1953 nomina

933 1966 1091 1998 Deorum
1123 1971 1183 1999 aut
1218 1967 1387 2010 Heroum,
1420 1972 1460 2000 ut
1488 1971 1644 2011 proxime

932 2021 1063 2058 patet;
1095 2018 1187 2060 quod
1224 2018 1391 2050 usitatum
1417 2019 1521 2052 etiam
1551 2023 1644 2063 apud

931 2068 1085 2109 Graecos,
1109 2074 1148 2101 ut
1165 2069 1344 2110 colligitur
1359 2078 1403 2101 ex
1420 2070 1594 2104 Pausania
1606 2072 1643 2106 iu

930 2118 1092 2152 Phocicis
1107 2129 1116 2151 z
1141 2119 1201 2151 ubi
1212 2119 1222 2137 ‘
1233 2118 1349 2152 Itonia
1363 2119 1543 2153 Minerva'
1559 2122 1644 2156 data

928 2169 1101 2202 Thessalis
1115 2174 1261 2211 tessera,
1272 2170 1509 2204 Pliocensibus
1526 2178 1644 2207 autem

929 2220 1119 2258 ‘Phocus‚’
1145 2231 1165 2253 a
1188 2231 1258 2264 quo
1285 2231 1412 2254 nomen
1442 2223 1641 2259 trahebant.

928 2272 1045 2304 Etiam
1075 2272 1168 2314 apud
1196 2273 1334 2315 Persas,
1361 2273 1391 2305 si
1415 2273 1644 2317 Xenophonti

924 2321 1013 2355 fides
1030 2322 1218 2364 Cyropaed.
1236 2331 1305 2356 vn.
1330 2323 1388 2355 ubi
1405 2334 1425 2356 a
1446 2324 1538 2366 Cyro
1558 2326 1644 2360 data

927 2376 1058 2405 tessera
1073 2371 1149 2406 Ζεὺς
1164 2371 1347 2415 σύμμαχος,
1364 2373 1417 2406 καὶ
1431 2373 1569 2418 ἡγεμὼν,
1579 2381 1643 2410 aut

927 2422 1003 2456 Ζεὺς
1017 2423 1132 2466 σῶτηρ.
1171 2424 1321 2466 Gallice,
1347 2426 1376 2457 le
1395 2429 1460 2458 mot
1485 2427 1528 2459 du
1549 2432 1640 2468 guae.

927 2475 1014 2508 Erat
1027 2479 1065 2508 et
1079 2480 1088 2494 ‘
1103 2480 1234 2508 tessera
1249 2475 1452 2518 hospitalis-¹

969 2530 1034 2560 238
1057 2526 1198 2559 Suberant
1212 2526 1336 2569 campo]
1360 2527 1542 2561 ‘Dictaeo'
1569 2529 1640 2563 dic-

928 2581 976 2610 to.

969 2629 1034 2660 240
1061 2628 1208 2660 Nondum
1244 2626 1344 2663 hostis
1373 2628 1459 2661 circa
1495 2630 1638 2673 [contra]

923 2679 1077 2721 Scripti:
1100 2681 1238 2713 nondum
1263 2680 1361 2712 hostis
1385 2681 1494 2719 circa;
1519 2682 1637 2715 urbem

924 2730 1091 2764 videlicet
1104 2734 1166 2764 aut
1178 2730 1214 2764 in
1230 2730 1369 2766 vicinia.
1402 2731 1596 2767 Gronooim
