1846 3120
649 234 941 267 THEBAmos
975 236 1072 268 mn.
1107 237 1197 269 vu.
1548 229 1656 273 1141

183 329 417 386 Euripum,
438 342 530 386 qua
546 333 699 374 noster
720 331 830 383 abit,
850 335 983 386 teque
1002 330 1160 375 ultima
1179 335 1324 377 tractu

181 397 440 451 Anthedon,
458 399 537 441 ubi
552 399 778 455 gramineo
797 400 854 442 de
872 400 1025 442 littore
1046 400 1256 445 Glaucus

181 467 428 510 Poscentes
446 467 606 523 irrupit
624 481 785 524 aquas,
799 467 897 523 jam
918 468 1038 510 crine
1056 468 1274 525 genisque

181 534 410 587 Coei-ulus,
430 539 476 578 et
495 536 663 579 mixtos
683 537 874 591 expavit
893 537 952 580 ab
972 536 1150 592 inguine
1169 539 1336 594 pisces.

180 602 441 646 Glandibus
461 606 506 646 et
525 607 645 647 torta
665 603 899 659 Zephyros
918 604 1116 649 incidere
1132 606 1274 650 funda

179 671 326 715 Cura:
357 670 599 727 Cydoneas
619 673 852 727 anteibunt
870 686 980 728 gesa
1001 674 1204 729 sagittas.

178 740 252 784 Tu
267 753 448 796 quoque
468 741 735 797 praeclarum
753 741 911 794 forma,
932 741 1169 798 Cephisse,
1190 743 1393 787 dedisses

179 807 460 862 Narcissum,
479 808 560 852 sed
577 808 846 865 Thespiacis
858 809 956 866 jam
977 809 1116 865 pallet
1133 810 1184 853 in
1205 811 1322 867 agris

1570 404 1661 448 335

1568 746 1656 791 340

175 927 234 1003 m
245 930 277 960 te
289 926 406 966 colunt,
419 926 603 971 Anthedon,
627 938 698 971 qua·
718 930 861 961 extrema
879 931 999 960 nostrae
1021 927 1153 962 ditionis
1175 939 1222 971 es,
1242 928 1298 962 ubi
1316 929 1600 963 Glaucusinsiluit
1614 939 1661 963 eac

234 970 308 1003 bida
333 971 404 1013 ripa
418 972 454 1004 in
470 973 584 1012 undas,
605 982 675 1014 quoe
696 972 798 1014 ipsum
812 972 1045 1012 desiderabant,
1058 971 1130 1013 jam
1152 973 1255 1005 luceas
1269 973 1385 1005 habens
1399 983 1503 1006 comas
1517 973 1653 1013 faciem·

176 1023 249 1055 qne,
261 1016 295 1046 et
309 1014 472 1047 exhorruit
488 1015 632 1055 confisos
645 1015 746 1057 pisces
756 1015 794 1047 de
808 1015 941 1055 inguine
951 1018 1070 1048 enatos.
1097 1015 1249 1048 Studium
1263 1019 1310 1048 est
1325 1016 1372 1048 eis
1376 1016 1527 1058 findendi
1541 1020 1655 1050 ventos

173 1056 346 1097 glandibus
359 1061 392 1090 et
404 1057 512 1098 sunda
524 1061 630 1091 rotato
638 1069 649 1090 .·
670 1067 749 1099 gesa
763 1067 871 1090 eorum
887 1059 1068 1099 proecedent
1081 1059 1220 1099 sagittas
1237 1060 1413 1092 Cretenses.
1459 1060 1509 1092 Tu
1522 1070 1653 1102 quoque,

176 1098 338 1143 nepum,
357 1099 552 1143 proebnisses'
568 1103 610 1134 ud
625 1101 739 1135 bellum
753 1101 940 1134 Narcissum
956 1102 1191 1143 pulchritudine
1205 1102 1364 1144 insignem
1372 1114 1386 1142 ,-
1408 1104 1463 1136 sed
1476 1103 1548 1143 jam
1562 1102 1656 1143 fems

996 1187 1038 1199 00

173 1251 238 1283 323
261 1250 342 1284 Pnt.
364 1250 561 1295 refluumque
581 1252 924 1286 mentm—BM‘Dan.
939 1252 1032 1286 habet
1054 1255 1168 1295 teque5
1192 1253 1278 1286 Put.
1294 1254 1422 1287 Petav.
1438 1253 1508 1286 abit
1532 1263 1653 1296 quaque

170 1293 295 1326 auimo.
316 1292 409 1327 Vide
426 1295 511 1328 Not.
528 1295 725 1328 Van—336
747 1296 841 1329 Dan.
862 1295 949 1329 Put.
971 1296 1100 1329 Petav.
1115 1305 1202 1329 unus
1224 1296 1351 1330 Behot.
1367 1295 1599 1340 Lindenbrog.
1615 1302 1654 1330 et

174 1336 279 1371 Crnc.
293 1337 564 1380 irrumpit-43⁷
587 1338 741 1372 Gronov.
757 1338 906 1372 Observ.
924 1349 959 1381 p.
976 1342 1052 1372 142.
1066 1339 1174 1382 legit:
1198 1340 1238 1372 ab
1255 1341 1388 1382 inguine
1411 1340 1653 1381 misces—340

172 1378 267 1414 Dan.
289 1380 455 1414 Heinsius
482 1382 524 1415 ad
550 1382 732 1416 claudian.
748 1382 839 1417 Bell.
855 1378 938 1416 Get.
956 1385 1033 1416 583.
1055 1382 1154 1426 legit,
1168 1383 1286 1424 sormoe
1297 1394 1310 1422 ,-
1332 1384 1381 1416 ita
1404 1393 1541 1427 quoque
1556 1384 1651 1416 Dan.

837 1470 987 1505 NOTAE

173 1541 278 1565 verso
304 1531 404 1575 mari,
433 1532 543 1566 veluti
570 1534 681 1567 monti
709 1534 887 1577 praecipiti

173 1582 357 1616 devolutus
392 1586 529 1617 torrens
565 1583 727 1628 rapitur-,⁸
791 1585 886 1619 Hine

174 1634 324 1677 Euripu-
339 1636 402 1677 per
417 1635 682 1670 similitudinem
696 1635 811 1669 dietus
826 1646 887 1669 ex-

171 1685 252 1719 ilior
272 1692 438 1728 aquarum
462 1685 601 1720 ductus.
645 1687 769 1721 Cicero
784 1688 886 1721 initio

171 1745 215 1771 n.
229 1736 273 1770 dc
296 1736 448 1779 Legibus
473 1737 523 1770 sic
549 1737 613 1771 sub
627 1736 743 1771 Attici
766 1747 884 1781 perso-

172 1798 235 1822 na:
260 1788 272 1807 ‘
289 1788 458 1832 Equidem
472 1788 532 1832 qui
554 1798 646 1823 nunc
661 1789 811 1832 primum
826 1798 884 1823 ve·

171 1839 298 1882 nerim,
318 1839 440 1872 satiari
463 1849 532 1872 non
560 1849 662 1883 queo,
681 1840 882 1883 magnificas

170 1891 284 1932 villas,
297 1895 335 1924 et
349 1891 551 1934 pavimenta
559 1901 764 1930 marmorea,
780 1896 818 1925 et
832 1893 882 1925 la-

170 1947 294 1985 queat·
307 1945 406 1975 tecta
419 1947 616 1977 contemno.
645 1944 786 1977 Ductus
802 1953 883 1976 vero

172 2002 352 2037 aquarum,
366 2003 454 2037 quos
473 1994 534 2028 isti
558 1995 659 2028 Nilos
680 1999 717 2028 et
732 1995 884 2038 Euripos

169 2047 310 2085 vocant,
324 2044 402 2087 quis
416 2053 496 2087 non,
508 2054 587 2078 cum
599 2045 674 2079 haec
690 2045 828 2088 viderit,
842 2046 886 2079 ir-

168 2094 286 2128 riserit
297 2093 323 2127 ?'

203 2146 379 2184 ⁴Bulla·
399 2150 507 2180 meter
530 2146 614 2188 abit]
650 2147 695 2180 Id
721 2150 787 2186 est,
814 2157 883 2190 qua

168 2201 322 2231 nostram
347 2198 522 2231 Boeotiam
552 2197 666 2230 alluit.
740 2198 880 2240 Ultima]

169 2248 262 2283 Qui·
290 2249 414 2282 ultima
442 2249 592 2283 Boeotioe
623 2248 774 2291 regionis
799 2254 880 2292 post

166 2299 335 2341 Salganea
346 2299 457 2332 etiam
468 2299 651 2333 Straboni.
695 2299 791 2334 Hinc
807 2299 881 2333 Ho-

167 2356 265 2384 mero
279 2349 471 2393 &xuni-ou
482 2351 622 2393 dicitur,
635 2350 671 2383 id
680 2356 746 2393 est,
757 2352 881 2387 ultima.

209 2404 275 2435 ⁸⁸5
297 2402 482 2444 Anthedon]
512 2403 606 2436 Urbs
627 2402 778 2436 Boeotiae
806 2402 878 2436 An·

168 2453 312 2488 thedom
359 2453 519 2496 Glanum]
541 2454 698 2488 Glaucus
723 2454 878 2496 piscator

166 2503 423 2546 Anthedonius,
437 2514 516 2539 cnm
533 2505 647 2547 pisces
674 2510 797 2548 captos
817 2515 878 2548 po·

166 2556 293 2589 suisset
321 2556 358 2589 in
388 2557 523 2600 littore,
558 2557 664 2601 hique
692 2558 878 2591 herbarum

165 2610 263 2640 tactu
276 2607 314 2640 in
324 2617 420 2642 mare
435 2608 665 2651 maluissent,
688 2619 761 2642 rem
777 2610 878 2643 mira-

165 2662 236 2700 tus,
250 2658 379 2692 herbas
398 2658 460 2692 has
482 2659 588 2693 etiam
618 2660 695 2703 ipse
707 2661 878 2703 gnstavit,

166 2719 235 2753 quo
257 2708 352 2743 facto
374 2709 452 2753 ipse
473 2710 509 2744 in
529 2721 626 2745 mare
648 2721 687 2745 se
713 2713 879 2756 projecit,

167 2764 391 2803 mutatusque
406 2765 461 2794 est
475 2761 512 2796 in
525 2763 642 2797 Deum
657 2764 837 2798 marinum.

177 2832 180 2835 Δ
210 2812 278 2845 886
302 2813 383 2846 «lm
407 2813 497 2848 crine
529 2814 682 2857 genisque
722 2815 882 2859 Coendus]

941 1534 1091 1568 coerulei
1118 1535 1210 1568 enim
1233 1534 1292 1568 Dii
1321 1533 1459 1576 marini,
1484 1544 1506 1567 a
1534 1533 1651 1568 colore

940 1586 1044 1618 maris
1061 1586 1227 1619 coeruleo.

982 1638 1047 1670 3³⁷
1071 1637 1119 1669 Et
1154 1637 1273 1669 mixtos
1299 1636 1427 1679 expavit
1455 1637 1496 1670 ab
1520 1635 1652 1677 inguine

936 1686 1056 1731 pisces]
1101 1687 1193 1722 Quia
1221 1686 1286 1720 Dii
1320 1687 1445 1720 marini
1478 1687 1651 1730 superiori

939 1743 1039 1782 parte
1066 1738 1220 1772 homines
1244 1743 1359 1780 erant,
1381 1735 1650 1772 inferiori‘vero

938 1790 974 1823 in
991 1790 1139 1832 piscium
1155 1789 1284 1823 caudas
1298 1789 1522 1822 desinebant.

980 1843 1046 1873 338
1072 1840 1266 1882 Glandibus]
1287 1840 1406 1873 Innuit
1432 1839 1651 1873 Anthedoni-

937 1901 975 1924 os
988 1891 1096 1925 fuisse
1111 1891 1307 1925 funditores
1324 1892 1465 1934 peritos.

978 1946 1044 1976 339
1057 1943 1235 1986 Cydoneas]
1251 1943 1452 1985 Cretenses,
1466 1953 1487 1975 a
1502 1942 1649 1985 Cydone

937 1994 1024 2027 urbe
1053 1995 1185 2028 Cretae.
1229 1994 1415 2027 Cretenses
1447 1998 1562 2028 autem
1594 2004 1647 2028 sa·

937 2045 1087 2088 gittandi
1097 2046 1312 2088 peritissimi.

982 2099 1047 2130 340
1087 2097 1254 2139 Cephisse]
1302 2097 1487 2140 cephissus
1523 2096 1647 2130 fluvius

938 2147 1107 2182 Boeotiae:
1133 2153 1246 2182 ortum
1265 2148 1371 2182 habet
1393 2150 1430 2181 in
1452 2149 1648 2185 Trinemiis.

936 2203 974 2232 et
987 2202 1119 2242 praeter
1126 2199 1336 2242 Larymnam
1347 2197 1462 2232 influit
1474 2199 1510 2231 iu
1527 2209 1647 2241 agrum

937 2249 1107 2292 Atticum,
1127 2249 1281 2293 hincque
1303 2250 1339 2282 in
1363 2250 1474 2282 sinum
1489 2249 1647 2283 Phalari-

938 2310 1015 2334 cum
1031 2299 1233 2334 effunditur.

978 2355 1041 2386 341
1079 2351 1284 2394 Narcissum]
1332 2351 1518 2384 Narcissus
1556 2360 1645 2393 puer

934 2402 1054 2437 formae
1066 2403 1215 2446 egregias
1229 2402 1309 2446 fuit,
1323 2403 1397 2446 qui,
1420 2413 1482 2436 sua
1495 2402 1647 2445 imagine

930 2456 967 2489 in
981 2455 1111 2489 fontem
1124 2460 1326 2498 conspecta,
1336 2455 1511 2498 suiipsius
1527 2465 1646 2490 amore

932 2508 983 2540 ita
1008 2507 1153 2548 exarsit,
1179 2512 1230 2549 ut,
1261 2516 1341 2539 cum
1371 2507 1468 2539 nulla
1494 2505 1645 2539 facultas

932 2563 1024 2598 esset
1041 2558 1181 2591 fruendi
1212 2558 1348 2599 amoris,
1375 2557 1481 2590 nimio
1508 2556 1646 2590 deside—

932 2611 986 2643 rio
1009 2610 1243 2651 contabuerit,
1267 2613 1305 2642 et
1329 2617 1450 2641 versus
1476 2606 1586 2640 fuerit
1609 2608 1647 2640 in

932 2660 1055 2695 florem
1078 2662 1131 2695 sui
1153 2660 1315 2694 nominis.
1359 2659 1452 2692 Vide
1479 2658 1646 2693 Ovidium

934 2714 1024 2747 Met.
1040 2722 1100 2747 ur.
1137 2712 1267 2746 Scribit
1281 2710 1472 2744 Pausanias
1489 2719 1645 2743 sororem

935 2765 1102 2799 Narcisso
1129 2764 1302 2806 geminam
1324 2761 1448 2804 fuisse,
1472 2771 1550 2795 cum
1575 2762 1645 2795 oris

936 2817 1057 2860 specie
1078 2816 1171 2850 omni
1198 2825 1242 2849 ex
1258 2818 1359 2858 parte
1383 2813 1542 2853 similem,
1570 2817 1644 2847 tum
