1858 3112
425 251 470 293 12,
502 249 694 282 nemu
726 249 892 281 s'rA'ru
926 249 1074 282 svm.
1104 251 1203 283 ms.
1226 251 1302 282 111.
1331 241 1378 283 3:

161 346 172 363 ‘
185 345 317 379 fulmen
327 344 340 361 '
350 344 590 388 appellabant.
634 344 790 379 Martini.
811 344 871 376 lib.

163 402 216 429 vr.
229 395 276 431 de
288 395 412 428 eedem
423 395 489 429 hoc
501 396 680 428 Hetrusco
689 395 732 428 ad
748 395 872 428 Domi-

163 445 248 481 tian.
289 446 405 480 ‘Nam
435 452 475 480 tu
504 447 610 479 missa
623 451 685 479 tua
699 446 872 478 revocasti

161 494 308 530 fulmina
322 496 460 537 dextra,
474 497 550 530 Hos
573 506 736 539 cuperem
756 506 870 528 mores

160 548 300 591 rgaibm
315 557 391 581 esse
404 548 527 582 Joviu?
569 547 716 581 Ovidius
739 547 782 580 ad
797 546 871 579 Au-

160 604 255 642 gust.
298 599 310 618 ‘
321 599 436 632 Parce
451 597 801 640 precox-,fulmenque
818 602 870 630 tu-

158 659 234 690 um,
254 655 316 682 tua
341 650 415 685 tela
438 648 600 690 reconde,
622 648 704 680 Heu
727 648 868 698 nimium

160 700 289 733 misero
302 699 443 742 cognita
455 700 526 732 tela
543 698 647 732 mihi:
690 698 748 731 Sic
763 699 869 731 etiam

162 750 298 783 Plinius
323 750 496 792 Panegyr.
524 750 570 782 de
600 749 721 782 amicis
747 749 818 781 suis
848 759 870 782 a

161 798 366 834 Domitiano
377 801 413 833 in
423 801 564 833 exilium
577 800 711 842 ejectis.
735 799 868 832 Gevart.

206 853 271 884 ιω
291 850 471 892 Monuisse]
502 851 582 884 Non
605 849 763 883 affecisse
787 860 867 892 sup-

160 899 290 942 plicio:
325 901 388 935 sed
413 902 586 934 monuisse
613 901 723 934 errati
750 911 867 934 senem

161 951 357 985 Claudium.
378 952 506 985 Dos-ie.

204 1002 269 1036 1⁶⁵
292 1003 407 1036 Limen
421 1003 624 1046 leeum]
656 1003 727 1036 Vel
742 1004 867 1045 palati-

159 1055 391 1087 nummulum:
414 1055 470 1087 vel
484 1059 582 1088 certe
596 1055 768 1087 aerarium.
799 1055 866 1087 Re-

157 1104 270 1145 stitni,
304 1105 432 1147 inquit,
467 1114 547 1138 eum
595 1104 741 1146 pristino
776 1104 866 1137 loco.

161 1155 399 1198 aarum]
445 1156 660 1189 Marcomani
688 1156 866 1198 conjuncti

157 1214 238 1239 cnm
261 1205 428 1239 Sarmatis
453 1206 580 1240 bellum
603 1206 767 1239 adversus
793 1207 866 1239 Do-

156 1257 335 1291 mitianum
363 1261 556 1299 gesserunt.
583 1271 587 1278 2
616 1257 693 1290 Hos
722 1258 866 1299 populos

158 1307 380 1340 Marobutius
402 1317 445 1340 ex
469 1307 590 1341 humili
610 1309 688 1341 loco
703 1308 748 1340 ad
776 1308 866 1341 Rhe-

157 1367 238 1391 num
251 1358 430 1392 coloniam
445 1358 603 1391 duxerat.
646 1358 866 1391 Domitianus

158 1409 270 1443 victos
292 1410 407 1443 noluit
425 1410 554 1443 ducere
576 1409 612 1442 in
635 1409 865 1451 triumphum:

154 1459 219 1493 «sd
230 1465 367 1494 tantum
379 1460 424 1493 de
434 1469 478 1493 ea
487 1460 634 1493 victoria
648 1461 800 1492 lauream
815 1460 867 1492 in-

158 1510 240 1544 tulit
266 1510 349 1545 Jovi
373 1510 571 1552 Capitolino
599 1511 674 1543 sine
702 1510 866 1553 triumphi

156 1569 299 1603 pompa.
340 1561 558 1603 Tranquillus
587 1566 709 1594 auctor
736 1567 772 1594 et
802 1572 865 1595 nos

157 1611 252 1653 apud
267 1611 423 1644 Martini.
438 1611 601 1644 diximus.
622 1611 788 1654 Papinius
805 1613 866 1646 tri-

159 1661 236 1694 buit
248 1662 312 1694 hoc
333 1662 529 1695 clementiae
551 1661 789 1704 Imperatoris,
806 1664 866 1705 qui

155 1712 288 1745 hostem
300 1716 442 1754 captum
455 1712 491 1744 in
506 1712 651 1745 vinculis
661 1712 790 1745 ducere
805 1723 866 1746 no·

157 1764 275 1797 luerit.
303 1764 406 1797 Iden.
463 1761 698 1804 Marcomanos]
735 1764 865 1806 Populi

156 1813 371 1856 Germaniae,
392 1813 437 1846 de
452 1814 575 1857 quibus
590 1814 707 1847 Strab.
724 1815 785 1848 lib.
801 1825 865 1849 vu.

156 1863 360 1898 creduntur
379 1864 526 1897 Bohemi
547 1863 650 1897 hodie
673 1873 759 1898 esse.
781 1866 865 1898 Ber-

157 1918 243 1948 me.
734 1939 737 1941 -

200 1967 262 1999 1‘11
286 1964 465 2006 sumam,
476 1965 549 2007 &et-J
570 1965 702 1999 Suevos
716 1965 788 1998 dici
803 1977 865 2009 pu·

156 2020 196 2047 to
208 2015 310 2048 eum‘
323 2015 493 2048 Sarmatis
506 2013 518 2029 '
533 2024 596 2047 seu
610 2016 621 2034 ‘
633 2017 846 2048 Sauromatis
857 2017 866 2030 ¹

155 2066 212 2098 vel
227 2069 266 2098 et
285 2066 297 2084 ‘
312 2063 465 2108 Lygios!
507 2066 591 2099 Vise
612 2071 733 2099 notata
747 2068 866 2110 Lipsio

157 2117 201 2148 ad
215 2117 299 2150 Tac.
315 2116 412 2149 Hist.
440 2126 467 2150 1.
488 2127 522 2159 p.
543 2121 620 2151 45³.
643 2125 680 2151 et
696 2120 866 2153 Scriverio

155 2166 202 2199 ad
218 2167 374 2200 Martial.
389 2167 451 2201 lib.
471 2176 528 2200 rx.
547 2169 668 2211 Epigr.
684 2173 760 2202 101.
771 2171 865 2210 ,Ger-

154 2226 275 2251 manos
289 2217 448 2250 devictos
459 2227 481 2250 a
491 2218 691 2252 Domitiano
704 2220 791 2253 dicit
804 2222 863 2256 lib.

157 2277 212 2301 ιν.
228 2269 341 2302 canu.
356 2271 391 2301 2.
405 2268 466 2301 sn.
484 2269 605 2302 Barth.

200 2321 264 2351 188
289 2319 430 2351 Fortuna
443 2319 609 2361 redeunte]
647 2321 732 2353 Cum
749 2322 796 2354 sis
811 2332 865 2354 re-

155 2375 301 2404 vocatus
313 2369 358 2402 ab
374 2369 491 2402 exilio.
539 2370 663 2411 Quique
673 2373 776 2415 tener]
789 2373 864 2405 Sci-

155 2419 214 2463 pio
229 2425 364 2462 patrem
379 2419 531 2453 servavit
556 2420 600 2452 ad
622 2421 785 2454 Ticinum
801 2433 864 2455 seu

153 2470 328 2511 Trebiam,
364 2475 547 2513 utrumque
582 2471 672 2504 enirn
704 2473 865 2517 traditur,

154 2530 233 2553 cnm
254 2525 292 2553 et
315 2521 389 2562 ipse
412 2529 500 2562 puer
519 2526 627 2562 esset,
643 2526 680 2555 et
702 2529 805 2565 pater
820 2525 864 2557 ah

154 2570 310 2604 hostibus
336 2570 568 2604 circundatus.
610 2571 732 2606 Silius:
767 2574 777 2591 ‘
790 2579 863 2606 tum

153 2626 258 2664 rapta
272 2630 423 2664 propere
439 2630 484 2653 ex
508 2621 640 2655 ossibus
657 2622 756 2655 hasta
772 2624 863 2657 Invi·

154 2681 231 2706 anm
245 2674 382 2705 cervice
393 2671 507 2705 ferens
522 2673 731 2716 humeroque
742 2685 863 2717 paren-

156 2727 228 2755 tem
246 2722 409 2756 Emicat.'
453 2722 523 2755 Sed
546 2725 676 2756 servati
693 2725 863 2767 Scipionis

154 2772 263 2805 decus
298 2773 415 2806 celius
459 2775 679 2807 historiarum
715 2777 864 2818 scriptor

154 2832 256 2860 servo
265 2823 405 2861 natione
418 2825 537 2868 Liguri
554 2825 672 2859 tradit.
687 2826 863 2861 Domitius.

1514 243 1628 285 1711

965 348 1028 378 186
1050 345 1104 378 Aa
1118 340 1245 387 Manes,
1257 345 1380 386 ignare,
1393 345 1464 388 &tx-J
1480 345 1627 388 Repone

920 404 964 428 ex
988 396 1131 429 Senensi
1157 397 1225 429 Ms.
1246 402 1283 428 et
1306 397 1404 429 Rom.
1420 397 1627 439 Venetaque

920 445 1096 480 editione:
1127 448 1183 478 Ad
1208 447 1336 488 Manes,
1363 447 1505 486 ingrate,
1521 447 1629 488 sugis.

919 496 978 528 Ita
989 497 1079 529 enim
1095 498 1130 529 in
1146 497 1212 529 hac
1228 497 1501 538 comploratione
1516 498 1628 540 loqui-

920 551 990 588 tur,
1005 548 1101 589 quasi
1120 548 1238 580 volens
1265 553 1366 589 pater
1391 558 1428 580 se
1453 549 1627 591 relinquat

920 604 958 630 et
995 604 1162 641 properet
1198 598 1380 642 fugiatque
1417 600 1462 632 ad
1492 600 1627 633 Manes.

892 649 1121 691 '‘Ingratus'
1154 660 1250 692 ergo,
1288 650 1346 692 qui
1381 660 1450 682 non
1485 651 1627 691 agnovit

919 699 1050 732 utendo
1078 700 1282 733 beneficium
1305 701 1465 733 Caesaris.
1507 701 1627 734 Verba

919 750 1116 792 impatienti
1140 751 1259 784 dolore
1284 761 1460 794 expressa.
1485 752 1624 786 Gronov.

918 800 1032 833 Diatr.
1047 811 1076 833 c.
1095 804 1150 834 34.
1403 802 1405 806 '

961 854 1025 884 192
1047 853 1181 895 Mariti]
1204 852 1354 886 Admeti.
1390 852 1541 886 Alcestis
1557 853 1625 887 Pe-

917 901 961 933 lei
975 900 1047 933 filia
1057 911 1145 934 uxor
1157 902 1298 934 Admeti
1314 902 1404 944 regis
1415 902 1604 936 Thessaliae
1616 914 1626 936 :

916 958 956 985 ut
974 952 1146 985 Homerus
1165 953 1202 985 in
1225 954 1378 986 secundo
1408 955 1552 987 scribit:
1588 960 1626 987 et

918 1003 1093 1036 Diodorus
1109 1004 1237 1037 tradit:
1263 1009 1302 1036 ut
1324 1005 1460 1037 viveret
1479 1005 1624 1038 maritus

916 1054 990 1096 ipsa
1004 1059 1142 1087 mortua
1157 1060 1234 1087 est:
1269 1055 1419 1097 aliquem
1443 1055 1535 1087 enim
1561 1066 1625 1098 pro

916 1115 959 1137 eo
974 1106 1062 1138 mori
1076 1111 1241 1147 oportere
1259 1106 1488 1148 responderat
1503 1116 1624 1139 oracu-

916 1156 999 1188 lum.
1044 1156 1127 1189 Fuit
1140 1157 1223 1189 item
1237 1156 1407 1189 Admetus
1420 1166 1483 1188 rex
1499 1158 1627 1190 Molos·-

916 1214 1042 1242 sorum,
1057 1205 1100 1237 ad
1125 1216 1226 1248 quem
1251 1205 1408 1248 confugit
1433 1207 1625 1240 Themisto-

916 1257 999 1288 cles.
1045 1257 1157 1298 Hujus
1179 1257 1335 1289 meminit
1350 1256 1573 1299 Thucydides
1588 1257 1624 1290 in

914 1306 1063 1339 secundo
1079 1307 1201 1339 histor.
1227 1306 1400 1339 Domitius.

960 1360 1022 1390 195
1059 1358 1174 1390 Potuit
1212 1358 1346 1399 Phryga
1381 1356 1518 1398 vincere]
1553 1357 1625 1390 Per

915 1408 1057 1450 Phryga
1079 1408 1349 1448 Rhadamantus‚
1363 1417 1426 1448 per
1440 1408 1624 1440 Thracium
1683 1408 1685 1410 ’

916 1457 1077 1499 Orpheus
1102 1458 1290 1499 exponitur
1310 1467 1331 1489 a
1345 1457 1510 1491 Domitio.
1553 1458 1623 1490 Sed

915 1517 1081 1551 nusquam
1118 1509 1185 1550 legi
1216 1508 1492 1540 Rhadamantum
1520 1506 1625 1540 fuisse

916 1561 1069 1604 Phryga,
1090 1562 1149 1605 qui
1175 1561 1324 1594 Gnosius
1346 1565 1382 1592 et
1404 1560 1581 1592 Cretensis
1604 1570 1625 1592 a

914 1614 1064 1655 Virgilio
1078 1614 1221 1646 dicitur.
1266 1613 1392 1655 Itaque
1407 1614 1495 1644 hunc
1510 1613 1624 1645 locum

916 1666 1018 1705 plane
1057 1663 1253 1705 depositum
1284 1673 1353 1695 non
1383 1662 1486 1694 aliter
1515 1664 1626 1694 sanari

917 1724 1019 1756 posse
1044 1715 1220 1755 existimo,
1235 1724 1338 1756 quam
1359 1713 1387 1745 si
1414 1723 1476 1755 pro
1491 1713 1624 1756 Phryga

915 1765 1071 1807 legamus
1087 1766 1204 1808 Styga.
1250 1765 1339 1797 Haec
1354 1774 1431 1797 mea
1447 1765 1624 1806 conjectu—

914 1826 966 1857 ra,
980 1827 1082 1860 quam
1099 1816 1241 1859 probavi
1251 1817 1326 1858 jam
1342 1816 1477 1858 pridem
1492 1817 1624 1859 aliquot
1677 1858 1679 1861 ι

914 1867 1072 1900 eruditis.
1108 1868 1214 1900 Certe
1231 1867 1383 1909 proxime
1399 1867 1500 1899 abest
1516 1878 1536 1899 a
1552 1868 1624 1899 vul·

915 1922 998 1958 gata
1013 1917 1178 1956 lectione,
1194 1922 1230 1948 et
1245 1917 1352 1949 menti
1377 1916 1490 1958 poetae
1505 1917 1623 1959 impri-

915 1968 977 1999 mis
1001 1967 1174 2000 convenit.
1219 1967 1312 2001 Quid
1339 1966 1498 2000 facerent
1517 1968 1623 2000 inter—

914 2021 1031 2059 pretes
1042 2018 1105 2050 nisi
1119 2019 1241 2050 liceret
1256 2019 1426 2050 interdum
1439 2016 1624 2058 στοχάζειν,

914 2071 949 2102 in
959 2070 1010 2103 his
1025 2071 1202 2113 praecipue
1213 2071 1331 2113 sylvis,
1340 2081 1482 2113 quarum
1494 2071 1552 2102 vix
1562 2072 1623 2103 nlli

915 2123 1052 2155 codices
1067 2122 1137 2155 fide
1149 2122 1245 2164 digni
1265 2122 1514 2163 reperiuntur?
1539 2122 1620 2153 Cru-

913 2184 996 2207 cens.

958 2227 1023 2257 197
1063 2226 1111 2257 Tu
1144 2228 1248 2257 custos
1291 2224 1494 2265 domnusque
1529 2223 1622 2265 laris]

913 2275 1013 2307 Tolle
1041 2275 1186 2317 rogandi
1212 2279 1330 2306 notam
1358 2284 1378 2306 a
1400 2274 1490 2306 mala
1519 2283 1623 2306 manu

914 2325 1102 2368 adpictum.
1118 2326 1271 2358 Bernart.

956 2379 1021 2408 201>
1044 2376 1146 2408 Linea
1159 2375 1253 2416 ceroe]
1277 2375 1346 2407 Hic
1362 2384 1423 2416 pro
1439 2375 1622 2407 lineamen-

915 2426 960 2458 tis
977 2427 1091 2459 vultus
1109 2426 1213 2466 cerei,
1229 2425 1396 2467 siquidem
1412 2426 1563 2466 pictores
1580 2426 1622 2457 li-

914 2484 996 2508 neas
1023 2476 1150 2508 ducere
1177 2476 1316 2518 proprie
1343 2476 1519 2507 dicuntur.
1565 2477 1623 2508 Li·

913 2526 987 2558 neis
1003 2526 1093 2558 enim
1109 2531 1293 2558 stemmata
1315 2525 1558 2558 discurrebant
1578 2526 1620 2557 ad

916 2576 1026 2618 pictas
1051 2585 1133 2608 cera
1158 2576 1338 2617 imagines.
1360 2575 1452 2608 Plin.
1476 2585 1507 2608 c.
1524 2578 1557 2609 2.
1585 2582 1623 2608 et

912 2629 946 2659 8.
991 2626 1218 2667 Munitumque
1230 2626 1365 2666 somnia,
1376 2625 1552 2658 Vaticinia
1576 2636 1621 2658 ex

913 2676 1091 2708 insomniis
1106 2676 1185 2707 olim
1203 2680 1358 2718 captata,
1377 2685 1422 2708 ex
1437 2676 1621 2718 Peripate-

913 2727 1060 2759 ticorum
1085 2726 1254 2766 doctrina,
1269 2726 1328 2768 qui
1352 2726 1499 2758 animam
1516 2727 1620 2758 inter-

914 2777 974 2810 diu
990 2778 1127 2819 corpori
1140 2778 1279 2818 servire,
1296 2782 1402 2810 noctu
1418 2778 1559 2809 liberam
1576 2777 1618 2808 ab

914 2828 991 2870 ejus
1001 2827 1190 2861 ministerio
1202 2829 1380 2861 veritatem
1392 2827 1528 2861 facilius
1541 2836 1618 2868 per-
