1846 3120
385 251 428 293 r.
461 247 654 282 run-111
686 245 852 280 srsrn
887 245 1033 279 sym.
1065 245 1164 277 mn.
1196 246 1229 277 1.
1259 234 1299 278 1.

106 347 358 388 argumentum.
402 341 546 387 Apelles
566 341 756 376 centesinn
778 345 816 374 et

107 393 314 432 duodecima
349 392 562 435 olympiade
604 392 642 425 in
667 390 817 435 'pictura

108 443 198 478 adeo
222 442 403 487 peffeetu·
429 448 495 482 est.
525 447 565 477 ut
594 443 695 486 plura
724 442 816 474 solus

109 503 221 538 prope
233 502 335 538 qnam
351 494 474 527 caeteri
493 503 611 527 omnes
630 491 819 526 contulerit

108 544 341 578 voluminibus
366 544 484 587 editis,
516 545 595 587 qula
624 543 819 577 doctrinam

111 603 189 633 eam
210 594 414 629 continent:
441 594 667 638 simplicitate
694 594 818 628 formae

113 644 344 688 exprimenda
370 639 409 680 in
430 645 551 687 primis
571 645 710 678 claruit.
761 645 820 677 De

110 706 180 743 quo
208 696 372 738 Propert.
390 695 404 730 4
425 695 549 730 Qualis
577 695 736 738 Apelleis
765 698 822 728 est

111 747 210 783 color
223 746 258 781 in
275 745 415 780 tabulis.
415 744 427 762 ’
449 746 626 784 Domitius.

157 798 220 832 1⁰1
247 797 460 839 Optumum
471 795 649 839 moestu]
686 796 755 830 Vix
770 796 822 829 nl-

112 848 193 886 lus·
183 858 219 882 ιιι
229 847 347 890 Statio
357 848 452 881 locus
466 847 553 890 est,
543 858 580 881 ιιι
593 857 661 891 quo
674 847 751 890 plus
766 847 824 879 de·

113 880 273 934 sudat-int
301 897 578 932 doctissimorum
600 899 750 932 virorum
775 898 825 929 in-

115 949 231 995 genia.
272 947 431 981 Phidiam
459 948 597 991 quidem
631 947 692 982 At·
694 949 824 984 :wien

50 998 71 1032 .’
115 1009 191 1034 aem
218 999 439 1042 sculptorem
474 998 531 1032 hic
558 998 824 1041 intelligendum

117 1061 211 1093 esse,
234 1055 370 1084 certum
393 1054 460 1093 est,
487 1050 550 1084 sed
578 1051 655 1094 quis
683 1050 824 1084 tandem

117 1102 179 1136 ille
202 1100 365 1144 loquendi
399 1101 533 1143 modus,
565 1102 695 1136 Atticus
723 1102 827 1134 cenim-

117 1152 205 1191 Elui
224 1150 346 1186 anic?
377 1151 595 1193 caldarium,
622 1161 717 1184 more
751 1162 828 1193 suo,

118 1202 177 1236 hic
190 1201 471 1240 comminiscitur,
479 1206 518 1235 et
526 1201 613 1235 dicit
624 1202 636 1222 ‘
646 1202 827 1236 seniorem·

119 1252 177 1287 hic
207 1251 322 1286 vocari
348 1252 524 1297 Phidiam,
547 1254 629 1296 quia
652 1254 722 1287 duo
747 1254 828 1287 olim

121 1303 221 1337 fuere
236 1294 386 1344 Phidia,
407 1304 497 1336 alter
510 1303 650 1346 Junior,
664 1306 753 1338 alter
767 1305 830 1338 Se-

122 1354 212 1398 nior.
250 1353 322 1387 Sed
335 1363 414 1387 cum
428 1355 585 1388 Varrone
601 1365 679 1388 eras
694 1356 744 1388 illi
756 1366 831 1388 cre·

91 1418 111 1431 ι
125 1405 218 1444 dam,
233 1404 336 1438 hodie
351 1405 447 1439 nihil.
477 1406 574 1449 Lips.
590 1407 700 1444 Elect.
712 1407 770 1439 lib.
787 1416 831 1440 ιι.

124 1465 204 1500 cap.
227 1458 280 1489 14.
302 1456 441 1498 legend.
454 1460 580 1499 putat:
601 1456 735 1491 Atticus
748 1456 833 1491 Elei

124 1511 227 1542 sector
239 1507 345 1550 Jouis.
364 1506 375 1525 4
389 1507 480 1540 Nam
493 1507 604 1549 ebur‚'
615 1507 739 1550 inquit,
748 1507 759 1526 ‘
770 1517 833 1540 un·

125 1559 172 1594 de
191 1557 308 1592 factus
324 1558 466 1601 Jupiter
488 1559 686 1601 Olympius,
706 1559 835 1602 politur

127 1609 341 1652 fingiturque
369 1609 534 1650 secando,
558 1609 706 1653 ideoque
721 1613 834 1643 secto-

128 1670 204 1697 rem
218 1659 332 1693 dixit!
374 1661 479 1694 Hanc
495 1660 605 1702 Lipsii
624 1660 835 1695 sententiam

127 1708 334 1748 Bernartius
343 1710 448 1744 etiam
462 1711 640 1756 amplexus
656 1714 722 1744 est.
765 1710 836 1744 Sed

129 1761 207 1805 quis
222 1770 371 1804 unquam
386 1761 487 1803 legit,
514 1763 526 1780 ‘
541 1761 730 1798 sectorem’
754 1761 839 1804 poni

130 1821 196 1854 pro
225 1806 427 1853 sculpture?
470 1811 620 1844 Unicum
646 1812 749 1845 modo
778 1821 837 1845 ex·

131 1863 284 1905 emplum
304 1861 387 1894 mihi
408 1861 506 1903 dent,
522 1873 588 1905 ego
610 1863 677 1896 illis
691 1872 840 1896 manum.

132 1911 398 1955 Eruditissimus
408 1912 583 1945 Livineius
595 1913 629 1945 in
642 1923 704 1945 suo
716 1912 839 1946 codice

133 1960 360 2003 asscripserat
388 1962 501 1996 videri
521 1962 587 1995 sibi
621 1964 804 2005 legendum
827 1974 838 1997 ι

132 2009 266 2045 Atticus
290 2010 375 2044 Elei
394 2012 524 2056 genitor
540 2013 647 2046 Jovis.
690 2014 740 2048 Ut
762 2014 843 2047 Phi·

134 2061 209 2094 dias
242 2061 372 2104 genitor
403 2062 552 2102 dicatur,
581 2063 618 2105 id
641 2068 698 2096 est
720 2068 843 2097 auctor

135 2111 315 2155 operiant
330 2110 471 2154 artifex,
495 2117 536 2146 ut
561 2114 714 2148 Martial.
729 2115 790 2148 lib.
807 2123 844 2148 x.

137 2162 260 2206 Epigr.
276 2164 351 2196 10³.
378 2163 390 2182 4
401 2162 511 2207 libelli
525 2163 579 2196 sui
594 2173 630 2196 se
644 2160 850 2206 parentem'‘

136 2218 254 2257 vocat.
297 2213 344 2245 Et
358 2216 398 2245 ut
411 2212 544 2246 Statius
556 2224 591 2247 v.
606 2214 701 2257 Sylv.
717 2215 762 2248 de
773 2215 845 2258 pic-

137 2263 228 2296 turis
252 2262 425 2306 loquens:
456 2264 467 2283 4
483 2264 650 2306 Phidiaca
677 2267 735 2299 vel
763 2271 847 2300 nata

138 2313 268 2347 manu.’
311 2314 382 2359 Sed
398 2324 463 2348 nec
477 2315 554 2349 haee
576 2318 752 2350 sententia
771 2319 846 2360 pla-

139 2369 213 2398 cet.
257 2364 356 2410 Quiil
365 2374 450 2408 ergo
464 2365 498 2398 in
516 2371 611 2401 tanto
634 2367 847 2401 doctissimo-

141 2423 218 2447 rum
251 2414 403 2448 virorum
439 2416 595 2450 dissensu
630 2420 848 2458 statuemus?

140 2463 265 2511 Ausim
287 2474 353 2509 ego
375 2465 510 2510 dicere,
525 2468 696 2502 sincerum
712 2479 786 2503 esse
801 2471 850 2502 lo·

142 2523 234 2556 cum,
249 2524 315 2548 nec
335 2516 524 2550 mutatione
540 2519 602 2551 sed
626 2519 850 2555 distinctione

142 2568 276 2599 tantum
292 2575 369 2599 esse
383 2576 484 2610 opus,
498 2568 563 2602 hoc
577 2570 699 2604 modo:
730 2573 850 2615 Optas-

143 2618 251 2659 atqu
263 2626 340 2662 novo
354 2617 491 2652 similem
499 2622 530 2653 te
541 2630 654 2663 ponere
663 2624 777 2664 templo
787 2623 849 2656 At-

143 2667 239 2711 am,
253 2668 351 2711 Elei,
372 2669 489 2713 senior,
509 2671 614 2705 Jovis.
655 2674 850 2711 Verborum

144 2717 299 2752 ordinem
321 2719 412 2753 hunc
433 2726 573 2755 statuo.
600 2724 729 2758 Atticm
749 2735 853 2759 unwr

145 2771 293 2813 optasset
302 2773 334 2802 te
351 2770 487 2804 similem
506 2773 592 2806 Eloei
612 2775 720 2818 Jova‘e,
736 2786 853 2819 ponere

190 2820 350 2867 Delph-
362 2827 394 2858 et
409 2823 487 2860 γαν.
499 2826 589 2861 cuo.

832 2829 923 2866 Stat.

1457 235 1574 279 1633

864 340 900 374 ιἰι
915 349 994 374 novo
1019 340 1143 383 templo.
1188 339 1231 373 Id
1261 342 1329 381 est,
1353 337 1494 372 Phidias
1516 349 1576 382 op·

867 395 976 425 tasset
998 394 1034 424 te
1061 391 1184 424 eadem
1210 392 1299 432 arte,
1324 390 1448 424 iisdem
1470 390 1576 424 linea·

865 442 1005 482 mentis,
1019 442 1142 485 quibus
1156 442 1282 476 Jovem
1301 441 1502 484 Olympium
1517 451 1577 475 ex·

868 493 1008 536 pressit,
1037 493 1226 536 depictum,
1254 493 1291 525 in
1319 502 1411 525 novo
1443 492 1576 526 Flaviae

869 543 991 586 gentis,
1001 547 1070 576 tnoe
1087 544 1218 585 templo
1232 544 1415 576 collocare.
1457 543 1536 584 Vel,
1549 543 1579 575 si

869 594 992 635 mavis,
1019 594 1071 626 sic
1096 594 1203 627 verba
1228 598 1418 627 construet
1447 593 1579 626 Atticus

867 645 975 678 senior
994 647 1132 686 optasset
1147 647 1179 676 te
1192 643 1327 677 similem
1337 653 1454 686 ponere
1466 643 1502 676 in
1522 653 1579 676 no·

869 705 907 727 vo
920 696 1034 739 templo
1048 695 1135 728 Elaei
1147 695 1253 728 Joois.
1298 695 1368 728 Sed
1390 695 1487 738 prior
1501 705 1579 727 sen·

870 745 983 778 tentia
996 745 1106 786 magis
1122 744 1266 777 arridet.
1306 744 1506 777 Dicendum
1522 754 1580 776 ve-

872 805 911 828 ro
934 795 1001 837 hic,
1022 795 1195 837 quomodo
1210 794 1354 828 Phidias
1369 794 1509 827 dicatur
1523 794 1580 826 Se-

871 846 943 878 πίον
954 846 1097 887 Atticus,
1110 846 1200 888 quod
1226 846 1407 889 quaerebat
1429 846 1581 888 Lipsius.

873 896 917 929 Id
949 906 1030 929 vero
1058 897 1134 939 quis
1158 896 1274 938 potius
1299 896 1454 938 probarit
1478 906 1582 939 quam

873 947 948 989 ipse
974 947 1122 987 Statius,
1145 948 1205 989 qui
1227 947 1272 980 de
1298 947 1452 988 Epicuro
1476 955 1583 988 agens

873 997 988 1040 ipsum
1015 998 1026 1016 ‘
1042 998 1220 1030 Seniorem
1250 996 1494 1040 Gargettium’
1523 1007 1584 1039 ap-

874 1049 1009 1091 pellat?
1054 1049 1133 1082 Non
1149 1049 1250 1090 longe
1264 1048 1394 1081 abiero.
1436 1048 1541 1081 Hoc
1531 1058 1584 1090 ip-

874 1109 913 1132 so
922 1109 1007 1132 ecce
1019 1098 1110 1132 libro
1118 1099 1302 1132 Tiburtino
1312 1098 1459 1131 Manlii.
1449 1099 1481 1117 ·‘
1492 1099 1586 1131 Lux-

875 1159 968 1193 uque
982 1154 1142 1183 carentes
1157 1150 1315 1191 Deliciae,
1329 1158 1414 1192 quas
1428 1149 1503 1191 ipse
1517 1149 1586 1181 suis

877 1201 1049 1243 digressus
1067 1200 1215 1234 Athenis
1234 1201 1361 1234 Mallet
1374 1201 1515 1234 deserto
1533 1211 1586 1233 se-

877 1253 953 1285 nior
964 1252 1168 1294 Gargettius
1178 1251 1303 1284 horto!
1328 1251 1422 1286 Quid
1437 1251 1587 1286 clarius?

878 1303 1067 1346 Epicurum
1076 1313 1096 1336 e
1110 1313 1200 1345 pago
1214 1303 1387 1345 Gargetto
1403 1303 1587 1335 oriundum

879 1354 990 1397 (teste
1005 1354 1164 1397 Laertio)
1190 1356 1200 1374 ‘
1213 1355 1392 1387 Seniorem
1408 1354 1590 1396 Gargetti-

882 1405 958 1438 um'
984 1406 1153 1447 appellat,
1170 1410 1209 1438 ιιι
1224 1405 1385 1438 Phidiam
1401 1415 1445 1438 ex
1468 1404 1590 1438 Attica

882 1456 1065 1489 oriundum
1089 1456 1283 1488 ‘seniorem
1307 1455 1488 1489 Atticum)
1533 1455 1591 1488 Sic

885 1507 920 1540 iu
933 1506 1001 1540 fine
1018 1500 1231 1540 Achilleidos
1247 1507 1430 1539 Chironem
1454 1506 1466 1524 ‘
1480 1506 1592 1539 senio-

883 1567 956 1590 rem
975 1558 1195 1590 Thessalum'
1217 1562 1333 1591 vocat.
1375 1557 1469 1590 Hine
1492 1560 1594 1599 putet

883 1606 922 1640 τὸ
936 1610 947 1627 ‘
959 1607 1090 1640 senior'
1114 1617 1184 1640 non
1205 1617 1344 1650 semper
1357 1607 1594 1649 comparative

886 1660 968 1702 poni
985 1659 1075 1701 apud
1089 1660 1252 1702 Veteres,
1264 1658 1325 1691 sed
1341 1663 1379 1691 et
1394 1658 1542 1700 positive
1557 1662 1594 1690 et

887 1710 1054 1743 absolute.
1080 1710 1216 1742 Gevart.
1264 1710 1472 1751 Optassetque
1500 1718 1593 1749 novo,

886 1761 959 1802 ξω]
982 1761 1134 1793 Omnino
1149 1760 1416 1792 consti-nendum
1429 1769 1440 1790 t
1465 1758 1597 1791 Atticus

887 1812 993 1843 senior
1007 1814 1143 1852 optasset
1158 1814 1189 1843 te
1199 1811 1334 1843 similem
1342 1819 1457 1852 ponere
1471 1810 1506 1842 in
1518 1819 1596 1842 novo

887 1863 1002 1904 templo
1027 1862 1129 1895 Jovis.
1174 1860 1330 1902 Fefellit,
1354 1865 1522 1904 quantum
1543 1864 1599 1893 est

890 1914 1132 1956 interpretum,
1148 1913 1233 1945 illud
1253 1912 1462 1956 exquisitum
1479 1912 1598 1945 dicen·

890 1964 933 1997 di·
952 1974 1074 2007 genus,
1101 1967 1134 1997 te
1155 1964 1302 2006 simulem,
1327 1963 1419 2007 quod
1444 1964 1600 1997 absolute

891 2019 988 2047 tuam
1013 2014 1209 2056 imaginem,
1231 2018 1325 2047 tuam
1350 2013 1598 2056 effigiationem

892 2065 1073 2108 significat.
1119 2064 1232 2098 Addit
1257 2074 1336 2097 novo
1361 2065 1475 2107 templo
1509 2065 1601 2107 ideo,

893 2121 932 2149 ut
946 2117 1068 2148 innuat
1080 2115 1256 2158 indignum
1269 2121 1369 2148 vetus
1382 2115 1599 2148 Graeculum-

895 2177 963 2210 que
978 2167 1161 2200 aedificium
1172 2167 1305 2200 honore
1316 2167 1513 2209 excipiendi
1525 2167 1603 2200 Cae·

893 2218 992 2260 saris,
1018 2227 1143 2250 novum
1172 2218 1241 2250 imo
1270 2222 1307 2250 et
1328 2216 1604 2259 magnificentius

889 2269 1094 2311 junctarum
1109 2272 1187 2301 voto
1199 2278 1259 2301 suo
1268 2268 1441 2301 Phidiam.
1464 2267 1605 2300 Gronov.

895 2319 1038 2351 Dian-ib.

941 2372 1004 2403 103
1030 2370 1099 2402 Ora
1115 2368 1232 2412 Taras]
1258 2370 1368 2402 Iaoons
1386 2369 1444 2402 hic
1475 2379 1496 2401 a
1510 2369 1606 2401 nullo

897 2420 1128 2463 interpretum
1155 2425 1252 2452 recte
1276 2420 1488 2461 explicatus,
1517 2419 1608 2461 aliis,

901 2473 970 2505 Ora
987 2473 1099 2515 Taras,
1108 2472 1198 2513 aliis,
1223 2473 1291 2503 Ora
1309 2472 1445 2513 Tonans,
1459 2471 1606 2513 legenti-

898 2523 975 2557 bus.
1020 2524 1095 2566 Ego
1111 2523 1250 2566 quidem
1266 2523 1348 2556 illud
1365 2523 1540 2556 Pontiano
1555 2533 1608 2554 as-

900 2575 1043 2616 sentior,
1072 2575 1172 2607 Taras
1197 2584 1274 2607 esse
1302 2574 1497 2616 legendum,
1533 2574 1609 2614 sed,

900 2625 993 2669 quod
1014 2626 1057 2658 ad
1082 2626 1410 2667 interpretationem
1430 2626 1506 2668 ejus
1529 2625 1612 2658 atti·

901 2681 974 2717 net,
990 2677 1092 2719 longe
1109 2676 1152 2709 ab
1168 2677 1228 2710 illo
1247 2676 1424 2710 dissentio.
1469 2677 1536 2709 Ille
1547 2685 1611 2718 per

902 2726 941 2758 τὸ
961 2727 1061 2759 Taras
1084 2727 1243 2770 Neptuni
1268 2731 1417 2761 statuam
1433 2727 1610 2768 intelligit,

904 2778 1004 2821 cujus
1019 2778 1170 2812 Lucilius
1180 2782 1218 2813 et
1232 2779 1367 2813 Plinius
1382 2779 1613 2812 meminerint.

1455 2833 1528 2866 ⁵11
