1846 3120
266 237 378 281 1580
759 249 799 279 P.
834 249 1020 279 PAPiNn
1055 248 1219 279 STA‘ru

309 343 454 383 medem,
468 340 562 381 Tibi,
584 340 704 383 inquit,
726 339 895 374 Achillem
920 340 961 373 ad
983 341 1126 374 Graecos
1137 342 1295 375 mittendi
1317 344 1426 385 gloria
1439 347 1515 377 erat
1531 348 1718 378 reservata.

309 396 482 437 Simulque
497 394 607 426 fassus
621 403 699 426 suos
715 398 750 426 et
764 394 952 427 Deidamiae
969 403 1111 436 amores,
1125 395 1190 426 sibi
1206 395 1323 437 illique
1337 397 1543 438 ignosceret,
1551 397 1718 438 postulat,

309 457 451 490 eamque
474 457 614 480 uxorem
631 448 743 489 petit;
766 458 864 489 quem
881 453 918 480 ut
934 448 1034 480 citius
1050 447 1223 489 flecteret,
1245 448 1350 480 filium
1367 449 1410 481 ad
1431 450 1504 491 ejus
1521 449 1625 491 pedes
1641 459 1719 491 pro-

304 501 399 542 jicit.
441 501 598 542 Jungunt
615 511 734 542 preces
750 501 876 534 Graeci.
918 501 1074 533 Tandem
1094 501 1242 534 vincitur
1266 503 1487 544 Lycomedes.
1532 503 1720 537 Confirma-

311 559 368 587 tur
392 553 550 594 affinitas,
570 557 606 585 et
629 563 697 586 nox
723 562 860 586 securos
887 558 1041 586 amantes
1063 554 1190 596 jungit.
1234 555 1412 587 Deidamia
1442 565 1536 596 vero,
1558 557 1718 598 cogitans

311 612 481 648 promtum
509 607 649 640 Achillis
670 607 869 648 discessum,
896 605 1083 638 effunditur
1102 608 1134 639 iu
1162 609 1344 649 lacrymas,
1369 618 1513 651 eumque
1540 609 1719 651 complexa

311 660 480 702 queritur,
495 661 587 703 quod
597 660 714 692 eadem
727 670 795 692 nox
810 670 887 693 eum
904 661 968 692 sibi
983 659 1079 692 daret
1095 661 1354 703 adimeretque:
1372 668 1448 694 orat
1462 662 1606 704 propriae
1618 662 1720 694 saluti

312 714 488 746 consulat:
511 724 578 746 non
602 724 707 746 vanos
732 714 885 747 Thetidis
913 717 1045 746 metus:
1075 723 1154 746 suus
1180 706 1433 751 reverteretur:
1458 718 1581 748 timere
1608 725 1646 748 se
1676 725 1719 748 ue

311 767 482 808 Trojanae,
493 767 638 809 ipsaque
656 768 792 800 Helena
807 767 878 809 ejus
895 767 1042 799 animum
1059 769 1129 799 suis
1143 767 1318 800 blanditiis
1334 768 1573 810 illecebrisque
1588 778 1719 810 expug-

311 824 406 852 nent.
454 819 602 852 Achilles
619 819 780 852 afflictam
797 820 939 861 solatur,
960 819 1130 862 fidemque
1152 820 1262 862 jurat,
1287 820 1318 852 ei
1340 821 1542 862 promittens
1556 821 1721 862 Trojanas

314 872 483 914 captivas,
499 876 535 904 et
560 872 666 904 diruti
693 872 747 904 Ilii
773 872 896 913 spolia.
937 872 1075 904 Summo
1099 881 1197 904 mane
1221 882 1340 904 navem
1367 882 1623 913 conscensurus,
1647 873 1723 905 Diis

312 925 463 965 marinis,
485 925 660 966 praecipue
678 934 759 956 vero
775 925 950 966 Neptuno,
967 934 1099 967 avoque
1116 925 1243 966 Nereo,
1257 931 1419 958 monente
1434 926 1570 967 Ulysse,
1592 925 1720 959 sacrifi-

312 983 383 1019 cat,
409 983 445 1010 et
464 977 615 1019 juvenca
629 981 773 1010 matrem
791 977 917 1019 placat.
959 978 1049 1010 Dum
1065 977 1141 1009 vela
1156 976 1300 1018 faciunt,
1326 977 1479 1010 Achilles
1497 978 1655 1020 Ulyssem
1672 988 1724 1012 ro-

313 1037 386 1074 gat,
398 1031 463 1063 sibi
480 1040 617 1062 causam
638 1030 719 1062 belli
745 1030 836 1062 inter
851 1031 992 1063 Graecos
1017 1034 1054 1063 et
1066 1031 1231 1072 Trojanos
1251 1035 1452 1073 exponeret.
1493 1031 1632 1073 ulysses
1649 1041 1719 1063 rem

314 1084 417 1117 altius
443 1084 590 1125 repetit:
615 1084 709 1115 Deas
725 1082 768 1115 de
787 1082 1038 1124 pulchritudine
1049 1082 1302 1116 ‘contendentes
1330 1083 1372 1116 ad
1390 1084 1558 1126 judicium
1585 1083 1721 1116 Paridis

313 1137 418 1170 fuisse
435 1135 552 1168 missas
567 1147 575 1168 :
593 1136 752 1168 Paridem
767 1136 918 1169 illectum
935 1136 1109 1177 promissis
1122 1137 1279 1178 Veneris,
1290 1146 1326 1169 se
1336 1138 1367 1170 ei
1381 1137 1536 1170 daturam
1551 1137 1722 1170 Helenam

313 1190 463 1222 omnium
491 1189 689 1221 Graecarum
711 1188 1002 1230 formosissimam,
1026 1190 1113 1222 Deae
1138 1191 1315 1232 praemium
1340 1190 1574 1232 adjudicasse:
1596 1189 1721 1222 deinde

313 1243 408 1275 illum
421 1252 498 1274 cum
514 1242 645 1283 ingenti
662 1242 769 1274 classe
785 1243 887 1275 ivisse
913 1243 1086 1285 Spartam,
1108 1249 1309 1287 raptamque
1325 1244 1494 1276 Helenam
1508 1243 1641 1286 Trojam
1664 1242 1724 1275 ab·

312 1296 448 1328 duxisse
464 1306 473 1327 z
496 1295 576 1327 inde
593 1295 746 1332 Graecos,
753 1296 850 1337 justo
866 1295 982 1328 dolore
1000 1304 1173 1338 accen808‚
1184 1297 1310 1328 bellum
1319 1296 1474 1338 Trojanis
1490 1295 1722 1328 denuntiasse.

313 1347 449 1381 Heroe's
465 1347 632 1380 Achillem
650 1348 796 1381 vicissim
813 1352 948 1390 rogant,
973 1348 1039 1381 sibi
1055 1348 1201 1390 diceret,
1225 1359 1300 1392 quae
1320 1350 1391 1391 ejus
1406 1350 1561 1392 pueritiae
1578 1349 1720 1392 primor-

313 1401 370 1434 dia
387 1401 537 1442 fuerant,
561 1401 682 1443 quibus
705 1402 1005 1434 exercitationibus
1032 1402 1106 1444 ejus
1131 1413 1256 1445 corpus
1283 1403 1558 1436 corroboraverit
1582 1402 1719 1442 Chiron,

311 1454 503 1497 quibusque
518 1454 708 1496 disciplinis
721 1455 869 1487 animum
885 1456 1125 1500 ingeniumque
1141 1456 1342 1490 excoluerit.
1371 1455 1486 1499 Quod,
1498 1464 1628 1488 summa
1641 1451 1719 1488 cuin

313 1509 491 1549 modestia,
509 1507 658 1540 Achilles
674 1509 864 1551 exequitur.

270 1710 316 1770 J
317 1738 494 1778 AMQUE
527 1741 603 1783 per
622 1728 805 1782 AEgaeos
825 1728 918 1770 ibat
938 1727 1116 1770 Lacrtia
1135 1728 1292 1770 fluctus

273 1795 464 1851 Puppis,
483 1800 526 1838 et
545 1796 781 1838 innumerae
803 1796 1036 1838 mutabant
1057 1794 1279 1850 Cycladas
1300 1807 1446 1847 aurae3

315 1907 361 1938 Et
377 1905 447 1945 Jam
473 1906 562 1938 navis
581 1906 712 1948 myssa,
725 1906 852 1939 La'e'rtae
867 1906 950 1949 filii,
965 1906 1135 1946 navigabat
1149 1907 1283 1947 AEgeam
1304 1915 1402 1944 mare,
1422 1909 1453 1938 et
1467 1905 1623 1938 innumeri
1637 1904 1722 1937 venti

273 1949 473 1982 ostendebant
486 1950 574 1981 modo
589 1949 666 1981 hum
683 1950 864 1991 Cycladum,
878 1950 966 1981 modo
980 1949 1078 1981 illam.
1120 1950 1195 1981 «lam
1213 1950 1312 1981 Paros
1325 1952 1356 1982 et
1374 1949 1505 1982 Oleum
1516 1949 1722 1981 occultantur.

877 2032 1117 2045 oemnaeffeeo

314 2086 563 2129 Argumentum
579 2088 666 2131 quod
685 2088 836 2130 seqnitur
851 2088 1014 2121 exhibent
1030 2088 1129 2122 codd.
1144 2086 1409 2128 Lindenbrogii:

658 2132 792 2163 Tandem
806 2135 953 2172 exoptata
966 2132 1064 2173 Scyro
1077 2131 1240 2173 potiuntur
1254 2130 1379 2162 Achivi.

616 2174 747 2205 Nititur
759 2175 923 2213 AEwfflen,
935 2175 1009 2206 dam
1022 2174 1119 2205 libant
1124 2174 1250 2213 fercula
1263 2173 1388 2211 mensis,

615 2217 750 2248 Nascere
757 2227 770 2254 ;
791 2219 846 2249 sed
859 2218 991 2249 nondum
1003 2218 1090 2257 plene
1103 2220 1177 2248 tunc
1189 2216 1285 2248 discit
1302 2216 1432 2256 Ulyxes.

617 2259 697 2290 Tum
710 2259 836 2291 ducibus
853 2260 963 2292 Graiis
975 2261 1096 2291 demum
1110 2258 1292 2298 manifestus
1304 2258 1442 2290 Achilles

616 2301 657 2332 In
670 2301 767 2333 sacris
781 2302 935 2343 armisque
939 2302 1011 2341 fuit
1021 2312 1032 2333 .·
1053 2312 1084 2334 se
1098 2301 1226 2341 denique
1245 2300 1360 2342 Ulyxis

614 2343 758 2375 Hortata
771 2345 879 2384 teligit
893 2344 1070 2386 Lycomedi,
1085 2347 1116 2375 et
1133 2344 1288 2382 Pergama
1299 2341 1409 2382 poscit.

620 2386 666 2418 Ut
678 2386 848 2418 celebratus
860 2387 997 2428 Hymen,
1012 2396 1075 2418 nox
1089 2385 1323 2424 consciajunxit
1337 2386 1486 2417 anantes.

614 2428 782 2461 Deidamia
796 2429 859 2461 viri
871 2430 1012 2471 deplorat
1019 2431 1141 2471 pectore
1145 2428 1235 2467 fasa-

927 2514 1066 2548 NOTAE

316 2581 334 2610 1
357 2576 502 2618 Laertia]
526 2576 672 2620 Ulyssis,
686 2578 783 2621 cujus
799 2583 897 2621 pater
910 2580 972 2612 La·
1025 2575 1160 2611 cursum
1177 2581 1295 2611 tenere
1310 2587 1377 2610 non
1391 2580 1568 2620 poterant3
1586 2575 1645 2609 sed
1662 2585 1718 2609 co-

274 2628 379 2661 e‘rtes.
1025 2628 1194 2671 gebantur
1222 2628 1490 2671 gubernaculum
1521 2626 1612 2659 varie
1637 2625 1717 2659 flec-

316 2681 338 2711 2
360 2676 552 2718 Innumeroe]
574 2677 677 2718 Quia,
704 2688 780 2710 cum
807 2678 890 2720 ipsis
914 2688 972 2711 na·
1024 2683 1156 2721 tere‚et
1168 2679 1260 2711 sinus
1274 2679 1424 2711 velorum
1435 2677 1546 2710 ventis
1560 2677 1723 2719 pandere,

275 2727 456 2769 vigandum
487 2731 563 2760 erat
593 2737 655 2768 per
678 2728 860 2769 Cycladas,
895 2738 971 2771 quae
1025 2729 1082 2772 qui
1105 2729 1168 2761 hoc
1194 2729 1295 2761 modo
1325 2729 1359 2760 in
1390 2732 1559 2760 momenta
1585 2737 1719 2770 semper

273 2779 352 2812 hine
367 2782 403 2810 et
429 2778 522 2810 illinc
548 2787 675 2819 sparsae
702 2783 814 2821 erant,
839 2783 971 2811 rectum
1026 2780 1264 2812 mutabantur:
1302 2778 1379 2811 ideo
1413 2778 1629 2810 ‘innumeras
1659 2787 1716 2810 au-
