1846 3120
217 217 329 260 1158

708 228 748 259 Ρ.
781 226 970 258 PAPINII
1004 226 1171 261 srArn

216 320 431 364 Protinus
448 320 517 363 ira
535 319 691 371 minor,
712 311 992 375 gaudentque
1011 321 1264 378 incorpore
1283 329 1417 380 capto

216 388 429 431 Securam
449 387 620 430 differre
635 389 820 437 famem:
851 390 918 431 sic
939 388 1056 431 flexa
1077 390 1319 444 Pelasgum

217 454 366 498 Corda
382 456 552 507 labant,
572 455 762 510 ferrique
785 456 945 499 avidus
965 462 1273 500 mansueverat
1292 458 1434 501 ardor.

217 523 327 577 Ipse
347 522 479 565 etiam
499 525 600 565 ante
620 536 769 566 omnes
789 537 904 566 nunc
925 525 1080 567 matris
1102 525 1165 570 ad
1179 527 1340 569 oscula.
1354 538 1532 579 versus,

217 589 351 632 Nunc
371 589 495 631 rudis
517 589 728 641 Ismenes,
750 578 867 633 nunc
887 591 1110 634 flebiliora
1130 594 1354 647 precantis

216 655 476 710 Antigones,
497 658 708 712 variaque
728 659 916 699 animum
938 660 1143 701 turbante
1163 661 1364 714 procella

1565 555 1677 639 ,aas

216 723 459 766 Exciderat
478 736 681 778 regnum:
713 725 839 779 cu'pit
858 727 934 777 ire,
956 730 1000 767 et
1018 727 1139 768 mitis
1153 725 1377 770 Adrastus

216 790 323 832 Non
341 795 494 833 vetat:
523 791 742 846 hicjustae
763 793 946 848 Tydeus
968 807 1141 835 memor
1160 800 1357 850 occupat
1373 797 1476 839 irae:

217 858 297 900 Me
318 858 464 912 potius
484 859 614 908 socii,
637 859 716 913 qui
733 859 871 901 fidum
899 860 1103 902 Eteoclea
1124 873 1265 915 nuper

217 925 455 980 Expertus,
472 924 574 980 (nec
589 926 722 968 frater
741 926 900 983 eram‚)
919 942 991 970 me
1011 929 1222 983 opponite
1242 929 1352 983 regi,

1510 930 1679 973 ..54⁰

218 991 359 1048 Cujus
379 992 524 1035 adhuc
539 995 697 1048 pacem
715 997 947 1050 egregiam,
968 1000 1015 1038 et
1034 996 1148 1037 bona
1166 995 1335 1038 foedera
1354 1000 1483 1050 gesto

214 1137 350 1176 pectoris
359 1138 601 1179 impetu,jaeula
615 1143 832 1180 venatoresque
841 1150 854 1177 ,¹
875 1138 1087 1177 statimsu‘ror
1100 1140 1241 1180 demit,
1254 1141 1462 1183 {mumque
1470 1140 1676 1184 diffemjan

218 1182 318 1211 tutam
325 1179 446 1219 samm
467 1182 501 1213 in
514 1185 606 1222 capta
619 1184 727 1223 proeda
736 1192 747 1214 :
768 1183 814 1213 sic
828 1182 905 1213 moti
921 1182 1124 1222 Pelasgorum
1137 1184 1236 1215 «mimi
1250 1187 1374 1226 nutant,
1385 1188 1417 1216 et
1429 1184 1554 1217 inhians
1566 1185 1677 1229 cupido

216 1231 374 1255 armorum
388 1224 610 1264 restinguitur.
656 1225 727 1266 Ipse
751 1224 847 1256 etiam
872 1225 1041 1266 Polynices
1062 1235 1165 1257 coram
1186 1225 1340 1267 omnibus,
1354 1236 1437 1259 nunc
1460 1226 1677 1260 consumar!

218 1266 319 1296 oscula
337 1266 492 1307 parentis,
518 1277 598 1298 nunc
622 1267 772 1308 simplicis
788 1267 934 1306 Ismenes,
948 1277 1030 1298 nunc
1044 1267 1220 1308 Antigones
1234 1278 1302 1310 quoe
1315 1269 1424 1305 orabat
1436 1267 1679 1302 lamnmoin‘ori

218 1308 320 1347 modo,
335 1311 366 1339 et
380 1308 500 1340 diverso
515 1313 593 1341 aestu
618 1310 839 1348 cogitationum
856 1310 1000 1349 jactante
1014 1319 1101 1341 suom
1117 1314 1262 1351 mentem,
1284 1311 1520 1347 obliviscebatur
1533 1320 1677 1352 regum.

224 1341 303 1381 Vult
315 1349 374 1390 ire,
385 1360 443 1382 nec
461 1352 602 1391 placidus
612 1353 769 1383 Adrastus
784 1353 927 1392 impedit.

973 1353 1039 1383 Hic
1056 1353 1178 1394 Tydeus
1191 1355 1328 1385 recordat
1332 1354 1454 1393 uejusti
1467 1355 1583 1386 doloris
1593 1357 1678 1396 praa

217 1392 308 1423 venit
320 1403 331 1423 .·
353 1403 401 1425 me
413 1393 518 1434 potius
538 1394 676 1433 comites,
690 1395 744 1435 qui
757 1404 855 1435 nuper
867 1394 952 1426 sensi
966 1395 1146 1436 «equitatem
1163 1396 1309 1433 Eteoclis,
1323 1406 1380 1428 nec
1398 1405 1484 1429 eram
1496 1403 1677 1437 germanus,

218 1433 344 1473 objicite
357 1438 512 1477 tyrannm
533 1437 619 1476 cujus
630 1437 730 1469 adhuc
737 1441 829 1478 porto
842 1437 876 1468 in
891 1437 946 1469 hoc
952 1441 1075 1479 pectore
1086 1438 1235 1479 optimam
1246 1447 1367 1481 pacem,
1382 1441 1415 1472 et
1427 1437 1559 1484 egregia
1569 1441 1678 1481 pada-

830 1530 849 1544 Ο
852 1530 1072 1545 ‘emeno-90

218 1604 293 1633 ante
313 1602 415 1634 oculos
439 1602 544 1643 Lang.
568 1603 670 1634 Laur.
698 1602 830 1635 Buslid.
845 1595 995 1644 Lipsian.
1013 1603 1102 1635 Dan.
1119 1607 1156 1636 et
1169 1603 1418 1638 Veneta-585
1441 1605 1550 1647 Lang.
1573 1606 1676 1638 Lanr.

221 1643 353 1677 Buslid.
385 1645 538 1685 Lipsian.
561 1645 701 1677 Behott.
719 1649 749 1677 1.
764 1649 796 1677 2.
823 1651 857 1677 et
869 1646 948 1678 edd.
964 1650 1049 1678 vett.
1070 1656 1152 1678 nunc
1166 1647 1288 1688 flebilis
1311 1651 1486 1681 orm—538
1515 1648 1581 1681 Vix
1591 1651 1678 1681 vetat

217 1686 343 1728 ,optimi
369 1688 471 1720 codd.
494 1688 721 1720 Banu-539
743 1689 905 1721 Ethioclea
920 1698 1006 1721 unus
1020 1690 1251 1722 Bellon—542
1275 1690 1458 1733 Gor-porciu
1473 1688 1676 1734 quibusdam

1527 1773 1550 1787 N

881 1786 1023 1820 NOTAE

264 1849 326 1881 531
351 1847 505 1881 Protinus
531 1849 580 1881 ira
608 1849 723 1890 minor]
754 1851 861 1883 Leoni
886 1861 920 1883 e-

221 1898 292 1930 nim
323 1903 456 1930 tantum
487 1908 529 1930 ex
560 1898 641 1931 feris
676 1901 857 1933 clementia
887 1901 921 1933 in

221 1948 415 1990 supplices:
439 1950 621 1991 prostratis
636 1951 771 1991 parcit:
800 1958 836 1984 et
862 1950 921 1984 ubi

223 1998 334 2037 soevit,
350 1998 384 2029 in
400 1999 489 2030 viros
512 2001 617 2040 prius,
634 2009 735 2041 qnam
761 2001 794 2032 in
813 2000 921 2033 foemi-

221 2057 282 2079 nas
304 2047 432 2089 fremit,
455 2048 604 2082 infantes
626 2059 693 2081 non
719 2051 781 2082 nisi
803 2062 923 2092 magna

222 2097 324 2131 fame.
355 2099 477 2131 Credit
494 2099 601 2140 Libya
617 2100 828 2133 intellectum
847 2112 921 2143 per-

221 2150 339 2182 venire
371 2150 414 2182 ad
449 2160 508 2182 eos
537 2160 686 2191 precum.
741 2151 924 2193 Captivam

221 2205 320 2232 certe
337 2201 496 2233 reducem
513 2201 662 2233 Getuliae
689 2202 818 2243 audivi,
840 2204 924 2235 mul·

222 2254 335 2283 torum
352 2251 387 2282 in
405 2251 509 2292 sylvis
523 2251 688 2292 impetum
702 2263 722 2284 a
736 2261 772 2284 se
788 2253 923 2295 mitiga-

222 2304 296 2333 tum
323 2301 484 2343 alloquio,
498 2311 616 2337 ausam
632 2302 748 2333 dicere
764 2312 798 2334 se
813 2301 922 2335 soemi·

223 2361 315 2392 nam,
329 2351 521 2393 profugam,
538 2352 716 2392 infirmam,
729 2354 921 2395 supplicem

223 2402 379 2433 animalis
404 2401 553 2433 omnium
582 2403 841 2442 generosissimi,
868 2413 923 2436 ce-

222 2451 375 2493 terisque
412 2452 624 2493 imperantis,
650 2453 824 2495 indignam
851 2455 923 2496 ejris

223 2501 331 2542 gloria
349 2501 513 2542 praedam.
558 2502 612 2534 Ita
627 2503 758 2535 Plinius
783 2504 924 2537 ibidem.

214 2551 313 2583 vide
325 2557 360 2582 et
376 2551 544 2582 AElianum
561 2551 619 2587 lib.
633 2562 684 2584 ιν.
698 2563 774 2594 cap.
787 2557 840 2586 34.

266 2603 329 2633 532
352 2601 502 2632 securam
530 2601 659 2642 differre
684 2603 822 2644 samem]
842 2604 923 2638 Jam

222 2651 338 2684 eibum
363 2655 521 2693 paratum
541 2652 720 2694 habentes,
746 2663 845 2695 quem
871 2659 922 2687 ta-

221 2711 301 2735 men
316 2711 383 2735 non
399 2702 577 2743 attingunt
593 2708 734 2744 propter
749 2705 923 2745 generosi-

222 2756 343 2787 tatem.
387 2753 552 2796 Papinius
567 2754 658 2788 enim
681 2753 779 2797 fingit
800 2755 926 2789 nobili-

977 1855 1049 1884 tate
1072 1852 1175 1884 animi
1198 1851 1303 1884 etiam
1325 1851 1451 1884 famem
1478 1851 1613 1884 vincere
1639 1854 1678 1884 et

976 1902 1127 1936 differre.
1170 1903 1357 1945 Pelasgum]
1382 1902 1598 1945 Argivorum.

1018 1957 1080 1987 535
1099 1954 1285 1996 Flebiliora]
1298 1954 1446 1988 Quidam
1457 1953 1609 1996 codices,
1611 1954 1678 2001 11ae-

976 2004 1048 2038 bilis
1059 2015 1124 2038 ora.

1017 2057 1081 2087 537
1106 2054 1265 2096 Regnum]
1289 2053 1401 2096 Regni
1427 2053 1567 2096 cupido.
1611 2055 1676 2087 σι-

975 2105 1026 2146 pit
1046 2104 1109 2146 ire]
1133 2105 1242 2137 Ivisse
1256 2105 1391 2137 Thebas
1407 2105 1607 2147 Polynicen!
1623 2114 1678 2138 re·

977 2154 1048 2187 fert
1064 2155 1245 2196 Euripides
1260 2155 1293 2187 in
1308 2155 1544 2196 Phoenicibus,
1557 2156 1678 2190 Jocas·
1718 2191 1722 2195 .

979 2210 1115 2247 tamque
1139 2204 1269 2237 frustra
1291 2208 1443 2237 tentasse
1470 2204 1595 2239 fratres
1623 2214 1679 2237 re·
1716 2232 1718 2235 ,

978 2256 1177 2292 conciliare,
1202 2264 1329 2297 eosque
1354 2264 1399 2288 ex
1424 2255 1596 2298 colloquio
1625 2255 1676 2288 in-

977 2304 1145 2337 fensiores
1158 2304 1368 2338 discessisse.
1661 2327 1667 2337 ,ι

1019 2358 1083 2388 538
1105 2356 1211 2387 Justoe
1239 2355 1314 2395 irae]
1361 2355 1452 2388 Quia
1479 2359 1603 2388 eontra
1616 2355 1677 2398 jus

975 2405 1128 2447 gentium
1143 2404 1207 2437 sibi
1221 2404 1351 2436 insidiae
1374 2409 1516 2437 struetae
1538 2404 1679 2439 fuerant

975 2456 1019 2487 ab
1035 2455 1191 2496 Eteocle,
1205 2464 1306 2497 quem
1329 2455 1423 2487 nulla
1448 2455 1542 2497 prius
1556 2455 1679 2498 injuria

976 2506 1124 2538 laeserat.
1725 2534 1728 2538 .

1020 2559 1084 2589 540
1122 2555 1190 2587 Nee
1209 2555 1320 2593 ,ti-ater
1348 2555 1450 2597 nam]
1485 2555 1560 2588 Nec
1591 2554 1679 2588 tanti

977 2611 1052 2638 erat
1063 2615 1118 2638 me
1129 2605 1252 2638 occidi.
1272 2604 1382 2637 Theb.
1395 2613 1438 2637 ιι.
1460 2604 1574 2638 ‘Quas
1584 2614 1676 2647 que-

976 2660 1070 2688 reret
1091 2660 1195 2697 artes,
1212 2654 1251 2688 Si
1268 2653 1426 2696 fratrem,
1438 2655 1603 2697 Fortuna,
1617 2654 1677 2687 da-

977 2705 1067 2738 resi'
