1846 3120
0 452 22 737 .·<Tv-.·QW'-9„q⁴
0 144 33 442 &ww
0 0 45 138 μωῇ

437 219 479 251 1².
513 219 703 252 rammi
735 220 905 253 srxru
937 221 1085 256 svm.
1117 223 1214 254 mn.
1236 222 1272 255 1.
1300 212 1343 255 2.

157 311 193 347 ia
208 312 275 353 iuis
288 313 414 354 versib.
427 323 512 357 quos
525 314 647 349 laudat
661 314 766 347 Arist.
780 323 866 355 vin.

149 363 203 399 ,de
216 364 308 399 Mor.
320 364 364 403 ,Ιᾶ
380 374 412 398 e·
425 374 452 398 ¹.
462 365 556 408 Ἐρᾷν
566 364 625 406 μὲν
635 365 751 407 ὄμβρον
759 367 864 407 γαῖαν,

154 415 368 456 Μαῖσιν,
378 415 472 458 ’Epir
480 415 514 448 δὲ
525 415 639 456 σεμνὸν
646 414 775 458 οὐρανὸν
782 421 865 455 πλη-

154 463 304 508 ρούμενον
311 465 454 508 Ὀμβρον
465 468 573 499 πεσεῖν
586 465 630 500 εἷς
642 468 748 507 γαῖαν.
771 466 864 499 Auc-

152 519 211 551 ,to'r
226 515 406 558 Pervigilii
421 517 600 550 commode
616 518 866 559 interpretatur

153 575 223 607 qno
231 566 441 602 octonario:
454 570 464 587 ⁴
473 569 515 601 In
525 570 635 601 sinum
648 569 790 601 maritus
802 570 864 602 im-

150 617 216 660 §er
231 616 330 653 fluxit
346 619 445 652 almae
460 619 629 661 conjugis.
633 619 642 634 ’
664 619 793 652 Mor-cll.

198 670 264 701 189
285 669 411 711 Raptor
426 673 511 709 erat,
525 670 684 711 Phrygio,
697 669 770 711 εμπ]
797 670 861 703 Ro.

148 719 380 763 Venetusque
405 721 546 758 codices
570 725 608 752 et
632 721 699 753 Ms.
723 720 862 753 Floren-

148 770 269 806 siau·
316 772 499 813 Raptorem,
538 771 698 813 Phrygio.
758 771 862 805 Quod

148 821 261 863 ipsius
275 822 383 855 Statii
406 827 478 863 est,
489 825 730 880 mutatumque
745 821 861 863 abiis,

150 872 210 915 qni
225 881 293 906 non
307 872 505 915 capiebant.
531 872 695 906 Gronov.
682 882 718 904 ιιι
733 873 846 906 Diatr.

195 926 260 957 197
281 923 423 968 Aueria]
454 924 584 966 Ἀστὴρ,
607 925 742 956 stellam
757 924 861 966 signi·

147 968 248 1015 ficit,
264 975 347 1008 inde
363 980 420 1008 est
442 974 591 1016 Asteris,
611 975 709 1017 quasi
729 975 861 1015 stelles,

148 1025 187 1059 id
212 1029 279 1066 est,
307 1026 418 1059 amica
438 1027 574 1066 stellae;
611 1025 704 1069 quod
734 1034 860 1059 nomen

151 1075 261 1117 pofita
271 1074 497 1118 formaverat,
509 1076 770 1118 inserueratque
784 1086 859 1108 car·

144 1125 248 1167 nid,
261 1126 354 1170 quod
370 1126 505 1160 Asteris
526 1127 725 1160 vocabatur.
770 1127 859 1160 Vide

146 1177 206 1213 hie
228 1177 373 1212 doctiss.
399 1178 477 1213 Joh.
501 1178 609 1212 Geth.
631 1178 732 1212 Voss.
756 1178 858 1211 Rhet.

79 1256 81 1259 .
148 1227 213 1262 us.
227 1237 270 1262 v.-
283 1239 316 1262 ο.
333 1232 368 1263 s.

192 1280 258 1311 199
280 1278 402 1323 Hylas]
426 1280 496 1313 Hic
511 1278 601 1314 filius
617 1278 856 1312 Theodaman-

149 1329 194 1367 tis
223 1327 292 1362 fuit
322 1335 444 1372 raptus
472 1331 516 1365 ab
546 1331 716 1371 Hercule,
747 1336 787 1363 ut
814 1340 857 1363 ex

148 1375 406 1414 commentariis
431 1380 607 1424 Apollonii
628 1381 711 1413 alibi
739 1381 857 1414 docui-

144 1441 236 1468 mus.
267 1433 312 1466 In
327 1430 492 1475 Bithynia
507 1441 666 1475 egressus
682 1437 856 1475 aquatum,

146 1486 357 1525 secutusque
382 1491 521 1515 cervam
547 1482 733 1515 immissam
755 1492 776 1515 a
796 1483 857 1517 Ju-

146 1541 254 1573 me,
269 1537 309 1565 nt
326 1533 420 1566 canit
434 1533 594 1572 Flaccus,
609 1543 688 1566 cum
705 1534 856 1566 venisset

146 1582 192 1614 ad
212 1582 325 1625 littus,
352 1588 475 1624 raptus
499 1589 552 1616 est
575 1594 596 1615 a
621 1584 725 1616 choro
747 1584 856 1626 Nym·

145 1632 305 1676 pharam.
362 1633 573 1678 Theocritus
609 1633 653 1666 ab
699 1635 856 1667 omnibus

144 1682 318 1726 Nymphis
340 1688 477 1725 raptum
497 1683 615 1716 tradit.
660 1683 799 1717 Onasus
820 1685 855 1718 in

144 1733 257 1776 primo
285 1733 568 1767 Amazonicorum
593 1745 670 1768 eum
695 1736 732 1767 in
760 1745 856 1768 mare

142 1783 280 1826 lapsum
306 1794 454 1817 mersum
479 1785 611 1818 scribit.
659 1785 855 1819 Nicandrus

143 1834 182 1877 in
196 1835 363 1876 seeundo,
377 1835 420 1868 ab
435 1835 591 1869 omnibus
611 1839 762 1876 raptum·
806 1835 855 1869 A·

141 1885 315 1930 pellonias
329 1886 372 1925 ab
387 1896 456 1918 una
470 1890 616 1921 tantum.
639 1887 814 1920 Domitius.

186 1939 253 1970 2⁰0
276 1936 396 1978 Etjam
410 1937 474 1969 eibi
488 1936 584 1978 dura]
604 1937 782 1971 Postrema
795 1937 854 1973 illa

145 1987 284 2026 mnino
307 1987 344 2019 in
363 1987 491 2020 mendo
513 1987 653 2021 cubant.
697 1988 735 2020 Si
761 1989 852 2021 enim

145 2031 347 2076 Violantilla
376 2042 456 2081 post
488 2038 675 2071 suasoriam
706 2039 852 2072 Veneris

143 2087 339 2130 orationem
377 2088 523 2130 eoeperit
551 2088 692 2127 flectere
729 2099 854 2132 aspera

142 2139 248 2180 eolla,
275 2142 314 2171 et
349 2138 493 2172 Stellam
523 2149 651 2181 amare,
678 2141 851 2182 quomodo

141 2188 262 2231 potuit
286 2189 474 2222 etiamnum
504 2190 568 2223 sibi
606 2190 715 2223 videri
742 2192 852 2224 dura?

141 2238 250 2283 fiand
265 2239 372 2272 dubie
388 2240 610 2273 scribendum
626 2246 678 2274 est
691 2253 700 2273 ε
715 2252 770 2275 nec
785 2246 851 2275 tam

139 2288 295 2323 abiam-a
309 2290 433 2323 υἱάσι-1.·
455 2292 535 2324 nolo
554 2297 668 2324 tamen
692 2293 850 2326 dissimu-

138 2339 213 2384 lare
234 2342 416 2382 commodo
441 2351 542 2374 seusu
566 2347 603 2375 et
618 2348 721 2375 aucto
740 2344 850 2385 expli-

138 2389 212 2423 cari
237 2400 341 2433 posse
362 2393 538 2434 vulgatam
558 2393 755 2427 lectionem.
803 2395 850 2427 Ut

138 2448 237 2473 mens
251 2439 320 2473 sit:
344 2441 579 2475 Violantillam
603 2446 675 2476 tum
697 2444 849 2486 demum,

137 2500 217 2534 cnm
233 2490 406 2525 Venerem
429 2493 630 2535 loquentem
651 2498 688 2526 et
703 2494 747 2526 ad
762 2504 849 2536 nup-

138 2541 207 2574 tias
230 2541 426 2575 hortantem
451 2543 620 2586 audisset,
637 2544 727 2576 serio
745 2554 848 2587 agno·

139 2591 244 2634 visse,
259 2601 297 2624 se
312 2592 432 2624 duram
448 2594 550 2626 nimis
571 2598 608 2627 et
631 2596 847 2637 pertinacem

139 2631 305 2676 adversus
340 2642 484 2675 Stellam
520 2643 641 2678 fuisse.
679 2646 846 2680 Boxlwru.

141 2691 250 2738 Epist.
266 2692 397 2724 anoh.
413 2693 513 2726 Fred.
531 2694 633 2728 Gron.

181 2743 246 2775 203
287 2742 428 2775 mide
449 2743 554 2785 Pisoe]
588 2744 683 2787 Apta
706 2756 846 2790 compa·

136 2791 228 2826 mio
239 2801 312 2835 qna
334 2793 431 2827 labor
454 2794 573 2828 Stellae
589 2797 797 2839 exprimitur
811 2799 846 2831 in

1502 177 1623 258 *1643

917 324 1047 356 amore,
1073 320 1111 349 et
1136 315 1277 349 tandem
1304 315 1509 358 respiratio;
1543 327 1623 351 nam

915 365 1069 408 Alpheus
1083 367 1141 409 qui
1145 367 1251 408 juxta
1263 367 1417 409 Olympii
1427 367 1525 401 Jovis
1537 373 1623 401 tem-

917 417 1009 458 plum
1026 417 1166 458 labitur,
1182 427 1245 459 per
1265 417 1507 451 subterraneos
1529 428 1622 451 mea·

917 471 973 499 tus
994 468 1028 499 in
1049 468 1197 500 Siciliam
1220 469 1403 509 pervenire
1426 468 1554 503 dicitur
1576 470 1623 502 ad

915 517 1139 559 Arethusam,
1154 518 1255 560 cujus
1270 528 1386 550 amore
1407 524 1530 561 captus
1554 525 1621 554 est.

915 569 1010 602 Nota
1036 568 1152 602 fabula
1183 570 1275 610 apud
1307 569 1412 603 Ovid.
1448 571 1622 604 Domitius.

918 619 1072 660 Tumidae,
1082 620 1151 661 &cd
1165 620 1282 653 Quare
1294 620 1445 652 tumida?
1460 630 1503 653 an
1518 631 1624 664 prop-

914 673 969 701 ter
991 670 1219 702 OEnomaum?
1241 669 1458 702 Rhodianus:
1488 671 1623 710 minda,-

911 719 1037 752 Salisb.
1063 719 1219 758 iuliade:
1264 718 1378 752 forte:
1427 721 1540 753 nitidis
1573 722 1622 754 sie

911 771 1081 812 transfuga
1102 772 1201 804 Pisce.
1244 771 1396 813 Propter
1425 772 1619 814 palaestras.

911 822 1067 855 Martial.
1101 822 1244 855 ‘nitidis
1273 826 1396 856 octava
1425 823 1620 864 palaestris.’

913 872 1056 904 Gronov.

953 925 1019 954 209
1043 922 1124 960 Quis
1137 922 1199 956 tibi
1220 933 1302 956 nunc
1322 924 1434 962 alacri,
1454 925 1527 967 ξω]
1548 924 1622 959 Pu-

911 972 983 1005 tide
1014 972 1095 1005 bina
1125 973 1283 1015 epitheta
1311 974 1370 1007 uni
1397 976 1525 1008 nomini
1548 976 1619 1017 hic,

909 1031 980 1064 prae
986 1027 1038 1055 ter
1047 1033 1175 1056 morem
1185 1024 1319 1065 Poetae,
1328 1024 1502 1066 adjuncta.
1524 1027 1620 1068 Lege

909 1072 1026 1116 itaque
1041 1084 1050 1105 ε
1074 1074 1245 1114 coelestum,
1258 1084 1385 1107 munere
1407 1076 1491 1107 clare
1505 1075 1621 1117 Stella,

906 1123 986 1156 dies.
1028 1124 1173 1156 Stellam
1202 1124 1376 1156 ‘clarum'
1406 1129 1509 1158 vocat
1545 1131 1620 1159 tum

907 1173 951 1205 ad
966 1183 1091 1205 nomen
1107 1174 1276 1215 alludens,
1292 1174 1348 1206 cui
1364 1176 1504 1216 propria
1518 1176 1620 1208 clari·

907 1228 976 1266 tas,
1000 1228 1074 1257 tum
1099 1224 1143 1255 ad
1169 1224 1242 1266 ejus
1268 1224 1498 1258 nobilitatem.
1541 1226 1618 1259 lmo

907 1284 1045 1317 semper
1061 1284 1150 1316 pene
1175 1274 1260 1306 illud
1276 1275 1458 1316 epitheton
1484 1276 1534 1309 illi
1556 1277 1618 1310 tri-

906 1323 982 1357 buit
1009 1323 1122 1356 Poela
1144 1329 1274 1365 noster,
1299 1330 1339 1357 ut
1364 1330 1402 1357 et
1431 1325 1619 1368 Martialis,

906 1376 966 1418 qui
990 1376 1050 1408 lib.
1072 1384 1142 1407 ιιι.
1162 1375 1280 1417 Epigr.
1306 1378 1340 1408 3.
1364 1376 1374 1393 ‘
1390 1376 1512 1408 Clarus
1537 1377 1620 1409 Ian·

907 1426 998 1459 theae
1016 1426 1126 1457 Stella
1140 1426 1255 1457 sititor
1270 1425 1395 1468 aquae.’
1425 1427 1481 1459 De
1497 1427 1617 1460 Stella

906 1475 1009 1518 hujus
1034 1476 1230 1512 nobilitate,
1255 1475 1456 1517 honoribus,
1482 1477 1621 1518 opibus,

905 1528 1047 1559 consule
1079 1527 1334 1559 Bernardinum
1370 1527 1618 1561 Scardeonium

905 1578 949 1610 de
974 1578 1101 1610 Priscis
1127 1577 1259 1610 civibus
1287 1578 1481 1620 Patavinis,
1502 1578 1564 1612 lib.
1588 1588 1616 1611 1.

907 1628 1016 1660 Class.
1032 1631 1066 1660 3.
1092 1629 1226 1660 Gevart.

948 1682 1012 1712 213
1037 1679 1092 1712 Ire
1113 1681 1196 1722 polo,
1222 1680 1399 1724 nitidosque
1427 1692 1533 1716 mare
1558 1693 1618 1726 per

904 1739 992 1770 axes,
1006 1730 1077 1772 ξω]
1100 1732 1246 1764 Veteres
1260 1742 1338 1765 cum
1354 1734 1537 1766 maximum
1553 1735 1616 1767 ali-

905 1782 996 1824 quod
1011 1788 1048 1815 et
1064 1783 1263 1815 inusitatum
1284 1784 1401 1826 gaudii
1421 1795 1530 1827 genus
1554 1795 1615 1819 ex-

905 1833 1054 1874 primere
1067 1834 1208 1872 vellent,
1224 1835 1234 1852 ‘
1248 1835 1373 1867 coelum
1386 1845 1464 1868 sese
1478 1846 1615 1878 peram-

904 1883 1043 1916 bulare’
1065 1884 1239 1917 dicebant.
1276 1886 1371 1918 Hinc
1384 1887 1518 1920 Statius
1533 1898 1613 1922 cnm

903 1933 1046 1966 innuere
1062 1934 1181 1974 vellet,
1191 1935 1334 1967 Stellam
1347 1936 1391 1969 ob
1407 1937 1613 1979 desponsam

901 1983 968 2016 sibi
990 1985 1227 2018 Violantillam
1254 1986 1345 2018 omni
1367 1988 1493 2029 gaudio
1515 1990 1613 2022 exul-

903 2038 1008 2076 tasse,
1034 2036 1083 2068 ait
1108 2037 1231 2079 ipsum,
1255 2037 1311 2070 Ire
1329 2039 1414 2080 polo,
1435 2039 1613 2082 nitidosque

902 2096 1009 2119 errare
1019 2097 1076 2128 per
1089 2097 1166 2119 oxea
1182 2087 1302 2120 Visum.
1332 2089 1539 2131 Propertius
1549 2092 1611 2124 lib.

904 2146 932 2169 1.
959 2137 1059 2178 Eleg.
1086 2140 1119 2169 8.
1147 2137 1271 2170 eodem
1297 2138 1460 2181 loquendi
1485 2151 1612 2183 genere

903 2189 1023 2230 utitur,
1038 2189 1119 2221 dum
1142 2199 1179 2222 se
1203 2199 1224 2221 a
1248 2184 1398 2231 Cynthia
1420 2202 1481 2225 sua
1505 2194 1611 2227 amari

902 2239 1090 2280 gloriatur:
1113 2240 1236 2271 ‘Nunc
1263 2240 1346 2272 mihi
1371 2251 1503 2274 summa
1525 2244 1612 2278 licet

901 2289 1101 2331 contingere
1124 2289 1239 2320 sidera
1263 2290 1402 2331 plantis,
1419 2292 1500 2324 Sive
1522 2293 1610 2335 dies,

901 2348 962 2371 seu
974 2348 1042 2371 uox
1054 2339 1271 2379 venerit,illa
1282 2350 1359 2373 mea
1371 2341 1449 2374 est!
1466 2343 1611 2377 Frustra

900 2390 1018 2433 itaque
1033 2395 1087 2423 est
1101 2389 1153 2422 vir
1169 2400 1320 2423 summus
1337 2392 1458 2425 Justus
1475 2394 1611 2436 Lipsius

901 2439 1020 2483 Antiq.
1037 2442 1136 2473 Lect.
1154 2440 1215 2473 lib.
1227 2450 1280 2473 ιν.
1295 2451 1374 2483 cap.
1397 2446 1427 2475 2.
1449 2444 1494 2476 ad
1517 2444 1610 2479 hunc

899 2490 1076 2532 Propertii
1101 2491 1226 2532 locum,
1247 2491 1306 2524 ubi
1333 2493 1383 2525 ait
1407 2494 1610 2529 insolentem

899 2551 975 2573 esse
986 2541 1217 2574 locutionem
1230 2542 1363 2575 Coelum
1374 2545 1522 2585 plautis’
1533 2547 1609 2581 sive

899 2593 1064 2634 pedibus‘
1077 2593 1305 2634 contingere:
1319 2604 1359 2627 ac
1372 2597 1486 2629 verius
1499 2599 1609 2633 videri

899 2643 966 2675 sibi
987 2643 1199 2685 legendum:
1238 2644 1464 2687 ‘contingere
1492 2647 1608 2682 sidera

899 2693 1044 2736 palmis!
1076 2694 1165 2726 Nam
1179 2697 1216 2726 et
1231 2694 1347 2727 Groeci
1363 2695 1427 2728 hoc
1445 2706 1512 2729 uno
1529 2707 1607 2733 ver-

899 2744 944 2776 bo
969 2744 1198 2785 pulcherrime
1226 2744 1425 2785 exprimunt
1448 2745 1606 2788 αἰθεροβα·

897 2795 975 2838 τεῒν,
989 2795 1080 2838 quod
1093 2799 1189 2829 recte
1202 2793 1326 2827 Suidas
1342 2794 1605 2843 interpretatur,
