1858 3112
244 259 357 301 1714

244 372 310 395 eus.
333 362 470 395 Morell.

285 418 328 448 40
353 415 453 446 Cedat
481 413 547 445 tibi·
570 413 715 446 Latmius
749 415 845 455 ultro,
873 415 942 456 ssa]

244 465 359 498 Nimio
375 463 646 504 reprehensionis
657 464 769 496 studio
782 465 943 497 incitatus

191 553 193 555 ι
242 514 449 553 Politianus,
463 514 549 545 male
567 514 623 546 hic
640 523 702 554 per
718 514 727 531 ‘
743 514 942 555 Sangarium

242 563 410 606 puerum,’
426 563 661 604 Ganymedem
686 563 943 605 intelligendum

242 623 318 646 esse
344 614 476 653 asserit,
491 623 566 645 nam
587 618 625 646 ut
652 618 746 646 recte
768 614 943 647 Domitius

243 664 432 703 adnotavit,
445 663 551 705 Atyn,
567 663 715 705 Cybeles
730 663 881 705 delicias,
894 665 943 696 in-

242 715 316 746 nuit
325 715 455 746 Statius
468 726 475 744 :
502 714 630 755 Cybele
643 714 730 745 enim
740 723 846 755 prope
859 715 943 746 San-

241 764 371 806 garium
395 769 432 796 et
456 764 592 796 Gallum
618 764 778 805 Phrygiae
804 759 944 798 flumina

241 816 430 848 colebatur.
452 815 542 847 Vide
554 815 730 848 Claudian.
742 824 782 846 n.
798 816 942 858 Eutrop.

242 870 279 899 et
306 867 475 898 Marciana
499 866 676 906 Capellam
704 866 762 898 lib.
789 875 840 898 v1.
864 876 942 907 cap.

241 917 285 949 de
313 917 477 958 Phrygia.
522 917 614 950 Quin
643 916 745 948 etiam
769 917 942 949 Arnobius

239 967 299 999 lib.
315 976 349 999 v.
363 967 413 998 ait
431 971 573 998 matrem
586 965 673 1007 Atys
685 965 792 998 fuisse
807 968 941 1001 Nanam

239 1016 396 1056 ‚Sangarii
418 1015 565 1047 fluminis
591 1016 709 1048 filiam.
753 1017 943 1057 Praeterea,

241 1067 330 1107 quod
349 1071 458 1107 caput
481 1071 544 1106 est,
559 1066 713 1107 ineptum
737 1065 838 1106 foret,
856 1067 942 1100 Poe-

240 1119 310 1148 t'am
326 1117 377 1148 bis
391 1126 587 1158 comparare
608 1117 770 1149 Earinum
782 1127 858 1149 cum
873 1118 942 1150 Ga·

239 1167 398 1207 aymone,
408 1167 498 1208 qnod
502 1167 574 1208 jam
586 1176 689 1208 supra
699 1166 845 1208 fecerat,
861 1167 941 1200 dum

239 1216 347 1249 dixit:
384 1218 393 1234 ‘
409 1218 592 1258 Pergame,
622 1216 770 1258 pinifera
797 1218 940 1251 multum

238 1265 372 1298 felicior
387 1266 471 1298 Ida!
497 1267 562 1298 Illa
583 1266 666 1299 licet
679 1277 786 1299 sacrae
805 1268 940 1309 placeat

238 1317 304 1348 sibi
321 1317 410 1349 nube
428 1317 578 1359 rapinae,’
592 1318 657 1350 διο.
680 1318 812 1350 Gevart.

281 1370 322 1399 41
350 1368 505 1408 Quemque
529 1367 639 1408 irrita]
666 1368 847 1400 Narcissus
875 1369 940 1401 Ce—

239 1418 327 1457 phisi
340 1423 376 1452 et
393 1418 552 1459 Liriopes
567 1417 667 1458 filius,
678 1428 777 1460 quem
794 1419 852 1450 diu
870 1419 939 1452 vic-

238 1473 352 1500 turum
370 1469 547 1509 respondit
563 1473 671 1505 vates,
691 1469 718 1499 si
744 1478 780 1500 se
797 1478 863 1501 non
880 1479 939 1501 no-

236 1517 354 1558 visset,
377 1518 410 1549 in
433 1516 597 1559 fonteque
613 1516 753 1549 formam
772 1527 864 1550 suam
887 1529 939 1550 as-

212 1597 215 1601 .
238 1568 386 1609 piceret.
431 1568 592 1609 Elanguit
616 1566 650 1598 in
677 1566 795 1599 florem
823 1578 938 1600 amore

237 1618 378 1659 umbrae,
394 1627 493 1659 quam
509 1617 642 1659 putavit
657 1627 796 1658 puerum
807 1628 938 1651 verum.

237 1667 361 1702 Domit.

270 1719 320 1761 Ι42
345 1718 388 1749 Te
411 1718 524 1749 οων-αἶα
543 1717 628 1749 Nais
653 1717 779 1757 Mallet,
801 1718 872 1759 ξω]
895 1719 936 1750 In

236 1766 387 1807 Epithal.
404 1767 490 1799 Stel.
512 1768 521 1785 ‘
540 1768 713 1800 Quantum
731 1777 799 1799 non
815 1769 938 1800 clama—

235 1821 289 1848 tus
308 1817 439 1858 Hylas.’
461 1817 564 1849 Hunc
578 1820 587 1835 ‘
601 1818 632 1849 in
646 1816 743 1849 fonte
755 1818 938 1859 relictum,’

234 1876 300 1897 non
317 1871 386 1898 tam
403 1872 515 1899 nautae
532 1868 541 1885 ‘
559 1877 621 1908 per
637 1868 738 1907 longa
751 1868 938 1900 reclamant

234 1916 336 1956 avia,'
354 1926 453 1958 quam
467 1917 587 1948 Posstae
605 1926 667 1958 per
682 1917 851 1950 carmina:
876 1919 936 1950 sed

234 1977 253 1998 a
269 1968 360 1999 nullo
377 1973 455 2008 post
472 1968 690 2008 Apollonium
705 1973 741 2000 et
758 1969 936 2000 Maronem

233 2017 433 2048 concinnius
461 2018 667 2058 celebratur,
681 2028 780 2060 qnam
798 2028 817 2050 a
841 2018 935 2059 Non-

232 2075 276 2098 no
293 2066 397 2100 Dion.
413 2067 472 2099 lib.
489 2076 530 2100 u.
551 2068 615 2100 hoc
641 2068 806 2108 tristicho,
820 2068 853 2099 in
868 2078 935 2110 quo

231 2115 327 2148 πάθος
345 2117 506 2150 Herculis
523 2123 560 2149 et
574 2118 724 2160 Nymph.
747 2123 864 2159 patet:
888 2119 935 2150 Οὐ

229 2165 326 2198 τόσον
350 2167 524 2208 Ἡρακλέης
554 2168 663 2210 δρόμον
687 2169 788 2210 ἤνυεν,
818 2169 934 2202 ὁππότε

230 2215 356 2257 Νύμφαι
364 2217 478 2259 εΑβρὸν
485 2218 588 2251 “‘mau
595 2221 770 2262 φθονεραῖσι
785 2219 933 2262 κατεκρύ-

229 2269 329 2308 ψαντο
339 2266 469 2310 ῥεέθροις
478 2269 618 2310 Νυμφίον
629 2269 762 2313 ἷκμαλέῃ
772 2276 934 2312 πεφυλαγ-

229 2315 321 2355 μένον
335 2316 450 2360 ἅρπαγι
465 2318 569 2362 κούρῃ.
594 2321 719 2354 Morell.

272 2370 315 2399 44
333 2368 512 2401 Formosior
526 2369 593 2410 ille]
605 2370 838 2411 Domitianus;
856 2381 932 2403 nam

227 2420 360 2449 statura
382 2418 448 2451 fuit
474 2429 630 2460 procera,
648 2421 742 2452 vultu
766 2420 931 2463 modesto,

229 2467 432 2510 ruborisque
456 2470 577 2510 pleno:
603 2475 774 2511 praeterea
792 2471 932 2511 pulcher

228 2521 266 2548 et
293 2518 438 2559 decens;
474 2521 619 2552 maxime
651 2521 685 2553 in
710 2521 867 2562 juventa,
897 2525 932 2553 et

229 2567 365 2607 quidem
390 2574 462 2600 toto
486 2580 639 2611 corpore,
658 2571 814 2613 exceptis
838 2571 931 2612 pedi-

228 2616 306 2658 bus,
322 2628 464 2660 quorum
481 2621 605 2662 digitos
630 2622 857 2654 restrictiores
874 2623 931 2653 lra-

227 2666 334 2699 bebat
345 2678 367 2699 :=r
383 2675 500 2709 postea
515 2670 675 2702 deformis
692 2672 831 2704 calvitio
848 2682 930 2714 quo-

229 2726 294 2759 que
308 2717 559 2752 offendebatur.
574 2722 743 2759 Domitia-r.

269 2769 311 2799 50
335 2768 415 2803 Quae
429 2769 538 2806 ,forma
553 2771 674 2811 capillis
699 2771 838 2812 optimae]
862 2771 928 2803 Or-

227 2820 343 2850 natutn
372 2818 570 2861 capillorum
597 2822 861 2864 compositorum
892 2826 928 2854 et

699 269 841 298 No'rAE
876 268 1138 301 VARJORUM
1175 270 1224 302 ΙΝ
1258 280 1260 282 ’

996 364 1318 404 calamistratorum,
1342 363 1496 407 σύνθεσιν,
1523 363 1695 410 πλόκαμοι,

994 412 1183 455 βόστρυχον,
1205 414 1266 446 Gr.
1290 416 1323 446 in
1340 425 1465 455 genere
1479 422 1694 458 nuncupant·

993 462 1131 496 Atticos
1162 463 1322 506 κρῶβυλον
1352 465 1514 506 virorum,
1549 465 1695 507 σκορπίον

994 523 1177 555 puerorum
1194 515 1343 554 cinnum,
1365 513 1516 557 κόρυμβον
1539 516 1694 554 foemina·

994 573 1067 596 rum
1092 565 1268 606 appellare
1290 570 1388 597 autor
1411 570 1466 597 est
1485 565 1695 607 Thucydidis

993 613 1212 652 Scholiasta,
1225 615 1283 649 lib.
1299 624 1326 647 1.
1343 616 1463 656 Synes.
1477 615 1514 647 in
1534 614 1696 659 offlm

994 663 1062 704 ἐγκ.
1085 665 1142 697 De
1156 665 1273 697 nativa
1283 674 1389 697 comae
1406 664 1695 708 conformatione,

993 713 1222 747 Philostratus
1253 714 1376 746 tabula
1400 713 1561 748 laudata:
1584 715 1694 756 ’amr-

992 766 1112 804 λαφοῦς
1140 765 1235 803 οὔσης
1265 764 1372 804 κόμης,
1393 763 1451 801 ,καὶ
1472 762 1537 801 οἷον
1562 766 1694 806 χρωῆε,

991 814 1029 846 τὸ
1049 815 1106 855 μὲν
1120 816 1150 848 οἱ
1168 815 1315 849 τένοντες
1339 815 1538 858 ἐφέλκονται,
1551 815 1591 848 τὸ
1603 815 1638 848 δὲ
1651 817 1695 860 '¹1⁶1‘

993 863 1090 907 ἕνπήνῃ
1106 865 1230 906 ἐπιῤῥεῖ.
1254 865 1345 897 Vide
1371 875 1478 906 supra*
1490 865 1526 897 in
1537 865 1695 907 ‚Epithal-

993 914 1036 946 de
1050 921 1214 955 suggestu
1230 925 1348 950 comae.
1361 916 1486 948 Morem
1587 942 1590 944 v

1035 967 1075 996 55
1098 964 1154 996 Sic
1168 968 1259 997 ornat
1274 965 1388 1004 crines,
1401 966 1433 997 T
1429 965 1516 1006 yrias
1528 965 1694 1005 sieswndst

991 1014 1140 1054 amictus]
1162 1015 1172 1032 ‘
1186 1013 1345 1053 Amictus
1369 1014 1537 1056 fundere:
1555 1015 1693 1057 elegan-

993 1069 1047 1096 ter
1062 1065 1150 1097 dixit
1176 1070 1260 1106 pro*
1279 1066 1477 1104 dimittere?
1493 1066 1634 1108 proprio
1657 1067 1695 1101 in

993 1124 1031 1147 re
1060 1115 1221 1147 vestiaria
1251 1116 1369 1148 verbo.
1400 1116 1612 1154 Tertullum.
1647 1117 1692 1150 de

992 1165 1125 1198 Pallio:
1149 1169 1159 1184 ⁸
1175 1165 1298 1202 Adhuc
1311 1166 1456 1203 sustinet
1478 1162 1600 1203 stolam
1615 1165 1694 1199 fun·

992 1215 1086 1256 dere,
1109 1225 1239 1248 comam
1266 1221 1413 1257 struere,
1423 1219 1541 1254 cutem?
1552 1215 1695 1258 fingere,

991 1267 1166 1307 speculum
1196 1268 1389 1307 consulere,
1411 1268 1536 1300 collum
1562 1266 1693 1305 demul-

991 1316 1093 1348 cere.'
1130 1317 1186 1354 Ita
1211 1318 1221 1335 ‘
1237 1318 1393 1349 humeros
1417 1315 1583 1354 fundere’
1603 1317 1694 1354 digit

992 1367 1121 1400 Noster
1145 1367 1274 1400 Achill.
1291 1377 1317 1400 1.
1341 1368 1350 1386 ‘
1369 1372 1533 1410 qnantum
1558 1367 1692 1401 cervice

991 1418 1163 1460 comisque
1185 1418 1354 1455 Emineat,
1375 1421 1607 1459 quantumque
1629 1416 1692 1451 hu·

992 1477 1102 1500 meros
1120 1479 1159 1500 ac
1176 1473 1318 1510 pectora
1332 1467 1480 1500 fundat.'
1517 1467 1573 1500 Ad
1589 1477 1691 1510 quem

990 1518 1100 1550 locum
1131 1519 1293 1550 Bernart.
1331 1518 1418 1550 male
1455 1517 1690 1559 reponendum

989 1573 1129 1599 censet:
1146 1569 1155 1584 ⁴
1168 1573 1332 1610 qnantum
1347 1568 1504 1601 humeros
1516 1578 1536 1600 a
1551 1573 1691 1610 pectore

989 1617 1135 1650 fundat!
1179 1619 1268 1650 Nam
1284 1619 1358 1659 ipse
1382 1617 1472 1650 Stat.
1490 1618 1594 1659 paulo
1608 1622 1691 1653 ante

989 1667 1144 1699 dixerat:
1174 1669 1183 1686 ‘
1205 1667 1450 1709 Submittitque
1480 1677 1604 1708 graves
1629 1667 1690 1699 hu-

988 1726 1111 1758 meros,
1129 1723 1166 1750 et
1187 1717 1293 1750 fortia
1319 1717 1414 1750 laxat
1428 1717 1600 1753 Brachia:
1625 1718 1691 1750 Ge·

987 1770 1069 1799 tart.

1028 1821 1071 1849 58
1095 1818 1303 1860 Myrrhasque
1319 1817 1448 1859 graves]
1469 1817 1512 1850 Id
1527 1820 1595 1859 est,
1608 1827 1689 1855 vasa

987 1869 1171 1909 myrrhina.
1202 1869 1326 1900 Domit.
1371 1867 1579 1910 Myr-rumne
1610 1877 1688 1908 grc-

985 1918 1051 1958 ves]
1074 1919 1162 1950 Haec
1185 1918 1266 1960 quid
1291 1917 1419 1950 fuerint
1441 1926 1508 1949 non
1532 1917 1687 1958 proclive

986 1973 1151 2008 statuere,
1174 1974 1317 2010 propter
1340 1968 1499 2005 authores
1514 1967 1630 2010 quiea
1649 1968 1686 2002 in

986 2027 1022 2050 re
1033 2019 1216 2050 sententiis
1226 2018 1365 2050 diversi.
1380 2028 1400 2049 a
1411 2017 1553 2059 gemmis
1566 2022 1687 2051 exerte

984 2066 1140 2101 removet'
1153 2069 1321 2110 Ulpianus
1336 2068 1400 2102 JC.
1417 2077 1450 2100 r..
1467 2076 1550 2106 xix.
1563 2067 1582 2110 ς
1593 2072 1625 2102 6.
1637 2069 1686 2106 D.

984 2119 1037 2151 De
1058 2130 1140 2152 auro
1163 2124 1201 2152 et
1223 2129 1295 2160 arg.
1308 2120 1380 2160 leg.
1404 2119 1414 2136 ‘
1431 2118 1609 2160 Myrrhina
1629 2128 1687 2157 aa·

985 2173 1053 2201 tem
1070 2180 1151 2202 vasa
1165 2171 1199 2201 in
1216 2169 1356 2211 gemmis
1373 2178 1441 2201 non
1456 2177 1532 2201 esse
1549 2168 1686 2208 Cassius

984 2219 1140 2260 scribit3'
1170 2224 1208 2252 nt
1237 2218 1384 2261 proinde
1409 2228 1477 2251 non
1507 2222 1606 2255 recte
1626 2218 1687 2259 ‚vir

984 2269 1138 2301 eruditus
1161 2269 1349 2310 Gregorius
1365 2267 1527 2310 Agricola
1551 2268 1596 2301 de
1612 2268 1684 2301 Na-

983 2322 1062 2350 tura
1076 2318 1240 2351 fossilium
1255 2319 1315 2352 lib.
1325 2327 1377 2352 v1.
1393 2318 1571 2357 materiam
1585 2318 1684 2360 Myr-

983 2369 1154 2402 rhinorurn
1169 2379 1339 2411 gemmam
1353 2378 1427 2405 esse
1442 2369 1610 2411 onychem
1624 2378 1685 2402 ex-

982 2419 1152 2461 istimarit,
1169 2429 1269 2461 quern
1292 2424 1328 2451 et
1351 2423 1482 2461 praeter
1496 2420 1683 2462 Ulpianum

982 2469 1085 2505 etiam
1102 2469 1232 2502 refellit
1245 2469 1459 2511 Capitolinus
1474 2470 1508 2502 in
1518 2470 1684 2512 Helioga·

983 2518 1073 2558 balo,
1095 2520 1105 2538 ⁴
1122 2519 1156 2550 in
1174 2520 1454 2561 Myrrhinisleum
1477 2525 1514 2553 et
1528 2519 1682 2563 onychi·

980 2569 1031 2600 nis
1046 2570 1162 2601 lotium
1179 2570 1391 2603 reddidisse’
1411 2570 1573 2609 scribens.
1609 2572 1683 2605 De-

981 2620 1083 2661 nique
1115 2620 1298 2662 Onyclrina
1321 2631 1414 2660 vasa,
1433 2621 1549 2653 Plinio
1579 2624 1683 2662 teste,

980 2679 1048 2702 non
1063 2679 1106 2701 ex
1129 2671 1258 2711 onyche
1281 2680 1426 2712 gemma,
1443 2670 1505 2702 sed
1525 2680 1568 2703 ex
1591 2680 1680 2704 mar-

978 2731 1072 2753 more
1087 2722 1175 2763 quod
1193 2722 1413 2755 Alabastritis
1429 2731 1506 2756 esse
1527 2722 1680 2764 speciem

980 2772 1053 2803 vult
1068 2772 1286 2804 Dioscorides
1302 2773 1360 2811 lib,
1377 2781 1413 2806 v.
1427 2781 1458 2804 e.
1475 2775 1528 2804 10.
1538 2772 1678 2805 fiebant.

978 2821 1141 2856 Ceterum
1165 2823 1240 2866 ipse
1263 2823 1396 2857 Plinius
1416 2823 1594 2866 Myrrhina
1616 2824 1677 2859 hu·
