1884 3120
260 250 375 299 1742

261 366 313 388 aaa
339 355 397 388 hic
427 355 491 388 sibi
523 354 619 387 velit.
662 354 871 396 Namiquod
898 363 962 395 per

261 406 325 439 hoc
347 407 357 425 ‘
374 406 505 438 virileni
521 404 653 446 togam'
673 405 812 447 quidam
836 404 962 436 intelli·

261 461 359 497 gunt,
381 456 537 496 ineptum
560 461 625 489 est.
669 455 962 489 Quidhaeremus?

261 507 371 538 Unius
384 510 518 541 tantum
533 506 696 538 litterulae
713 510 749 538 et
765 505 963 546 interpunc-

262 556 366 592 tionis
382 556 501 588 vitium
518 557 656 595 densam
679 552 863 587 sententiae³
881 553 963 586 fecit

262 610 410 643 noctem.
456 606 524 637 Pro
539 607 608 640 hac.
631 606 709 646 lege
734 605 824 641 hanc,
849 608 884 635 et
901 613 963 644 pro

262 655 423 697 1200‚1ege
438 656 512 687 st:
537 655 658 696 Quippe
677 658 709 686 et
732 664 802 696 opes
825 657 857 686 et
875 654 964 693 wigo

262 705 382 746 sinunt,
408 706 487 737 hanc
510 706 652 746 lampade
674 704 780 746 prima
808 704 965 740 Patr-,itia

261 756 384 787 intrare
398 755 507 794 sores.-
531 756 585 786 hos
611 754 690 795 pube
718 754 775 785 sub
803 754 881 794 ipsa,
909 755 962 792 ὅγε.

263 806 341 838 Hac
363 806 487 846 exigua
511 805 700 838 mutatione
723 808 851 846 quanta
872 802 965 835 facta

263 861 317 888 est
343 855 523 887 sententiae
544 855 622 886 lux!
668 855 738 886 Res
764 854 816 885 ita
839 853 962 885 habet:

263 905 459 944 Menecrati
489 910 559 937 tres
591 904 692 936 liberi
723 907 831 936 erant.
887 904 966 935 Una

263 954 370 987 filiola
385 961 458 988 erat
468 956 539 997 jam
555 965 677 987 recens
693 959 789 995 nata,
804 954 847 985 ob
861 963 963 995 quam

263 1006 457 1043 Menecrati
484 1006 584 1037 modo
610 1006 674 1036 hac
694 1005 799 1045 Sylva
815 1003 964 1045 gratula-

264 1060 333 1097 tur,
354 1060 390 1088 et
414 1055 482 1087 duo
507 1055 581 1088 filii.
625 1054 735 1086 Poeta
758 1054 874 1095 itaque
903 1052 965 1084 sub

264 1105 494 1147 disjunctione
523 1110 560 1137 et
583 1104 722 1136 filiolam
742 1104 829 1135 hanc
845 1108 880 1134 et
896 1112 965 1134 am-

263 1156 326 1189 bos
341 1155 426 1188 filios
443 1156 566 1197 tangit,
588 1161 624 1187 et
647 1155 732 1187 dicit
752 1153 965 1186 nobilitatem

265 1211 301 1238 et
321 1215 405 1247 opes
432 1207 631 1247 permittere
648 1207 739 1245 hanc,
754 1205 788 1237 id
812 1209 866 1236 est
876 1203 965 1246 filio-

264 1257 339 1296 lam,
367 1256 484 1296 primis
514 1256 644 1297 nuptiis
671 1255 820 1287 Patritio
844 1254 964 1295 juveni

264 1306 414 1337 nubere:
433 1306 487 1337 hos
501 1315 595 1345 vero,
611 1306 644 1336 id
658 1311 711 1337 est
733 1305 743 1322 ‘
761 1304 845 1336 duos
857 1302 965 1343 filios,’

264 1356 373 1387 latum
389 1356 518 1388 clavum
533 1365 630 1396 posse
644 1355 799 1394 induere,
810 1358 846 1386 et
861 1354 965 1385 curiae

265 1405 445 1438 interesse.
499 1406 608 1437 Porro
635 1415 697 1447 per
727 1409 736 1424 ⁸
754 1402 964 1445 lampadem’

264 1457 401 1498 nuptias
414 1457 656 1498 intelligendas
667 1456 790 1498 probat
803 1455 876 1496 ipse
888 1455 965 1486 Sta-

266 1507 344 1548 tius,
365 1507 423 1549 qui
440 1507 591 1548 Epithal.
607 1507 720 1538 Stellae
735 1516 743 1537 :
766 1505 775 1523 ‘
793 1505 966 1547 quatiunt-

265 1567 333 1599 que
348 1567 480 1589 uovena
493 1556 682 1598 Lampade,
695 1556 876 1592 solemnem
891 1554 965 1586 tha-

263 1609 361 1640 lamis
377 1605 735 1648 coe'untibusignem!
781 1607 827 1637 Et
847 1606 964 1637 Valet.

264 1661 410 1692 Flaccus
436 1662 624 1702 Argonaut.
649 1659 709 1691 lib.
732 1668 813 1690 vm.
850 1659 966 1694 ,Faces

265 1711 355 1744 enim
381 1711 414 1742 in
441 1711 568 1752 nuptiis
593 1709 699 1742 fuisse
727 1708 909 1748 adhibitas,
930 1713 967 1740 et

265 1760 439 1793 decennes
478 1761 576 1802 pueri
622 1764 759 1792 norunt.
807 1758 967 1790 'Addidit

265 1811 369 1846 etiam
401 1811 545 1851 signate,
573 1811 713 1850 lampade
740 1809 867 1850 prima,-
889 1818 967 1839 nam

265 1861 425 1893 secundae
442 1861 571 1902 nuptiae
587 1859 731 1891 infames
753 1863 853 1891 erant
876 1858 966 1899 apud

264 1911 410 1943 Roman.
423 1916 512 1943 teste
525 1911 710 1944 Plutarcho
725 1911 858 1944 Quaest.
870 1910 968 1941 Rom.

266 1961 368 1993 Dixit
390 1961 495 1993 etiam
522 1962 720 2001 eleganter:
749 1952 906 1991 Patricius
919 1959 968 1990 in-

267 2016 353 2045 trare
365 2011 476 2050 sores:
499 2021 577 2044 nam
593 2020 637 2042 ex
654 2010 865 2051 priseoritu,
881 2019 969 2040 nova

264 2066 373 2104 nupta
388 2061 535 2103 ,vesperi
553 2061 596 2092 ad
614 2060 738 2102 Sponsi
755 2060 890 2092 domum
907 2058 968 2090 de-

265 2112 469 2145 ducebatur.
528 2111 620 2143 Vide
656 2111 800 2143 eundem
830 2111 967 2142 Plutar-

266 2163 366 2195 chum
394 2163 530 2196 Quaest.
559 2163 658 2194 Rom.
685 2164 740 2193 29.
785 2161 967 2192 Postremo

265 2213 373 2246 dixit:
391 2213 483 2244 limen
494 2213 621 2252 pulsare
630 2215 766 2243 senatus.
795 2211 851 2242 Sic
863 2211 967 2242 etiam

267 2272 304 2294 v.
319 2263 412 2304 SylV.
432 2262 609 2302 Protrept.
626 2261 778 2301 Crispin.
813 2261 823 2278 ‘
841 2261 886 2292 Et
903 2260 967 2292 La·

266 2313 305 2345 tii
324 2313 499 2354 penetrale
523 2316 661 2343 senatus
677 2310 821 2343 Advena
836 2311 967 2352 pulsas·

267 2362 319 2397 ti!
343 2362 478 2394 Gevart.

269 2443 274 2447 ,
310 2411 435 2443 CARM.
451 2420 504 2442 rx.
528 2413 548 2442 2
570 2409 696 2441 Misisti
724 2409 802 2441 mihi
831 2410 967 2451 Grippe]

267 2460 352 2494 Quis
372 2462 435 2492 iste
453 2461 631 2501 Grippus?
670 2460 777 2491 Nihili
803 2460 887 2491 illud
909 2471 968 2492 no-

267 2520 356 2542 men.
381 2510 531 2542 Dubium
545 2510 624 2541 milii
638 2519 705 2541 non
719 2514 783 2550 est,
800 2511 881 2551 quin
893 2511 969 2542 Gri-

264 2559 325 2600 phe
342 2560 397 2590 hic
413 2559 594 2600 legendum
612 2560 668 2600 sit,
684 2560 967 2603 quemadmodum

266 2608 325 2640 fax
348 2609 511 2641 Historiae
539 2611 688 2642 Batavae·
710 2610 753 2643 P.
780 2610 967 2644 Scriverius

267 2660 415 2691 censuit.
445 2661 571 2692 Exstat
583 2661 710 2692 mentio
725 2661 826 2702 hujus
843 2661 967 2702 Griphi

269 2710 361 2751 apud
386 2710 542 2741 Tacitum
574 2711 669 2743 Hist.
700 2720 757 2742 ιιι.
788 2711 797 2727 ‘
817 2711 968 2743 Plotium

270 2760 454 2802 Gryphum,
468 2770 579 2801 nuper
595 2771 615 2792 a
631 2761 844 2801 Vespasiano
865 2762 898 2792 in
916 2770 967 2793 se-

268 2811 436 2855 natorium
444 2809 594 2843 ordinem
604 2810 778 2844 additum!
797 2810 966 2844 Hinccor-

725 260 868 298 NQTAE
886 259 1168 294 AVAeroRUM
1202 260 1252 291 IN

1012 353 1085 396 rige
1095 354 1243 390 Statium
1258 354 1292 386 in
1306 353 1461 396 Epistola
1470 356 1502 388 4.
1516 353 1610 396 Sylv.
1624 362 1713 396 pta-

1012 405 1113 437 missa
1142 405 1265 437 Plocio
1295 403 1353 436 ubi
1380 404 1428 436 sic
1458 404 1529 437 ait:
1561 403 1712 446 ‘Plocio

1014 455 1158 496 Gryppo
1182 455 1320 497 majoris
1348 454 1474 496 gradus
1495 453 1712 500 juvenijdig-

1013 505 1090 536 nius
1104 505 1304 546 opusculum
1321 503 1485 537 reddam?
1529 504 1608 537 Nisi
1621 502 1713 538 forie

1014 555 1088 596 quis
1103 555 1259 587 Tacitum
1275 565 1317 587 ex
1333 555 1446 587 Statio
1462 552 1713 597 emendandum

1015 606 1201 646 existimet,
1232 605 1274 637 de
1303 615 1370 647 quo
1400 605 1490 638 idem
1519 594 1712 637 Scriverius

1015 664 1075 687 nos
1095 656 1235 687 monuit·
1260 656 1393 689 Gevart,
1438 660 1440 663 ’

1055 708 1076 736 6
1100 705 1173 736 Non
1183 705 1281 746 ludw]
1305 705 1480 737 Laudatur
1490 704 1534 737 ab
1544 705 1715 744 Isocrate,

1013 753 1049 786 τὸ
1070 753 1147 794 μηδὲ
1168 754 1236 796 περὶ
1258 754 1301 786 τὰ
1322 754 1390 797 (γρ.
1404 753 1508 796 παρὰ
1521 754 1588 799 τὰ)
1600 755 1716 794 ’γελοῖα

1015 802 1208 844 σπουδάζειν,
1229 802 1307 844 μηδὲ
1329 803 1397 845 περὶ
1413 803 1453 836 τὰ
1472 804 1628 838 ’σπουδαῖα
1647 805 1716 837 vois·

1014 852 1149 895 γελοίοις
1169 853 1300 895 χαίρειν·
1316 864 1412 895 neque
1433 854 1468 886 in
1491 853 1620 890 ludicris
1631 854 1714 891 urio

1014 915 1119 946 avere,
1127 915 1263 946 nequem
1271 905 1362 937 seriis
1380 906 1503 937 ludere.-
1505 904 1619 977 qnod
1622 913 1713 974 prae-

1017 961 1189 998 posterum
1202 961 1266 989 est.
1288 956 1433 988 Mareu.-

1060 1009 1100 1037 13
1125 1006 1337 1047 Byzantiacos
1368 1004 1513 1046 lacertos]
1549 1005 1716 1045 Lacertae

1018 1066 1125 1098 genus
1143 1056 1245 1097 piscis
1261 1055 1417 1088 laudatus
1429 1066 1473 1087 ex
1486 1055 1623 1094 Betica,
1636 1063 1715 1092 ‚sax-

1018 1112 1138 1139 etanus
1154 1112 1190 1139 et
1215 1107 1319 1140 etiam
1343 1105 1716 1148 parianus-{Byzantii

1018 1163 1132 1190 autem
1148 1162 1224 1190 erat
1239 1162 1383 1198 captura
1399 1158 1615 1198 thynnorum„
1624 1155 1716 1188 unde

1018 1210 1122 1241 etiam
1160 1208 1323 1250 cordylae.
1391 1205 1520 1247 Colunt]

1017 1259 1141 1292 Domil.

1061 1313 1102 1342 17
1126 1308 1290 1350 Sequenti]
1315 1309 1393 1341 Non
1407 1307 1658 1340 consuluerunt
1663 1306 1714 1351 in-

1017 1358 1129 1391 dolam
1147 1359 1251 1392 Statii
1271 1359 1366 1390 docti
1386 1358 1448 1390 viri
1452 1357 1632 1399 ‚frequenti
1650 1366 1715 1399 pto

1016 1410 1156 1451 sequenti
1171 1409 1390 1441 scribentess
1417 1409 1578 1442 Joculare
1601 1417 1715 1443 antem

1018 1466 1247 1491 commentum
1257 1458 1418 1500 'ejus‚,qui
1430 1459 1568 1500 sequenti
1581 1457 1718 1500 probat,

1018 1514 1057 1543 ut
1074 1510 1285 1550 intelligatur
1308 1509 1449 1542 Plotius
1463 1509 1498 1541 in
1512 1513 1715 1550 sequentem

1018 1573 1145 1595 annum
1158 1562 1343 1605 praefectus
1355 1571 1496 1595 annonae
1509 1560 1716 1601 designatus.

1018 1614 1193 1656 ‘sequens
1218 1611 1370 1655 annona'
1398 1617 1452 1644 est
1468 1609 1715 1648 ,facilis‚;obse—

1018 1673 1136 1705 quens,
1171 1663 1354 1696 obediens.
1366 1661 1564 1704 procuranti
1583 1659 1718 1695 Plotio.

1019 1714 1123 1747 Ovid.
1145 1715 1257 1755 Epist.
1279 1713 1457 1745 Phaedrae:
1493 1715 1503 1731 ‘
1517 1711 1605 1747 Qua
1619 1710 1718 1751 licet,

1019 1769 1055 1796 et
1084 1765 1250 1805 sequitur,
1291 1763 1403 1805 pudor
1434 1767 1488 1795 est
1522 1759 1715 1798 miscendus

1018 1814 1149 1846 amori!
1174 1815 1312 1846 Gronov.
1329 1813 1440 1845 Dialia
1454 1823 1482 1845 e.
1497 1814 1552 1848 45.
1590 1830 1594 1841 2

1021 1893 1024 1897 .
1061 1867 1102 1896 18
1124 1866 1265 1905 Annonoe
1279 1862 1382 1904 dedit]
1417 1861 1635 1897 Praefectura
1657 1868 1716 1892 an-

1017 1924 1129 1954 nonae,
1159 1924 1258 1956 quam
1288 1913 1347 1945 hic,
1370 1912 1497 1953 tangit,
1519 1909 1716 1944 olim.inter

1018 1974 1164 1996 summas
1180 1964 1386 2004 dignitates:
1419 1961 1522 2002 origo(
1536 1961 1614 2001 ejus
1628 1968 1716 1992 anno

1017 2014 1111 2046 urbis
1126 2010 1200 2045 732.
1226 2013 1277 2045 M.
1290 2011 1457 2044 Marcello
1473 2015 1510 2043 et
1531 2008 1717 2046 1,.,Απιιιι-

1017 2064 1066 2095 tio
1083 2062 1301 2102 Consulibus,
1317 2061 1518 2103 primusque
1538 2068 1614 2091 eam
1625 2090 1628 2095 ,
1640 2067 1716 2100 ges-

1017 2114 1063 2146 sit
1077 2115 1151 2156 ipse
1167 2113 1356 2154 Augustus,
1370 2116 1408 2144 ut
1426 2110 1543 2142 videre
1556 2114 1609 2142 est
1623 2108 1715 2150 apud

1017 2164 1164 2198 Dionem
1181 2163 1240 2195 lib.
1263 2172 1337 2195 mv.
1367 2161 1490 2197 tenuit,
1514 2160 1594 2192 dum
1619 2159 1717 2192 vix'it.

1017 2213 1191 2247 Successit
1208 2214 1246 2246 C.
1267 2211 1468 2251 Turranius,
1483 2210 1581 2251 cnjus
1598 2208 1715 2240 merni-

1016 2265 1069 2296 nit
1083 2264 1222 2299 Tacitus
1239 2262 1366 2295 Annal.
1393 2270 1417 2293 1.
1432 2264 1469 2292 et
1491 2258 1600 2291 refert
1627 2259 1717 2291 inter

1016 2314 1192 2347 Primores
1216 2312 1448 2352 magistratus,
1471 2309 1530 2351 qui
1553 2309 1586 2340 in
1609 2307 1716 2340 verba

1016 2363 1334 2404 Tiberiijurarunt.
1379 2361 1508 2393 Postea
1530 2358 1650 2390 eviluit
1676 2363 1716 2390 ut

1017 2413 1124 2446 didici
1159 2423 1178 2444 e
1216 2420 1368 2453 gemmeo
1405 2409 1522 2441 libello
1558 2408 1715 2440 Severini

1018 2463 1154 2495 Boethii
1170 2462 1213 2494 de
1227 2460 1470 2494 Consolatione
1482 2458 1715 2500 Philosophia

1017 2514 1077 2546 lib.
1094 2523 1137 2545 11.
1150 2512 1488 2545 Prosa4.13.emart

1060 2566 1103 2595 20
1125 2564 1188 2602 Sed
1205 2562 1302 2594 Bruti
1313 2548 1395 2594 senis
1404 2558 1616 2600 oscitationes]
1636 2537 1717 2592 Sus·¹

1017 2612 1154 2654 pinetur
1169 2612 1242 2653 quis
1266 2611 1412 2643 Poetam
1431 2610 1475 2641 de
1490 2610 1602 2640 Bruto
1618 2609 1716 2640 Cice·

1019 2663 1108 2694 ronis
1123 2661 1283 2693 familiari
1296 2670 1398 2702 agere
1411 2671 1422 2700 ;
1435 2669 1512 2693 nam
1525 2659 1596 2699 ejus
1607 2658 1715 2699 scrip·

1018 2717 1054 2743 ta
1084 2716 1123 2743 ut
1153 2710 1303 2751 vulgaria
1331 2710 1429 2741 nimis
1467 2712 1503 2739 et
1539 2706 1716 2740 fastidiosa

1017 2761 1097 2794 olim
1113 2765 1311 2802 contempta
1335 2766 1425 2791 sunt.
1469 2757 1560 2791 Illud
1577 2758 1718 2799 collige-

1017 2820 1052 2843 re
1069 2814 1120 2842 est
1135 2819 1178 2841 ex
1193 2810 1304 2843 Taciti
1329 2809 1408 2852 (seu
1431 2807 1633 2844 Quintiliani
1648 2817 1720 2843 ma·

1565 1207 1716 1278 Regnnt.
1757 1233 1766 1244 ,
