1846 3120
256 243 368 293 1590
752 258 792 291 ι’.
825 254 1016 291 ΡΑΡιΝιι
1051 255 1217 291 sumt
1246 260 1250 264 ⁴

253 352 366 397 Cum
383 359 578 409 paveant
597 355 713 406 aliae,
731 354 1017 409 demissaque
1037 355 1205 398 lumina
1223 355 1420 411 flectant,

252 416 404 477 Atque
420 423 578 465 iterat:
609 422 826 476 Quisquis
847 422 1027 477 proavis
1044 427 1090 464 et
1108 427 1236 477 g'ente
1257 426 1488 479 superbus,

254 489 474 544 Quisquis
496 503 610 545 equo
625 490 866 544 jaculoque
885 494 1059 543 potens,
1075 491 1152 544 qui
1172 491 1384 545 praevalet
1403 505 1527 544 arcu,

253 556 412 599 Omnis
432 558 572 600 honos
592 557 686 599 illic
703 571 713 600 :
743 557 836 598 illic
856 557 1049 610 ingentia
1071 561 1240 600 certant

252 622 473 668 Nomina:
505 626 583 668 vix
605 625 770 667 timidae
789 629 964 675 matres,
984 625 1065 667 vix
1085 625 1263 678 agmina
1283 630 1461 669 cessant
1629 623 1716 670 125

252 690 489 746 Virginea:
517 693 588 734 hic
610 693 795 733 multum
816 692 988 733 steriles
1007 692 1241 736 damnatus
1260 693 1305 734 in
1328 707 1483 745 annos,
1708 705 1712 707 ·

251 756 520 814 Invisusque
542 759 669 807 Deis,
691 759 731 800 si
752 772 884 814 quem
902 759 1001 801 haec
1018 771 1137 801 nova
1159 760 1302 813 gloria
1322 774 1500 815 segnem

251 826 479 869 Praeterit:
511 827 681 868 exisset
701 826 867 876 stratis,
888 826 975 868 nisi
995 826 1183 880 provida
1199 827 1327 880 signo

252 893 493 935 Deidamia
510 893 616 935 dato
639 897 825 934 cunctas
845 892 1021 935 hortata
1042 905 1216 935 sorores

251 960 484 1016 Liquisset
503 973 693 1011 mensas,
713 961 861 1015 ipsum
881 962 1135 1016 complexa:
1168 961 1248 1003 sed
1268 961 1408 1005 haeret·
1630 962 1714 1009 136)

252 1027 524 1083 Respiciens
545 1028 762 1079 Ithacum,
784 1033 994 1083 coetuque
1013 1029 1280 1071 novissimus
1301 1031 1409 1072 exit.

251 1091 334 1136 Ille
353 1095 530 1149 quidem
550 1093 938 1150 incepto'paulum
960 1110 1019 1137 ex
1041 1110 1240 1138 sermone
1259 1099 1438 1149 remisit,

251 1162 407 1204 Pauca
426 1167 574 1205 tamen
585 1162 797 1217 jungens:
828 1162 889 1205 At
909 1167 958 1206 tu
978 1164 1245 1219 tranquillus
1266 1165 1312 1206 in
1327 1166 1417 1208 alta

249 1229 374 1272 Pace
393 1243 536 1279 mane,
559 1230 763 1285 carisque
779 1243 889 1285 para
911 1232 1133 1273 connubia
1153 1233 1286 1282 natis,

251 1295 381 1348 Quas
400 1298 483 1339 tibi
500 1298 684 1339 sidereis
708 1299 923 1340 Divarum
943 1299 1138 1341 vultibus
1157 1313 1314 1354 aequas
1628 1303 1714 1346 135

250 1364 358 1407 Sors
371 1364 515 1407 dedit:
548 1370 597 1406 ut
614 1379 683 1407 me
704 1366 813 1407 olim
831 1367 1018 1408 tacitum
1037 1367 1279 1410 reverentia
1295 1369 1460 1422 tangit!

251 1430 302 1473 Is
323 1431 459 1474 decor
479 1437 566 1485 est,
586 1433 738 1475 formae
760 1434 937 1489 species
957 1434 1174 1488 permixta
1192 1434 1323 1478 virili.

249 1573 322 1606 nliae
335 1574 495 1616 horreant,
510 1579 692 1617 teneantque
707 1576 840 1615 dejectos
854 1576 964 1608 oculos.
1011 1576 1060 1609 Et
1077 1577 1194 1617 pergit.
1241 1577 1392 1619 Quisquis
1405 1576 1520 1610 nobilis
1530 1576 1712 1617 maioribus,

249 1620 281 1648 et
293 1621 400 1658 gente,
413 1618 552 1660 quisquis
565 1619 647 1651 valet
662 1629 748 1660 equo,
773 1622 805 1650 et
819 1619 938 1658 ἄασυιο,
960 1618 1013 1659 qui
1023 1621 1156 1660 praestat
1170 1629 1256 1661 arcu,
1269 1620 1416 1661 quicquid
1428 1620 1636 1661 aminea-illic
1646 1623 1711 1652 eet.-

249 1658 317 1697 illic
330 1664 454 1692 certant
468 1671 582 1701 magna
604 1661 750 1693 nomina.-
774 1661 830 1692 vix
853 1661 978 1702 pavida.»
991 1665 1119 1701 matres,
1139 1662 1196 1693 vix
1218 1663 1329 1703 puellae
1342 1666 1515 1696 remanent.
1561 1661 1625 1695 Hic
1637 1661 1713 1702 ,iure

250 1702 416 1735 damnatus
431 1704 466 1735 in
480 1703 629 1742 infamem
642 1705 753 1743 vitam,
768 1707 799 1735 et
813 1714 924 1735 exosus
938 1706 984 1735 est
998 1703 1141 1745 Superis,
1158 1704 1212 1746 qui
1226 1715 1286 1737 non
1298 1705 1414 1746 arripit
1427 1705 1506 1737 hanc
1519 1714 1630 1737 novam
1641 1705 1711 1746 glo-

248 1744 307 1775 rioe
327 1745 536 1787 adipiscendas
559 1746 758 1778 occasionem.
803 1745 1002 1778 Suri-exisset
1014 1746 1152 1778 Achilles
1173 1747 1258 1778 solus
1275 1757 1291 1779 e
1311 1749 1400 1785 lecto,
1425 1748 1490 1780 nisi
1506 1757 1610 1787 sagax
1632 1745 1712 1780 Dei-

248 1786 366 1828 damin,
380 1788 468 1820 illum
483 1790 652 1830 complexa,
666 1789 762 1820 etiam
774 1788 949 1829 reliquisset
964 1798 1096 1829 mensas,
1103 1789 1193 1828 sacto
1201 1790 1291 1830 signo
1301 1789 1442 1822 omnibus
1454 1790 1609 1826 sororibus
1620 1788 1713 1821 simut

248 1829 428 1866 discedere,-
447 1832 502 1863 sed
527 1831 582 1863 ille
606 1835 748 1863 moratur·
773 1831 939 1871 respiciens
963 1831 1107 1872 Ulyssem
1122 1832 1279 1872 Ithacum,
1303 1836 1335 1864 et
1358 1833 1523 1873 egreditur
1544 1832 1672 1864 ultim
1693 1840 1711 1862 e

248 1871 353 1904 turba.
403 1873 531 1915 Ulysses
545 1875 669 1914 quidem
683 1884 744 1906 non
759 1874 957 1905 continuavit
977 1874 1132 1915 inceptam
1146 1874 1327 1916 orationem,
1346 1884 1445 1916 pauca
1465 1878 1570 1907 tamen
1582 1875 1711 1914 addens,

247 1914 297 1945 ait
306 1925 316 1945 .-
348 1915 463 1947 Verum
487 1919 522 1947 tu
548 1917 669 1956 quietus
693 1917 789 1956 degas
813 1916 847 1947 in
867 1915 1022 1957 profunda
1043 1926 1131 1956 pace,
1149 1920 1181 1948 et
1201 1926 1321 1958 quoeras
1334 1918 1464 1949 maritos
1476 1916 1600 1949 dilectis
1611 1916 1710 1956 wis,

249 1965 326 1997 quas
345 1957 405 1989 tibi
418 1958 553 1997 fortuna
567 1959 654 1990 dedit
676 1962 834 2000 oequantes
844 1958 1078 2000 pulchritudine
1091 1959 1227 1990 coelestes
1242 1959 1341 1992 Deus.
1387 1959 1611 2000 Quampriaem
1623 1967 1711 1991 rene-

247 2000 351 2032 rentia
374 2011 423 2033 me
445 2001 599 2043 prohibet,
620 2001 784 2042 quominus
799 2002 837 2033 de
852 2001 901 2032 his
916 1998 1047 2042 loquar!
1090 2001 1154 2032 IIIa
1180 2006 1226 2034 est
1251 2011 1357 2034 earum
1370 2005 1528 2043 venustas,
1541 2004 1578 2034 nt
1590 2000 1711 2043 aliquid

863 2107 999 2120 mo
1003 2105 1102 2121 'seeo‘

247 2188 350 2220 Laut.
365 2188 496 2221 Buslid.
510 2189 663 2230 Lipsian.
675 2190 764 2223 Dan.
779 2190 862 2222 Put.
877 2190 1003 2222 Petav.
1021 2191 1105 2223 Exc.
1121 2189 1228 2232 But-g.
1245 2193 1281 2222 et
1296 2189 1377 2222 edd.
1391 2193 1478 2223 vett.
1493 2199 1569 2222 aure
1581 2190 1710 2223 trahen-

249 2234 322 2262 tem.
354 2231 443 2263 Vide
460 2233 543 2264 Not.
560 2233 753 2264 Van—122
776 2234 786 2251 ‘
804 2232 946 2274 Optime
962 2234 1038 2265 libri
1053 2233 1141 2264 duo:
1162 2234 1287 2274 proavis
1301 2235 1332 2264 et
1345 2236 1467 2271 mentm
1488 2242 1531 2264 ne
1553 2232 1644 2265 idem
1659 2233 1708 2265 di-

247 2273 330 2305 cat.’
346 2274 573 2306 Barth.—132
596 2275 655 2307 Ille
676 2285 791 2317 quoque
810 2276 893 2307 Put.
915 2278 1040 2317 paulum
1063 2285 1203 2307 sermone
1218 2276 1326 2316 Lang.
1350 2275 1456 2307 Laur.
1473 2275 1604 2307 Buslid.
1627 2274 1708 2316 Lip-

247 2316 333 2348 sian.
348 2316 435 2348 Dan.
452 2318 534 2349 Put.
557 2318 682 2349 Petav.
704 2324 741 2349 et
763 2318 842 2349 edd.
859 2320 1054 2350 van—133
1077 2318 1161 2350 Put.
1184 2317 1233 2350 ait
1253 2326 1271 2348 o
1293 2317 1603 2359 tranquillum—186
1625 2317 1709 2350 Fors

247 2359 334 2390 dedit
355 2359 443 2390 Dan.
460 2360 541 2391 Put.
556 2360 787 2392 Petam—137
811 2361 877 2392 His
892 2362 983 2392 decor
997 2364 1044 2393 est
1057 2360 1172 2399 formae
1196 2359 1313 2401 species
1327 2360 1436 2401 Lang.
1459 2359 1560 2392 Laut.
1574 2359 1707 2392 Buslid.

245 2400 396 2443 Lipsian.
411 2403 502 2434 Dan.
520 2402 600 2435 Put.
617 2403 738 2435 Petav.
754 2408 790 2435 et
804 2403 883 2435 edd.
901 2407 987 2435 vett.
1032 2403 1100 2435 Hic
1115 2404 1207 2434 decor
1221 2401 1409 2441 haecformoe
1425 2402 1609 2440 Livineius.
1629 2412 1708 2445 pro-

907 2509 1053 2543 NOTAE

246 2594 309 2627 bus
339 2593 408 2625 ista
442 2592 580 2626 bibam.’
641 2593 827 2626 Horatius:
863 2594 953 2627 ‘Sed
1007 2595 1110 2638 myris
1123 2593 1497 2628 damnatusinannos.'

245 2645 354 2686 magis
385 2644 523 2685 Pugnas
558 2648 593 2676 et
622 2649 762 2690 exactos
791 2651 952 2688 tyrannos
1048 2646 1111 2678 18⁷
1148 2639 1275 2687 Species
1304 2645 1463 2687 permixta
1489 2644 1593 2687 virili]
1627 2645 1706 2679 Hoc

245 2696 403 2727 Densum
418 2694 568 2725 humeris
583 2693 671 2726 bibit
688 2704 769 2726 aure
786 2696 933 2735 vulgus)
1005 2695 1183 2738 praecipue
1221 2700 1367 2738 propter
1395 2694 1577 2738 Achillem,
1605 2706 1705 2740 quem

290 2746 355 2776 126
378 2744 517 2776 Multum
526 2745 650 2776 steriles
664 2746 831 2777 damnatus
845 2747 880 2778 in
894 2757 950 2778 an-
1005 2749 1203 2787 agnoverat.
1347 2741 1350 2744 ’

244 2795 313 2837 nos]
331 2796 461 2828 Noster
475 2795 585 2830 Theb.
604 2805 655 2828 ιν.
701 2798 711 2816 ‘
726 2797 843 2830 Mutos
858 2798 950 2831 'rha-
