1846 3120
265 231 378 274 1180
749 243 792 273 P.
827 243 1019 273 PAP1N11
1052 243 1216 275 s'rA'rn

264 338 558 391 Tempestas;
589 337 673 379 sibi
701 338 891 392 quisque
911 341 1085 389 cavent,
1106 350 1325 394 ensesque
1345 339 1541 383 recondit

266 405 391 446 Mors
412 405 580 454 alia,.et
599 405 710 446 socii
732 418 890 459 pacem
906 406 1047 447 fecere
1068 406 1264 448 timores.

264 471 390 512 Talis
410 476 506 512 erat
527 484 687 526 campo
707 472 813 514 belli
834 473 1044 514 fluitantis
1064 473 1224 527 imago.

264 537 369 579 Sive
390 538 639 580 laborantes
658 542 874 592 concepto
893 538 1069 581 flamine
1088 544 1211 582 terrae

264 603 507 646 Ventorum
526 605 705 656 rabiem,
728 609 772 647 et
792 606 990 648 clausum
1010 607 1183 662 ejecere
1201 607 1413 659 furorem3

265 671 428 713 Exedit
447 686 525 714 seu
541 678 672 727 putre
693 673 848 724 solum,
866 675 1120 729 carpsitque
1141 675 1339 717 terendo.

266 739 401 781 Unda
420 740 588 792 latens3
619 741 712 782 sive
733 740 818 782 hac
841 741 1058 782 volventis
1080 743 1278 784 machina
1299 742 1405 784 coeli

265 806 500 858 Incubuit3
531 807 626 848 sive
653 820 780 849 omne
801 808 961 850 fretum
982 808 1213 862 Neptunia
1230 810 1371 852 movit

265 872 448 928 CuspiS,
469 878 514 915 et
531 877 748 916 extremas
768 864 913 928 gravis
933 889 1053 917 mare
1073 877 1198 918 torsit
1216 877 1262 917 in
1281 889 1411 928 oras3

265 941 352 982 Seu
374 941 463 981 vati
484 940 616 982 datus
637 941 713 983 ille
734 942 896 996 fragor,
915 956 995 984 seu
1015 947 1129 985 terra
1147 943 1313 985 minata
1329 946 1401 985 est

265 1007 494 1048 Fratribus
511 1021 522 1059 3
554 1020 658 1050 ecce
678 1009 764 1051 alte
786 1022 986 1064 praeceps
1006 1010 1162 1052 humus
1184 1023 1258 1052 ore
1278 1010 1498 1064 profundo

265 1074 454 1124 Dissilit,
473 1075 600 1128 inque
621 1075 766 1117 vicem
785 1080 1047 1119 tremuerunt
1068 1078 1232 1129 sidera,
1254 1081 1299 1120 et
1315 1078 1509 1121 umbrae.v

1625 606 1711 658 810

1625 940 1712 986 815

261 1200 338 1232 cella
350 1201 504 1241 exoritur,
515 1202 576 1233 sibi
590 1203 715 1243 quisque
726 1204 930 1245 prospiciunt,
947 1205 1042 1237 letum
1057 1206 1142 1237 aliud
1158 1207 1239 1246 tegit
1251 1209 1366 1246 vagina
1377 1207 1513 1246 gladios,
1531 1209 1563 1238 et
1576 1211 1712 1237 eommu-

254 1244 317 1273 *nes
331 1244 539 1282 metusfoedus
554 1245 710 1278 sanciunt.
738 1247 823 1277 Talis
836 1250 904 1278 erat
917 1248 952 1278 in
966 1249 1178 1290 camposacies
1190 1251 1310 1281 naualis
1323 1259 1451 1290 pngnoe.
1481 1247 1711 1287 Sioesoetioeeu

260 1286 351 1317 tellus
365 1286 492 1319 inclusis
508 1287 644 1328 flatibus
669 1289 789 1328 expulit
805 1285 948 1328 suum-em
963 1295 1135 1329 tentorum,
1150 1295 1180 1323 et
1195 1292 1347 1323 intrusam
1359 1292 1497 1328 rabiem,-
1515 1291 1582 1322 nive
1594 1289 1723 1320 ocenum

259 1337 340 1367 aqua
353 1330 456 1360 erodit
477 1333 600 1370 putrem
614 1333 743 1369 terram,
759 1334 790 1362 et
804 1332 909 1363 hausit
923 1334 1057 1364 cavando
1065 1343 1078 1370 ‚·
1098 1334 1164 1365 sive
1169 1334 1295 1373 fabrica
1310 1334 1432 1366 mobilis
1440 1334 1524 1365 orbis
1532 1333 1590 1364 hac
1599 1332 1711 1380 illapffa

250 1369 321 1407 suit
332 1381 345 1407 ‚·
373 1371 437 1403 sive
460 1373 578 1403 tridens
602 1372 744 1413 Neptuni
767 1375 920 1406 corwussit
936 1376 1039 1407 omnia
1057 1377 1172 1416 maria,
1192 1380 1224 1408 et
1239 1377 1361 1417 impulit
1375 1375 1712 1418 violentiusflucmm

258 1412 388 1444 ultimas
409 1415 521 1454 plagas
531 1425 544 1452 ‚·
564 1415 630 1446 sive
650 1416 702 1446 ille
725 1417 874 1448 tumultus
889 1427 1045 1449 concessus
1055 1419 1169 1458 glorioe
1183 1419 1312 1459 auguris
1325 1430 1337 1457 ,·
1358 1429 1412 1451 seu
1425 1419 1517 1451 tellas
1531 1419 1650 1450 minata
1664 1417 1712 1447 αἱ

260 1456 392 1487 exitium
398 1456 559 1495 fratribus
572 1458 694 1490 Eteocli
705 1461 737 1490 et
749 1459 905 1500 Polynici,
913 1469 979 1492 ecce
993 1464 1079 1493 terra
1091 1461 1241 1503 profunde
1254 1462 1385 1503 abrupta
1394 1461 1528 1494 dehiscit
1537 1461 1602 1492 allo
1610 1459 1712 1497 niatu,

868 1555 968 1568 ‘un

260 1615 485 1648 Barth—806
507 1618 647 1650 Behott.
663 1621 693 1650 1.
708 1621 741 1651 2.
756 1622 792 1651 et
806 1618 883 1650 edd.
899 1623 983 1652 vett.
997 1624 1097 1652 cavet.
1128 1619 1252 1652 Behot.
1269 1622 1299 1652 1.
1315 1628 1483 1660 ensemque.
1509 1616 1598 1650 Vide
1620 1616 1710 1650 Gro-

260 1666 341 1690 nov.
359 1659 401 1690 ad
425 1659 532 1691 Theb.
554 1669 597 1692 11.
622 1663 803 1693 158.—808
826 1661 921 1693 Unus
948 1663 1072 1694 Behot.
1087 1662 1257 1703 fluctanti-s
1279 1662 1498 1702 maga—811
1524 1660 1612 1693 Dan.
1627 1659 1711 1691 Put.

260 1699 382 1734 Petav.
398 1707 433 1733 et
450 1711 533 1733 unns
545 1703 668 1735 Behot.
679 1704 854 1745 carpsitque
859 1705 1112 1743 ferenda—814
1137 1705 1227 1736 Dan.
1239 1705 1330 1736 torsit
1341 1705 1376 1736 in
1387 1705 1578 1735 aram—815
1603 1703 1710 1742 Lang.

259 1742 362 1775 Laur.
386 1744 518 1777 Buslid.
535 1745 685 1786 Lipsian.
702 1747 793 1778 Dan.
811 1747 892 1779 Put.
916 1747 1040 1779 Petav.
1058 1753 1095 1779 et
1110 1747 1187 1779 edd.
1203 1752 1288 1779 vett.
1303 1748 1514 1778 datum—81⁷
1538 1746 1549 1763 ‘
1565 1744 1711 1776 L‘mden-

261 1784 399 1827 brogins
414 1787 504 1819 male
530 1787 652 1829 edidit,
668 1789 853 1830 timuerunt,
869 1799 946 1822 cum
967 1790 1046 1822 libri
1074 1799 1190 1822 omnes
1213 1790 1370 1822 meliores
1385 1793 1422 1821 et
1443 1787 1526 1820 editi
1540 1791 1576 1821 et
1594 1796 1711 1819 manu·

916 1885 1056 1922 NOE'AE

303 1960 366 1990 807
389 1958 479 1990 Mors
492 1958 572 2000 azia]
605 1960 676 1992 Per
700 1961 806 1993 undas
831 1961 963 1994 scilicet

259 2008 472 2049 recipienda,
487 2019 551 2040 non
566 2020 628 2051 per
643 2010 782 2049 ferrum,
796 2016 834 2044 ut
849 2016 961 2044 antea.

1017 1960 1126 1992 tribus
1151 1958 1328 2001 perituris,
1353 1956 1485 1990 Eteocli
1510 1956 1645 1990 scilicet
1674 1960 1712 1989 et

1016 2011 1184 2052 Polynici.

302 2061 366 2090 809
401 2058 478 2091 Sive
510 2059 694 2101 laborantes,
722 2062 793 2103 ssa]
829 2063 963 2096 Quaerit

260 2109 375 2142 Poeta
400 2119 521 2142 causas
542 2111 686 2152 hujusce
709 2116 811 2144 terrae
838 2117 962 2152 motus,

259 2160 438 2202 innuitque
447 2170 585 2192 causam
596 2162 696 2203 hujus
709 2163 959 2204 assignandam,

259 2211 314 2241 vel
335 2211 444 2243 ventis
470 2211 505 2243 in
533 2221 575 2243 ea
601 2212 738 2244 inclusis
765 2218 802 2245 et
830 2213 959 2246 exitum

259 2261 502 2302 quaerentibus,
538 2262 593 2293 vel
639 2264 735 2305 aquis
771 2263 958 2295 latentibus

259 2311 428 2342 contentis
443 2311 477 2342 in
494 2316 593 2343 terrae
606 2312 807 2353 visceribus,
820 2313 958 2345 sensim-

259 2369 326 2401 que
348 2360 569 2392 erodentibus
593 2363 773 2394 interiores
793 2363 867 2404 ejus
883 2372 959 2404 par-

259 2406 325 2447 tes,
346 2420 414 2452 quo
437 2410 490 2450 fit,
505 2416 543 2443 ut
566 2412 773 2453 superiores,
797 2413 879 2444 nihil
900 2413 958 2444 ha-

259 2462 381 2495 bentes
398 2464 555 2504 amplius,
576 2475 642 2506 quo
656 2465 898 2505 sustineantur,
914 2465 956 2495 si-

259 2512 343 2544 dere
358 2517 539 2554 cogantur,
555 2515 609 2546 vel
634 2515 792 2556 impactae
816 2515 849 2546 in
873 2515 958 2546 hanc

260 2565 393 2607 partem
417 2562 533 2594 mundi
558 2565 735 2606 machinae,
753 2565 806 2596 vel
833 2565 959 2597 violen-

259 2618 304 2645 tae
326 2613 552 2654 impulsionia
575 2615 738 2656 Neptuno
755 2615 874 2648 factae:
905 2615 963 2647 de-

258 2664 360 2705 nique
384 2663 522 2695 tandem
548 2664 634 2697 dicit
657 2666 721 2698 hoc
746 2665 836 2699 forte
866 2666 962 2698 Deos

257 2713 383 2748 fecisse
399 2713 442 2744 ad
457 2723 619 2756 augurem
643 2715 891 2756 honorandum,
906 2717 962 2748 vel

235 2771 237 2773 ’
258 2758 366 2807 ipsam
382 2767 507 2797 terram
525 2765 703 2799 tremuisse
720 2766 761 2798 ad
775 2776 874 2800 omen
891 2765 958 2798 fra-

1059 2064 1121 2094 813
1138 2061 1301 2102 Neptunia
1317 2058 1445 2101 Cuspis]
1458 2057 1616 2090 Tridens.
1638 2057 1711 2089 Μο-

1015 2112 1076 2153 vit]
1100 2111 1192 2143 Hinc
1209 2111 1391 2152 Neptunus
1406 2107 1572 2148 σεισίχθων
1579 2112 1617 2140 et
1629 2107 1711 2139 ermo-

1016 2162 1152 2204 σι’-γαιος,
1164 2160 1200 2194 id
1224 2167 1286 2198 est,
1301 2160 1476 2192 succutiens
1498 2162 1628 2200 terram,
1640 2157 1712 2190 die-

1015 2217 1082 2245 tus.

1055 2266 1118 2294 815
1145 2261 1235 2303 Vati]
1258 2259 1479 2302 Amphiarao.

1055 2315 1120 2345 816
1143 2310 1327 2350 Fratribus]
1342 2310 1476 2341 Eteocli
1489 2313 1526 2341 et
1540 2308 1712 2351 Polynici.

1017 2364 1081 2394 Ore
1094 2360 1263 2404 profundo]
1294 2361 1346 2391 Ex
1364 2364 1466 2391 terrae
1482 2358 1570 2390 enim
1587 2362 1712 2391 tremo-

1012 2422 1050 2445 re
1067 2413 1153 2444 vasti
1170 2411 1258 2443 fiunt
1270 2410 1381 2441 hiatus
1398 2413 1436 2441 et
1449 2407 1612 2449 χάσματα.

1053 2465 1115 2494 817
1133 2462 1230 2503 Inque
1242 2460 1340 2493 vicem
1354 2463 1546 2492 tremuerunt
1552 2459 1666 2500 nidera,
1681 2463 1713 2492 et

1011 2512 1142 2553 umbroe]
1166 2510 1378 2544 Discedente
1393 2510 1483 2541 enim
1498 2514 1602 2550 terra,
1615 2519 1714 2550 aper-

1014 2564 1042 2596 ti
1059 2568 1138 2595 sunt
1163 2561 1294 2594 Inferi:
1318 2560 1409 2592 unde
1432 2559 1576 2591 vicissim
1597 2558 1712 2592 sidera

1013 2615 1221 2646 horruerunt
1247 2611 1326 2644 visis
1351 2610 1491 2651 umbris,
1518 2614 1555 2642 et
1580 2609 1709 2642 umbra

1016 2664 1096 2696 visis
1111 2662 1302 2694 sideribus:
1318 2665 1462 2702 utraque
1478 2659 1568 2691 enim
1584 2659 1710 2693 sibiiu·

1014 2715 1123 2747 vicem
1140 2722 1240 2758 quam
1255 2711 1402 2746 maxime
1417 2709 1544 2743 odiosa.
