1846 3120
287 209 402 254 1374

786 223 825 252 P.
860 222 1052 254 PAPan
1086 224 1253 256 s'rA'rn

286 317 417 359 Illius
433 301 699 358 haec'forsan
716 328 872 379 remur,
895 329 996 371 quae
1016 319 1156 361 verba
1177 319 1373 362 Deorum

215 401 217 403 ¹
285 384 371 426 Ille
391 388 563 425 monet:
594 395 650 423 ne
669 382 810 425 fraena
829 384 975 427 animo
993 387 1196 439 permitte
1213 388 1400 431 calenti:

286 451 362 493 Da
380 451 584 505 spatium,
599 453 859 505 tenuemque
876 464 1069 495 moram:
1099 453 1214 496 male
1234 458 1392 497 cuncta
1410 455 1629 501 ministrat

284 518 514 572 Impetus:
543 517 644 568 hoc,
660 530 753 570 oro,
773 531 932 561 munus
954 522 1149 563 concede
1170 523 1358 576 parenti.

1654 526 1742 570 '705

285 584 364 627 Sic
383 589 460 626 tua
477 584 663 627 maturis
683 585 900 639 signentur
918 592 1121 641 tempora
1145 589 1286 640 caniS‚

283 651 343 693 Et
358 652 420 694 sis
440 653 536 706 ipse
556 665 733 706 parens,
754 656 799 695 et
818 653 874 695 ad
890 654 1023 706 hunc,
1041 657 1255 707 animose,
1276 658 1473 700 timorem

284 718 547 762 Pervenias:
578 733 634 763 ne
653 733 784 775 perge
806 733 927 763 meos
948 723 1103 764 orbare
1122 729 1324 777 penates.

283 786 470 829 Extemi
490 792 532 830 te
551 802 713 842 nempe
731 794 894 843 patres,
916 790 1153 845 alienaque
1171 794 1351 846 tangunt

283 854 510 908 Pignora?
541 857 578 897 si
598 856 739 910 pudor
757 860 841 908 est,
863 858 1053 911 primum
1068 859 1273 901 miserere
1291 862 1478 902 tuorum.

1651 828 1738 906 ’πο

284 921 405 963 Haec
423 923 587 977 pietas,
606 923 678 964 hic
698 936 832 965 verus
852 924 1010 976 honos,
1029 925 1094 967 ibi
1114 926 1255 980 gloria
1281 931 1454 970 tantum

283 986 621 1045 Ventosumque
642 990 794 1042 decuS‚
816 991 1015 1046 titulique
1030 993 1072 1035 in
1090 997 1230 1036 morte
1247 994 1450 1037 latentes,

281 1120 397 1153 mittini
410 1125 478 1154 est?
496 1125 638 1162 putemus
657 1121 723 1153 hoec
734 1122 847 1160 forsan
871 1132 936 1155 esse
957 1123 1056 1165 illius,
1077 1133 1146 1165 quoe
1167 1124 1218 1156 hic
1236 1125 1371 1157 Tiresias
1386 1125 1486 1165 refert
1499 1135 1564 1159 ene
1575 1126 1735 1161 nun-mvn

280 1172 438 1204 responsa.
483 1165 535 1196 Ne
549 1167 636 1196 laxes
649 1164 782 1196 habenae
795 1165 893 1197 animi
918 1166 1034 1198 ardori.
1079 1167 1134 1198 Da
1155 1167 1292 1208 spatium
1312 1171 1344 1208 et
1363 1169 1514 1200 modicam
1535 1169 1735 1203 diluam.-

273 1205 442 1243 sestinatio
456 1207 617 1247 maleogit
632 1207 746 1240 omnia.
794 1208 931 1240 Concede
943 1218 1051 1249 precor
1065 1210 1122 1241 hoc
1135 1211 1248 1241 donum
1265 1210 1415 1250 genitori.
1458 1210 1515 1242 Sic
1528 1214 1583 1243 tna
1597 1214 1612 1243 t

281 1251 429 1296 notentur
448 1250 595 1290 prudenti
609 1250 734 1286 canitie,
747 1252 779 1282 et
800 1250 865 1291 ipse
877 1251 946 1291 fias
957 1255 1059 1292 pater,
1075 1256 1118 1291 et,
1133 1251 1281 1293 animose,
1291 1254 1456 1293 pervenias
1469 1253 1512 1287 ad
1523 1253 1606 1286 hunc
1618 1256 1734 1288 metim

281 1299 318 1321 tn
330 1301 390 1331 qno
404 1302 481 1324 sitm.
528 1293 580 1324 Ne
602 1302 764 1333 persevera
782 1293 890 1324 orbare
904 1303 1001 1325 meam
1015 1295 1148 1327 domum.
1192 1293 1319 1326 Scilicet
1333 1295 1428 1327 alieni
1439 1295 1612 1337 genitores,
1626 1300 1734 1329 exter-

280 1332 375 1373 nique
389 1335 479 1366 liberi
493 1339 524 1367 te
539 1338 683 1375 tangunt.
726 1334 765 1366 Si
781 1336 881 1375 pudor
894 1340 952 1376 est,
968 1337 1105 1377 primum
1119 1340 1241 1369 tuorum
1255 1337 1410 1370 miserere.
1453 1338 1662 1381 Haecpietaen
1676 1339 1734 1371 Ιιοσ
1776 1334 1778 1336 ’

280 1384 388 1409 verum
402 1379 515 1416 decan
536 1377 581 1409 ibi
595 1379 718 1410 vanitas
735 1378 843 1419 solum,
866 1381 898 1410 et
912 1379 1015 1411 inanis
1036 1380 1146 1422 honor,
1166 1390 1202 1412 ac
1217 1380 1304 1412 tituli
1325 1380 1361 1412 in
1379 1382 1478 1412 morte
1497 1382 1620 1422 sepulti.
1663 1382 1732 1415 Nec

875 1483 916 1496 00

280 1559 446 1590 este-Yoz
466 1556 477 1575 ‘
493 1556 604 1589 Valde
620 1556 776 1598 plebeius
794 1556 850 1588 hic
872 1566 982 1589 sermo
996 1563 1063 1599 est,
1078 1563 1118 1591 ut
1133 1559 1286 1600 suspicet
1305 1559 1469 1592 intrusum
1492 1568 1568 1591 esse
1591 1559 1730 1593 aliunde

279 1609 428 1636 versum,
451 1609 517 1641 quo
542 1600 671 1641 optime
695 1600 865 1632 sententia
890 1605 1017 1632 careat.
1062 1601 1154 1634 Quid
1177 1602 1265 1633 enim
1290 1603 1402 1644 aptius
1429 1602 1492 1634 hac
1518 1602 1732 1643 scriptione?

278 1646 396 1684 tuaque
409 1647 483 1674 ante
503 1643 593 1674 duces
615 1643 774 1674 notissima
790 1642 900 1679 virtus,
918 1643 977 1674 Ille
1001 1647 1124 1676 monet.-
1145 1654 1183 1676 ne
1196 1645 1306 1683 [πωπω
1323 1645 1426 1676 animo
1444 1645 1592 1686 pemitte
1604 1645 1736 1678 eale-tio

280 1685 492 1718 Generosior
505 1686 622 1727 ntique
638 1695 762 1724 sermo,
778 1690 812 1716 et
828 1684 918 1716 istud
934 1685 1031 1721 iuius,
1047 1690 1083 1718 et
1098 1695 1175 1718 mox
1190 1687 1244 1718 ille
1257 1687 1395 1728 sapiunt
1410 1688 1589 1727 glossema.
1624 1688 1635 1706 ⁸
1652 1686 1730 1720 Ho-

278 1737 364 1760 nere
375 1727 385 1743 '
402 1734 529 1769 vatum,
544 1729 586 1759 de
605 1738 672 1769 quo
695 1726 824 1768 supra.'
835 1727 1058 1760 Barna-⁷03
1084 1729 1189 1769 Lang.
1204 1729 1305 1761 Laut.
1321 1729 1454 1763 Buslid.
1469 1729 1621 1770 Lipsian.
1635 1730 1730 1763 Dan.

277 1771 361 1803 Put.
378 1769 501 1803 Petav.
517 1770 620 1802 Aldd.
636 1770 743 1802 Colin.
758 1770 892 1811 Gryph.
912 1770 1017 1802 Basil.
1033 1771 1149 1802 Plant.
1165 1771 1396 1813 Lindenbrog.
1409 1776 1446 1804 et
1461 1772 1564 1804 cmc.
1577 1781 1634 1803 nec
1644 1771 1729 1811 frn-

277 1823 321 1845 na
331 1824 344 1851 ,·
365 1813 506 1845 Behott.
522 1816 551 1845 1.
568 1816 600 1845 2.
618 1814 704 1844 Exc.
725 1812 866 1844 Cantab.
882 1812 1040 1844 Petrens.
1066 1813 1210 1846 Gevart.
1238 1814 1394 1847 Grasser.
1408 1813 1555 1846 Amstel.
1576 1814 1731 1848 Gronov,

277 1855 401 1888 Barth.
417 1857 525 1887 veen.
542 1859 578 1887 et
593 1856 715 1897 Delph.
730 1854 1002 1894 onesimum—706
1023 1855 1186 1888 Barthins
1201 1865 1244 1887 ex
1266 1856 1396 1897 optimo
1415 1856 1535 1889 codice
1548 1856 1652 1897 legit:
1673 1856 1731 1889 sa·-

277 1902 315 1930 ιιι
329 1900 439 1940 etipse
456 1908 583 1939 parens,
597 1899 714 1939 &cn—7
719 1900 758 1929 10
780 1897 823 1928 In
849 1897 968 1929 eodem
995 1898 1134 1931 codice:
1157 1899 1186 1930 si
1210 1902 1328 1931 certum
1347 1901 1515 1931 een—712
1538 1898 1672 1931 Buslid.
1692 1899 1728 1931 in

936 1985 1077 2020 No'rAE

319 2068 385 2098 ‘102
407 2064 515 2106 Illius]
538 2064 646 2106 Regis
660 2065 795 2106 supple.

319 2118 384 2148 703
407 2116 483 2157 Ille]
507 2114 747 2155 Amphiaraus.

319 2169 384 2199 ⁷04
405 2167 495 2198 Male
509 2168 621 2198 cuncta
642 2165 803 2196 ministrat
819 2162 973 2205 Impetus]

275 2216 458 2249 Intellexit
478 2216 512 2247 id
543 2215 667 2247 Fabius
691 2215 861 2246 Maximus
882 2213 973 2254 apud

275 2266 427 2300 Livium.
464 2265 638 2305 ‘Omnia‚’
673 2265 797 2306 inquit,
824 2263 973 2296 'auden-

275 2322 347 2350 tem
377 2320 576 2350 contemnet
591 2315 786 2348 Hannibal:
814 2313 897 2345 nihil
921 2318 973 2345 te-

274 2376 369 2400 mere
394 2371 553 2408 agentem
578 2369 720 2398 metuet.
765 2363 890 2397 Omnia
904 2373 973 2395 non

274 2418 479 2459 properanti
490 2418 583 2449 clara
598 2420 760 2458 certaque
771 2418 871 2446 eruut
882 2425 891 2446 :
905 2413 973 2446 fes-

274 2467 399 2500 tinatio
413 2466 607 2509 improvida
628 2470 682 2498 est
705 2470 741 2498 et
765 2463 880 2498 caeca.'
923 2464 973 2496 Et

274 2517 513 2558 Thucydides:
535 2515 607 2548 Δύω
628 2515 687 2556 μὲν
703 2514 913 2547 ἐναντιώτατα
931 2514 974 2556 τῇ

275 2566 436 2609 εὐβουλίᾳ,
451 2566 551 2607 τάχος
565 2579 600 2598 τε
621 2566 673 2598 καὶ
695 2564 784 2608 ὀργῆ.
828 2566 901 2598 Duo
915 2566 971 2597 ad-

272 2618 452 2652 vasissima
472 2621 566 2650 rectae
580 2618 690 2658 menti,
705 2618 848 2650 celeritas
859 2621 890 2649 et
910 2616 971 2649 ira.

273 2669 379 2709 Nam,
391 2672 430 2700 ut
445 2668 493 2700 ait
510 2668 757 2699 Demosthenes
774 2666 902 2699 Exord.
918 2669 970 2699 22.

273 2719 336 2751 Δεῖ
345 2717 402 2759 μὲν
415 2718 619 2756 βουλεύεσθαι
642 2718 690 2759 ἐφ’
704 2717 849 2759 ἡσυχίας,
872 2719 971 2749 ποιεῖν

273 2767 308 2803 δὲ
320 2768 361 2802 τὰ
374 2767 503 2810 δόξαντα
515 2768 595 2809 μετὰ
609 2769 752 2807 σπουδῆς.
788 2767 970 2801 Deliberare

1027 2063 1152 2104 quidem
1179 2067 1300 2106 oportet
1327 2065 1422 2103 lente,
1443 2063 1586 2096 consulta
1612 2061 1723 2104 exemti

1018 2113 1225 2151 festinanter.

1069 2167 1135 2196 706
1156 2164 1210 2196 Sic
1224 2164 1294 2206 tua]
1317 2163 1518 2206 Adjnrantis
1533 2161 1690 2195 affectus.

1069 2217 1133 2246 707
1157 2216 1203 2246 Et
1227 2216 1268 2251 «td
1296 2215 1389 2254 hunc,
1408 2213 1557 2253 aninum,
1581 2212 1724 2244 timorem

1027 2264 1218 2306 Per-venias]
1241 2264 1292 2297 Ut
1308 2269 1344 2296 et
1358 2264 1446 2295 filios
1461 2263 1586 2295 habeas
1609 2262 1660 2294 tui
1678 2261 1723 2293 si-

1027 2315 1135 2357 miles,
1150 2320 1186 2346 et
1202 2323 1264 2356 pro
1278 2314 1320 2347 iis
1336 2314 1466 2346 timeas.

1069 2367 1130 2396 711
1155 2364 1208 2396 Ibi
1228 2364 1333 2404 gloria
1356 2366 1480 2395 tontum
1504 2365 1722 2403 ventosamque

1026 2415 1133 2457 decus]
1155 2415 1234 2447 Non
1263 2414 1376 2455 potuit
1404 2413 1540 2455 aptiore
1568 2412 1726 2455 epitheto

1025 2465 1182 2498 humanae
1208 2465 1327 2506 gloriae
1350 2464 1538 2496 vanitatem
1557 2461 1723 2505 perstriu-

1026 2525 1119 2557 gere,
1139 2515 1235 2557 cujus
1260 2519 1374 2546 tamen
1400 2513 1546 2555 aucupio
1560 2512 1725 2546 mortale·

1024 2567 1137 2599 omnia
1152 2564 1297 2605 faciunt,
1321 2564 1375 2597 cui
1398 2564 1504 2596 vitam
1529 2572 1638 2603 suam,
1660 2571 1720 2603 pa-

1025 2621 1160 2648 rentum
1195 2615 1387 2651 caritatem,
1422 2617 1549 2645 cuneta
1571 2611 1720 2655 denique

1024 2664 1260 2708 posthabenda
1275 2664 1498 2696 arbitrantur.

1065 2718 1129 2749 712
1150 2714 1314 2757 Latentes]
1337 2714 1403 2751 Alii
1413 2714 1567 2754 jacentes.
