1846 3120
269 242 381 295 1364
764 251 805 281 P.
835 248 1027 281 ΡΑΡιΝιι
1060 248 1224 280 surii

267 349 475 399 Attoniti,
493 351 537 390 et
555 349 726 388 tantum
743 347 930 386 matrum
948 345 1142 386 lamenta
1161 343 1379 386 timentes.

267 419 379 460 Illas
401 416 518 468 cogit
538 426 676 464 amor,
695 425 777 454 nec
794 412 960 459 habent
981 416 1179 454 extrema
1199 411 1425 466 pudorem.

267 484 391 537 Ipsae
412 482 501 523 tela
520 481 642 531 viris,
664 481 779 534 ipsae
799 480 907 521 iram
926 479 1180 532 animosque
1202 479 1466 529 ministrant,

268 550 616 603 Hortanturque‚
637 561 804 602 unaque
821 553 962 597 ruunt,
981 559 1066 588 nec
1086 547 1207 588 avita
1226 550 1463 600 gementes,
1503 571 1505 573 -

222 644 225 647 -
268 617 458 666 Limina,
478 628 559 657 nec
579 627 742 670 parvos
761 618 942 656 cessant
961 613 1191 655 ostendere
1209 618 1351 655 natos·
1474 610 1475 614 ’

268 685 343 726 Sic
361 684 439 724 ubi
458 683 664 736 pumiceo
684 685 838 736 pastor
858 685 1057 735 rapturus
1078 681 1133 722 ab
1156 684 1277 722 antro

268 751 476 792 Armatas
492 751 631 791 erexit
651 763 774 804 apes,
794 749 941 790 fremit
960 761 1123 802 aspera
1141 748 1305 789 nubes:

267 819 412 872 Inque
433 818 573 859 vicem
594 830 694 859 sese
716 816 906 858 stridore
924 816 1168 866 hortantur,
1189 819 1233 858 et
1254 827 1406 857 omnes

267 885 429 927 Hostis
449 884 493 924 in
515 896 593 925 ora
611 884 789 936 volant3
819 895 927 924 mox
946 881 1250 939 deficientibus
1270 882 1354 924 alis

264 950 503 1005 Amplexae
522 950 772 1004 flavamque
794 950 971 991 domum
991 949 1260 1003 captivaque
1283 949 1503 1003 plangunt
1527 993 1529 996 ,

267 1018 424 1067 Mella,
442 1018 756 1071 laboratasque
776 1021 980 1071 premunt
999 1016 1056 1058 ad
1077 1021 1259 1070 pectora
1279 1027 1418 1058 ceras.

266 1086 368 1128 Nec
387 1098 474 1126 non
495 1084 701 1138 ancipitis
722 1089 889 1138 pugnat
905 1083 1122 1125 sententia
1141 1083 1275 1136 vulgi,

265 1151 595 1203 Discordesque
615 1150 719 1191 serit
738 1153 910 1191 motus:
940 1150 986 1191 hi
1003 1149 1185 1191 reddere
1203 1149 1382 1191 fratrem

265 1219 364 1261 Nec
382 1221 612 1269 mussant3
642 1217 721 1259 sed
742 1230 853 1260 voce
876 1217 1040 1272 palam,
1059 1217 1270 1270 claroque
1290 1216 1484 1258 tumultu

1627 410 1743 482 5704

1628 746 1718 789 57⁵

263 1367 314 1390 sas
327 1359 532 1401 lacrymarum
547 1359 747 1399 consternati,
760 1363 790 1392 et
805 1362 928 1391 tantum
941 1362 1110 1391 metuentes
1123 1358 1160 1390 ob
1173 1358 1304 1398 eiulatus
1317 1361 1463 1390 matrum.
1503 1356 1630 1389 caritas
1643 1354 1715 1387 illae

263 1400 360 1440 cogit,
374 1412 429 1432 neo
443 1406 582 1434 extrema
603 1403 740 1444 pericula
755 1402 866 1434 habent
881 1402 1102 1433 verecundiam.
1147 1401 1231 1441 Ipsoe
1244 1401 1441 1441 suppeditant
1462 1399 1642 1439 conjugibus
1655 1397 1711 1437 ja-

265 1442 346 1482 cula,
367 1444 443 1483 ipsoe
455 1445 601 1481 furorem
623 1455 659 1476 ac
683 1445 824 1482 ‹mimos3
847 1445 998 1484 excitant,
1011 1453 1129 1484 unaque
1143 1443 1308 1482 seruntur,
1328 1452 1383 1474 neo
1396 1443 1540 1474 desinunt
1552 1439 1712 1482 suspiran-

264 1488 311 1517 tes
324 1489 496 1518 monstrare
519 1488 584 1518 illis
609 1488 690 1518 oedes
715 1489 875 1527 mnjorum,
901 1497 937 1518 ao
955 1486 1102 1528 purvulos
1126 1485 1247 1517 liberos.
1291 1484 1347 1516 Sic
1361 1494 1432 1516 cum
1448 1486 1556 1526 pastor
1570 1481 1729 1514 imitante·

263 1529 422 1560 aculeatas
442 1539 527 1569 apes,
542 1530 601 1561 mel
623 1532 767 1570 capturus
781 1539 801 1560 a
821 1529 958 1569 pumiceo
973 1529 1070 1568 alveo,
1084 1537 1198 1558 soevum
1213 1537 1323 1567 agmen
1335 1528 1474 1566 frendet,
1489 1529 1519 1558 et
1533 1535 1566 1557 se
1579 1524 1712 1556 invicem
1725 1532 1727 1534 ’

262 1570 403 1602 animant
415 1572 563 1612 stridore,
578 1575 748 1604 decunctoe
762 1571 906 1603 insiliunt
923 1572 956 1602 in
978 1572 1098 1602 vultum
1119 1569 1238 1601 inimici
1249 1580 1260 1601 .·
1283 1580 1356 1601 mox
1369 1569 1430 1601 alis
1444 1566 1712 1606 wuatisumplec-
1727 1575 1729 1577 ·

264 1615 364 1643 tentes
376 1612 498 1654 flavam
518 1615 650 1652 domum,
672 1618 703 1645 et
719 1614 852 1645 obsessos
865 1613 971 1651 favos,
990 1614 1156 1653 plangunt,
1178 1616 1209 1644 et
1234 1612 1452 1651 constringunt
1477 1611 1518 1642 ad
1537 1612 1643 1651 pectus
1655 1607 1712 1647 sd-

263 1653 399 1686 Im'catae
419 1665 514 1686 cerae.
560 1656 741 1692 Quinetiam
756 1656 910 1687 sententia
930 1655 1033 1686 dubioe
1056 1654 1156 1695 plebis
1169 1655 1311 1693 dissidet,
1330 1657 1363 1685 et
1380 1652 1536 1694 dispergit
1545 1651 1727 1683 ‘seditiom⁴

263 1706 361 1728 voces.
385 1697 435 1729 Hi
448 1708 508 1730 non
522 1699 618 1730 solum
633 1698 803 1740 summisse,
811 1698 864 1730 sed
874 1699 979 1739 palam
991 1698 1123 1729 clamore
1134 1700 1165 1728 et
1181 1699 1287 1738 aperto
1301 1697 1451 1737 tumultu,
1460 1695 1567 1727 dicunt
1574 1692 1728 1733 fratrem·

867 1808 925 1821 ooo
929 1801 1109 1821 eoeeo'oeeo

264 1886 326 1916 575
350 1883 501 1916 Armatus
521 1885 628 1925 exegit
651 1894 724 1926 apes
749 1885 842 1916 Dan.
867 1885 991 1916 Petav.
1021 1882 1127 1916 Aldd.
1158 1883 1267 1916 Colin.
1298 1882 1430 1924 Gryph.
1460 1879 1566 1912 Basil.
1593 1878 1710 1911 Plaut.

265 1927 418 1958 Armatus
439 1927 540 1958 erexit
554 1937 626 1968 apes
643 1928 748 1968 Lang.
765 1928 864 1959 Laur.
878 1926 1009 1958 Buslid.
1026 1926 1177 1967 Lipsian.
1193 1926 1275 1958 Put.
1291 1934 1406 1957 omnes
1421 1921 1610 1960 Barthiani,
1626 1921 1712 1953 Exc.

265 1969 411 2000 Cantab.
427 1969 583 2001 Petrens.
595 1970 735 2002 Venett.
745 1972 776 2001 3.
791 1973 820 2001 4.
833 1969 986 2002 Gronov.
999 1969 1120 2000 Barth.
1132 1969 1243 2000 Veen.
1255 1972 1292 2000 et
1304 1967 1535 2008 Πειρη-576
1556 1965 1567 1982 ‘
1583 1962 1712 1996 Nescio

264 2011 345 2052 quid
362 2011 499 2043 turbant
513 2012 568 2043 hic
583 2010 670 2044 fatui
693 2012 847 2045 nonnulli
861 2011 951 2052 libri,
973 2010 1060 2043 adeo
1086 2010 1223 2053 quidem
1239 2013 1276 2042 ut
1290 2010 1416 2042 insulse
1438 2011 1470 2040 et
1491 2006 1625 2039 homme
1637 2005 1713 2047 qui-

916 2110 1061 2143 NOTAE

307 2179 372 2209 569
389 2175 556 2218 Timentes]
578 2175 647 2209 Alii
663 2175 815 2217 codices,
827 2178 960 2207 tremen-

264 2231 320 2259 tes.

307 2279 372 2308 570
409 2278 476 2309 Nec
498 2277 613 2309 habent
634 2280 774 2309 extrema
798 2274 961 2317 pudorem]

266 2327 356 2359 Quia
371 2327 406 2358 iu
431 2327 625 2359 calamitate
649 2326 760 2357 nullus
785 2325 896 2367 pudor
910 2329 963 2357 est

263 2375 411 2407 foeminis
428 2376 566 2417 prodire
582 2376 616 2408 in
632 2375 817 2417 publicum.

306 2429 369 2458 5⁷3
393 2427 516 2458 Parvos
529 2428 688 2458 ostendere
701 2424 807 2466 natos]
832 2424 882 2456 Ut
896 2423 962 2455 hoc

264 2476 461 2516 spectaculo
477 2475 589 2507 acrius
605 2474 799 2506 excitarent
813 2473 903 2505 v³iros
918 2472 961 2504 ad

263 2534 426 2566 pugnam.
470 2524 650 2557 Sallustius
663 2535 673 2557 ι
697 2525 708 2542 ⁴
723 2525 773 2556 Ut
787 2532 842 2555 res
857 2522 961 2563 magis

263 2583 366 2616 quam
390 2573 498 2605 verba
523 2577 733 2614 gererentur,
753 2573 881 2604 liberos
904 2581 963 2613 pa-

264 2630 449 2665 rentesque
465 2624 500 2655 in
517 2624 620 2656 muris
635 2623 911 2655 collocant-ante

307 2677 371 2707 574
394 2675 449 2706 Sic
463 2674 529 2714 ubi,
543 2673 614 2714 ea]
647 2674 736 2705 Haec
751 2672 963 2714 comparatio

264 2725 473 2766 intempesta
497 2723 633 2756 videtur
659 2723 809 2764 Guyeto.
856 2722 963 2754 Pumi-

264 2786 316 2809 ceo
328 2776 435 2817 antro]
465 2774 628 2817 Virgilius
649 2774 775 2816 Georg.
800 2783 850 2807 lv.
870 2773 880 2792 ‘
894 2773 963 2811 Pe-‚

1014 2174 1174 2216 nitusque
1198 2176 1345 2215 repertae
1366 2169 1635 2211 Pumicibusque
1654 2175 1711 2200 cn-

1016 2225 1078 2264 vis,
1094 2232 1276 2264 exesaeque
1291 2221 1422 2254 arboris
1437 2217 1562 2252 antro!

1056 2277 1118 2305 575
1141 2274 1263 2313 Aspera
1274 2270 1383 2311 nubes]
1415 2267 1605 2301 Multitudo
1619 2266 1711 2299 enim

1015 2323 1199 2354 volantium
1224 2330 1325 2363 apum
1339 2319 1467 2360 nubem·
1488 2317 1711 2358 umbramque

1014 2372 1131 2404 efficit.

1057 2424 1119 2454 577
1142 2419 1367 2463 Deficientibus
1389 2419 1464 2460 alis]
1500 2417 1650 2450 Lamotis
1677 2417 1711 2450 vi

1014 2470 1161 2511 volandi,
1173 2470 1224 2501 vel
1236 2469 1269 2500 vi
1279 2468 1419 2501 coactis.
1437 2466 1713 2501 Vct-Scholiasta.

1057 2524 1120 2553 578
1157 2520 1344 2560 flavamque
1372 2517 1508 2558 domum]
1555 2517 1614 2549 Ob
1642 2517 1712 2549 mel

1015 2571 1105 2612 quod
1121 2570 1319 2612 plerumque
1330 2572 1386 2601 est
1396 2568 1492 2600 aurei
1503 2567 1641 2608 coloris,
1651 2575 1712 2598 seu

1015 2619 1150 2652 ssavum.

1058 2673 1121 2702 579
1145 2670 1293 2702 Premunt
1316 2669 1357 2701 ad
1367 2667 1510 2710 pectora]
1532 2666 1637 2700 Quasi
1651 2664 1710 2699 de·

1015 2720 1170 2754 sensurae.
1670 2724 1675 2725 ⁷
