1858 3112
28 2924 31 2929 κ
8 2685 37 2884 «adverus,
3 2635 8 2644 ”
2 2476 34 2580 2:²25*

80 2673 90 2683 Ι

435 247 477 279 P.
509 245 704 279 PAPtmt
736 245 904 278 STATU
935 245 1082 278 SYLv.
1116 245 1212 278 LlB.
1236 246 1269 299 Ι,
1296 236 1341 279 6.
1385 238 1392 258 ¹

155 338 394 382 appellabant,
405 343 444 373 et
452 339 546 373 festa.
559 339 595 373 in
607 340 684 382 ejus
698 341 865 375 bonorem

155 389 396 430 celebrabant,
405 399 485 432 qnae
498 392 623 424 Νειλῶα
645 390 860 424 dicebantur.

158 438 370 474 Heliodorus
390 439 453 473 lib.
477 443 532 473 lx.⁴
550 441 789 474 Θεοπλαστοΰσι
807 439 864 474 τὸν

155 491 275 525 Κῶον
284 490 461 532 Αἰγύπιοι,
480 492 533 525 καὶ
547 491 732 536 κρειττόνων
739 492 796 525 τὸν
806 490 864 533 μέ-

154 551 271 582 'rm
292 541 437 584 Εγουσιν,
465 542 630 584 ἀντίμιμον
657 543 787 585 οὐρανοῦ
807 542 865 576 τὸν

155 592 299 635 mbr
310 595 587 637 σεμνηγοροῦντες,
599 606 631 628 κ.
643 606 675 627 τ.
689 600 724 627 λ.
759 595 865 628 Deum

156 645 378 687 aust-gne
395 645 508 677 Nilum
529 645 690 687 AEgypfii,
703 648 737 677 et
751 653 792 677 ex
808 654 865 676 mt-

153 692 295 727 tdnibnoe
304 693 478 727 mximum
492 694 620 732 aucant.
633 695 780 727 mutilum
799 704 865 727 esse

155 745 370 789 ecliflwiim
381 747 604 788 predicantes.
645 748 789 780 Deinde
806 747 864 781 ad-

157 794 225 836 du,
235 795 382 829 eundem
399 796 517 830 Nilum
533 797 578 830 ab
592 796 868 840 AEgyptiis'n'pov

155 845 203 882 τὸ
214 845 267 880 nal
285 846 344 880 τὸν
357 846 516 891 ζείδωρον,
539 847 700 889 Amr-mv
717 848 756 881 τὲ
779 848 868 891 ὅλης,

155 896 288 938 τῆηιὶν
300 897 366 932 ἅνω
377 900 512 941 σωτῆρα,
526 900 586 938 τῆς
599 898 684 933 κάτω
693 899 727 932 δὲ
741 900 794 933 καὶ
807 913 868 932 πα·

156 946 509 992 τῷακιὶδημιονργόν.
553 950 669 991 Solem,
693 955 725 983 et
739 951 867 991 fertili-

157 1000 241 1032 tatis
251 1003 425 1041 nidores-5
437 1003 477 1033 et
490 1001 628 1043 Egypei
649 1002 758 1042 totius,
779 1012 868 1043 supe-

156 1049 258 1084 rioci·
269 1050 397 1091 quidem
410 1050 625 1092 Ser-natarent,
637 1052 800 1092 inferioris
816 1062 869 1084 ee-

159 1110 202 1133 ro
221 1101 358 1135 Patren·
379 1105 425 1134 et
435 1102 591 1145 Opificem
607 1104 774 1145 appellari.
799 1103 869 1136 lbi-

159 1149 261 1184 doen:
283 1150 345 1183 Kal
357 1150 422 1194 γάρ
433 1163 498 1185 πως
511 1151 664 1186 σ’ύνεπεσε
674 1152 727 1186 καὶ
740 1153 782 1186 τὰ
795 1159 869 1187 Net·
868 1167 870 1169 ¹

157 1201 317 1237 λυατάνε
337 1202 401 1241 τὴν
415 1202 574 1243 nerim-nv
593 1203 666 1246 παρ’
690 1202 872 1244 Αἰγυπτίοις

159 1251 272 1295 &prbr
306 1252 517 1292 ἐνεστηκέναι.
561 1255 695 1287 Etenim
722 1257 873 1297 quodam-

160 1305 251 1338 modo
265 1305 394 1346 accida,
407 1303 445 1338 u't
458 1309 532 1338 tune
546 1315 662 1348 qaoque
673 1306 771 1338 Niloa
782 1316 872 1338 mux-

159 1355 258 1388 t‘utstn
281 1357 366 1398 apud
387 1356 560 1398 AEgyptios
573 1356 709 1397 festum,
733 1357 872 1389 exorire-

161 1408 227 1438 tur.
273 1406 369 1439 Hinc
398 1406 499 1439 modo
538 1407 668 1439 clarum
706 1411 773 1446 est,
810 1416 872 1439 cur

161 1454 275 1488 Poeta
306 1456 425 1489 Nilum
451 1456 609 1489 ‘sacrum
621 1456 631 1472 '
668 1458 870 1500 appellavit.

165 1505 299 1540 Gemi-t.
344 1506 475 1549 Phasin]
503 1507 692 1539 Plrasianos
708 1507 873 1549 iutelligit

162 1555 287 1588 allatos
308 1564 352 1588 ex
377 1556 492 1589 Ponto
508 1557 566 1588 ubi
583 1557 705 1589 Phasis
730 1562 785 1590 est
810 1556 873 1589 flu-

163 1604 251 1638 vius.
295 1605 375 1638 mie
398 1610 516 1638 tamen
539 1607 707 1640 auriculas
732 1608 872 1640 submit·

161 1659 242 1689 tunt
252 1664 273 1688 e
286 1655 411 1698 plumis
422 1667 433 1697 ς
449 1657 540 1699 quod
553 1657 633 1689 alibi
646 1667 714 1690 uon
725 1657 873 1698 faciunt,

163 1706 194 1738 si
203 1705 317 1739 Plinio
328 1706 513 1739 credimus.
536 1708 703 1750 Numidoe]
717 1708 874 1741 Gallinas

101 1756 104 1758 ’
168 1756 371 1790 Numidicas
386 1757 561 1799 intelligit.
598 1758 736 1790 Eaedem
753 1760 873 1800 appel·

165 1807 283 1840 lantur
307 1807 588 1849 ‘Meleagrides‚'
613 1814 653 1841 ut
678 1814 779 1850 putat
803 1809 874 1842 Pli-

165 1857 253 1891 nius.
296 1856 488 1890 Columella
509 1858 594 1890 alias
616 1859 815 1899 existiman
839 1863 876 1892 et

163 1906 299 1940 Varro:
323 1907 432 1940 erista
456 1908 593 1941 scilicet
614 1909 775 1951 caernlea,
797 1919 874 1943 cum

165 1957 363 1992 Numidicis
400 1959 538 1991 rubram
567 1959 734 2000 habeant,
766 1959 874 2002 guttis

162 2008 430 2052 distinguuntur.
446 2009 536 2042 Mar.
544 2009 747 2042 Numidicas
756 2016 875 2052 guttas

165 2059 339 2102 appellen
354 2058 480 2093 Juven.
495 2069 577 2092 aves
587 2060 734 2102 Aphras.
750 2062 876 2096 Domit.

209 2111 253 2142 w
275 2108 480 2150 neutum&
493 2109 636 2151 rapiunt]
657 2110 770 2142 Tanta
785 2111 876 2143 enim

163 2158 232 2194 fuit
247 2158 349 2201 copia
365 2159 542 2192 missilium
556 2160 592 2192 in
608 2159 671 2191 bac
682 2161 876 2194 Domitiani

166 2208 359 2252 sparsione,
382 2214 423 2242 ut
449 2215 593 2252 superet
621 2211 877 2245 multitudinem

165 2260 356 2303 legentium
370 2264 407 2292 et
424 2261 647 2302 rapientium.
670 2261 798 2294 Similis
809 2260 877 2295 fuit

164 2311 244 2344 huic
267 2311 436 2353 sparsioni
453 2311 593 2343 venatio
612 2311 828 2353 direptionis,
842 2313 876 2344 in

167 2371 237 2404 qua
260 2360 440 2394 herbatica
467 2361 630 2394 animalia
658 2363 787 2404 populo
817 2362 877 2395 da-

169 2411 297 2445 bantur
311 2411 347 2444 in
368 2411 614 2453 direptionem,
637 2422 714 2455 quae
731 2418 767 2445 et
785 2413 878 2445 Pan·

167 2470 295 2503 carpus
330 2470 392 2493 seu
422 2461 644 2504 Pancarpum
679 2462 876 2496 dicebatur.

170 2512 322 2544 Gnaeus.

212 2564 255 2594 88
282 2562 327 2594 Ee
341 2561 428 2594 dulci
441 2561 617 2603 dominum]
651 2563 745 2595 Nihil
761 2562 817 2596 bic
830 2562 880 2595 vi-

170 2611 295 2644 derunt
310 2610 536 2653 Interpretes.
581 2612 710 2644 Sensus
724 2618 792 2652 est,
806 2613 879 2655 ple-

169 2663 248 2696 bem
279 2662 470 2695 Romanam
497 2664 733 2696 Domitianum
760 2665 880 2696 Satur·

171 2713 263 2747 nalia
273 2713 510 2746 celebrantem
523 2713 615 2747 elata
637 2718 674 2747 et
688 2715 782 2747 clara
795 2724 880 2748 voce

171 2767 182 2784 ‘
197 2762 398 2796 Dominum'
426 2764 635 2806 appellasse,
662 2765 774 2806 ipsum
798 2774 880 2797 vero

173 2813 324 2847 vetuisse
338 2822 382 2846 ne
398 2813 554 2847 Dominus
569 2819 774 2849 vocaretur:
797 2816 882 2850 Sue-

1482 202 1487 206 *
1508 237 1622 283 1667

1253 341 1264 365 ⁴
1278 341 1474 375 Acclamari
1491 341 1525 373 iu
1542 340 1626 374 Am-

913 392 1109 432 phitheatro
1139 393 1273 433 epulari
1304 392 1362 424 die
1385 392 1535 424 libenter
1563 402 1624 423 au-

911 440 994 474 diit:
1022 441 1214 474 ‘Domino'
1243 446 1280 475 et
1303 443 1312 461 ‘
1328 443 1487 475 Domiuae
1511 441 1624 474 felici-

913 491 990 526 ter..’
1003 491 1015 507 '
1037 492 1107 524 Sed
1124 492 1306 525 mirabitur
1319 493 1441 536 aliquis
1457 503 1520 526 cur
1535 492 1627 535 priu-

913 551 997 584 ceps
1027 542 1165 583 generis
1201 543 1338 575 humani
1363 549 1399 575 et
1427 544 1626 585 Imperator

913 593 1013 625 Rom.
1041 592 1211 625 recusarit
1237 594 1354 626 vocari
1385 595 1395 614 ‘
1413 593 1628 627 Dominus?’

915 642 1009 675 Nou.
1025 642 1183 684 miretur,
1205 653 1283 675 nam
1311 644 1362 676 illi
1388 645 1627 686 Imperatores

914 693 925 712 ⁴
941 693 1101 725 Domini’
1127 695 1395 736 appellationem
1424 706 1562 736 semper
1587 700 1628 730 ut

915 742 1137 776 maledictum
1169 749 1206 777 et
1233 746 1454 786 opprobrium
1489 745 1628 787 refuge.-

917 799 1011 835 ruut‚
1024 795 1116 837 quod
1134 799 1284 828 testatur
1298 796 1483 829 Suetonius
1494 796 1539 828 de
1556 796 1628 828 Au-

917 849 1028 886 gusto,
1054 846 1195 878 Tacitus
1222 846 1265 879 de
1290 847 1445 888 Tiberio,
1471 847 1629 889 Lampri-

917 895 995 927 dius
1024 895 1069 928 de
1095 895 1268 930 Alexand.
1293 897 1436 935 Severo,
1463 897 1628 931 Aurelius

918 946 1040 978 Victor
1069 946 1112 978 de
1133 948 1288 987 Juliano,
1316 952 1353 980 et
1382 948 1439 980 alii
1467 949 1511 981 de
1539 949 1632 983 aliis.

919 997 1092 1029 Caeterum
1119 998 1172 1030 his
1197 999 1303 1032 Statii
1329 999 1430 1031 dictis
1446 1009 1489 1036 ex
1502 999 1632 1032 diame-

918 1051 972 1079 tro
995 1052 1166 1089 repugnat
1183 1049 1271 1090 quod
1293 1049 1415 1082 scribit
1428 1050 1630 1090 Suetonius,

919 1098 977 1140 qui
995 1098 1104 1131 refert
1128 1100 1381 1140 Domitianum,
1407 1110 1484 1132 cum
1502 1110 1630 1143 procu-

920 1154 1074 1181 ratorum
1105 1159 1242 1182 suorum
1278 1151 1416 1183 nomine
1449 1150 1629 1184 formalem

919 1199 1071 1232 dictaret
1082 1200 1284 1242 Epistolam‚
1295 1201 1344 1234 sic
1355 1202 1500 1243 coepisse
1515 1213 1524 1235 ι
1537 1203 1546 1220 ‘
1559 1203 1632 1234 Do-

919 1249 1029 1281 minus
1046 1255 1083 1282 et
1099 1251 1194 1283 Deus
1211 1258 1330 1283 noster
1343 1252 1392 1284 sic
1411 1251 1631 1294 fierijubet.’

921 1299 1024 1331 Unde
1052 1300 1247 1334 institutum
1276 1303 1338 1343 ait,
1365 1307 1404 1334 ut
1429 1312 1473 1335 ne
1497 1303 1631 1344 scripto

921 1350 1059 1392 quidem
1089 1355 1150 1384 aut
1174 1362 1332 1385 sermone
1355 1353 1546 1394 cujuspiam
1571 1362 1633 1394 ap-

921 1401 1108 1442 pellaretur
1124 1402 1236 1434 aliter.
1262 1403 1442 1436 Quomodo
1455 1413 1538 1444 ergo
1553 1403 1632 1435 Sta-

922 1451 989 1482 tius
1006 1456 1123 1483 noster
1139 1451 1226 1484 dicit
1242 1452 1353 1493 ipsum
1369 1453 1434 1485 hoc
1450 1453 1602 1485 vetuisse
1618 1454 1631 1484 ἓ

923 1502 970 1534 Et
984 1502 1137 1534 Martial.
1162 1502 1206 1534 de
1223 1503 1428 1535 Domitiano
1444 1513 1559 1544 agens,
1579 1503 1633 1545 ip-

923 1553 1055 1584 sissima
1071 1553 1142 1594 ejus
1167 1553 1271 1585 verba
1291 1564 1429 1596 semper
1445 1555 1630 1596 exprimit:

923 1603 934 1622 ‘
960 1603 1122 1635 Edictum
1160 1605 1301 1636 Domini
1332 1605 1467 1646 Deique
1501 1604 1632 1639 nostri?

926 1654 972 1686 Et
987 1664 1091 1695 supra
1105 1655 1292 1686 Suetonius
1307 1655 1397 1687 dixit
1414 1655 1565 1687 libenter
1581 1655 1633 1696 ip-

924 1714 997 1735 sum
1012 1704 1184 1736 audivisse
1201 1705 1234 1736 in
1252 1715 1369 1737 mensa
1382 1706 1445 1737 sibi
1463 1707 1635 1737 acclama-

925 1753 974 1787 ri:
992 1755 1002 1772 ‘
1018 1754 1167 1786 Domino
1184 1753 1357 1794 feliciter‚’
1373 1758 1437 1787 Sec.
1469 1756 1633 1798 Denique

925 1804 1086 1837 Aurelius
1113 1804 1235 1836 Victor
1251 1805 1309 1836 ubi
1326 1805 1369 1837 de
1391 1805 1632 1838 Diocletiano:

925 1858 935 1872 ⁸
952 1854 1089 1886 Primus
1105 1854 1277 1895 omnium:
1301 1855 1424 1897 inquit,
1447 1857 1456 1873 ‘
1472 1861 1551 1897 post
1569 1856 1634 1888 Ca-

923 1905 1065 1947 ligulam
1097 1906 1414 1948 Domitianumque,
1452 1907 1634 1938 Dominum

925 1965 962 1988 se
980 1957 1090 1998 palam
1107 1955 1176 1988 dici
1203 1967 1324 1998 passus
1352 1962 1418 1998 est,
1444 1963 1481 1989 et
1499 1954 1636 1989 adorari

926 2017 964 2040 se
980 2007 1219 2049 appellarique
1237 2008 1287 2040 uti
1303 2009 1444 2041 Deum.’
1487 2008 1578 2042 Quid
1595 2007 1631 2039 in

926 2057 989 2091 hac
1003 2056 1187 2090 manifesta
1202 2062 1382 2090 auctorum
1402 2057 1637 2099 discrepantia

927 2108 1110 2140 dicendum
1132 2107 1146 2138 ἓ
1190 2109 1361 2140 Existimo
1394 2109 1635 2144 Domitianum

927 2168 1005 2191 cum
1018 2168 1098 2192 sese
1128 2158 1353 2191 ‘Dominum'
1385 2160 1553 2200 appellari
1579 2167 1637 2190 ve-

929 2211 1009 2251 tuit,
1023 2211 1187 2252 temporis
1203 2210 1369 2242 rationem
1390 2210 1563 2249 habuisse,
1576 2210 1638 2242 Sa-

929 2261 1126 2300 turnalium,
1142 2260 1294 2302 inquam.
1331 2262 1438 2293 Moris
1453 2262 1544 2293 enim
1562 2265 1638 2292 erat

928 2312 1017 2343 utin
1032 2311 1270 2343 Saturnalibus
1297 2312 1386 2343 servi
1412 2312 1573 2343 sederent
1593 2311 1638 2342 ad

929 2361 1197 2403 Imperatoriam
1221 2372 1387 2402 mensam,
1418 2363 1484 2394 imo
1506 2367 1543 2394 et
1569 2361 1637 2403 ipsi

928 2411 1070 2444 Domini
1099 2412 1206 2446 servis
1233 2412 1436 2445 sedentibus
1466 2412 1638 2444 ministra-

928 2462 1025 2495 bant.
1069 2462 1159 2494 Vide
1175 2462 1330 2494 Macrob.
1343 2463 1518 2495 Saturnal.
1536 2472 1562 2495 1.
1589 2461 1638 2494 A-

929 2512 1104 2544 thenaeum
1121 2512 1180 2544 lib.
1195 2521 1275 2545 xiv.
1299 2513 1446 2546 Dionem
1459 2513 1516 2547 lib.
1532 2522 1639 2546 aviu-

929 2564 1096 2606 aliosque.
1122 2564 1259 2597 Gevart.

973 2618 1015 2648 87
1039 2616 1217 2648 flammeus
1232 2615 1331 2656 orbis]
1356 2616 1559 2658 Lycuuchus
1589 2616 1638 2647 in-

932 2675 1027 2708 gens,
1044 2666 1167 2698 multas
1195 2665 1304 2707 faces,
1336 2671 1394 2699 aut
1419 2666 1550 2699 funalia
1567 2667 1641 2708 plu·

931 2716 1018 2749 rima
1034 2715 1070 2748 in
1086 2716 1203 2748 orbem
1220 2716 1410 2750 distributa
1424 2717 1550 2750 ferens.
1575 2717 1641 2748 Ta-

931 2764 982 2798 les
1008 2765 1125 2806 plures
1150 2764 1255 2797 fuisse
1279 2772 1431 2809 oportet,
1455 2772 1515 2799 aut
1532 2772 1640 2798 tantae

932 2815 1168 2858 amplitudinis
1181 2815 1287 2858 liunc,
1302 2822 1339 2850 ut
1354 2818 1640 2860 amphitheatrum

913 345 988 374 ton.
1005 341 1228 375 Domitiano:
