1846 3120
284 249 398 293 1478
784 258 824 290 P.
858 257 1047 290 ΡΑιηΝιι
1081 258 1244 291 ετΑτῐι
1264 279 1267 282 -

286 355 471 411 Dejicit,
491 355 622 409 inque
643 364 752 396 suos
772 354 938 409 pariter
956 354 1177 397 velamina
1195 356 1361 407 vultus,

286 422 432 477 Capta
452 426 571 464 metu
591 421 751 472 subito,
772 421 1041 476 paulumque
1063 422 1202 464 oblita
1223 422 1403 465 doloris.

286 489 393 532 Hoc
410 489 549 543 magis
567 490 835 544 increpitans
857 493 1071 544 suspecta
1087 490 1278 542 silentia,
1298 495 1467 544 perstat
1653 490 1743 535 370

287 556 522 609 Antigone,
545 557 837 612 comitemque
857 570 1060 611 premens
1080 557 1338 612 ipsamque:
1370 558 1447 600 sed
1468 557 1598 600 ambo

288 622 523 673 Deficiunt,
544 623 712 678 fixique
733 624 894 666 silent:
924 624 1099 666 tandem
1119 637 1197 666 ora
1213 626 1373 667 retexit

291 689 438 744 Argia,
458 703 710 745 corpusque
731 694 872 732 tamen
889 691 1139 744 complexa,
1159 692 1383 746 profatur:

288 756 337 798 Si
358 756 467 810 quid
488 757 534 797 in
553 757 638 798 hoc
660 758 795 799 veteri
814 757 1026 799 bellorum
1046 759 1261 811 sanguine
1279 772 1448 801 mecum

287 822 542 873 Quaesitura
561 824 704 874 venis,
727 824 766 865 si
786 828 834 866 tu
851 837 1025 878 quoque
1041 824 1150 866 dura
1171 823 1371 867 Creontis
1655 823 1741 868 375

286 889 317 931 J
320 902 426 931 ussa
439 891 584 941 times,
605 904 804 945 possum,
827 891 906 931 tibi
926 903 994 931 me
1011 891 1198 940 confisa,
1219 891 1363 933 fateri.
1624 909 1626 911 ·

287 955 337 998 Si
352 956 512 998 misera
531 971 578 999 es
598 957 735 1013 (certe
755 958 973 1012 lacrymas
992 958 1273 1013 lamentaque
1300 957 1458 1014 cerno)

288 1023 319 1065 J
323 1036 446 1076 unge,
469 1037 562 1077 age,
577 1025 711 1079 junge
731 1024 890 1066 fidem:
922 1025 1070 1078 proles
1091 1038 1174 1078 ego
1194 1027 1309 1079 regis
1330 1026 1512 1068 Adrasti
1532 1037 1543 1068 :

287 1090 406 1147 (Hei
425 1092 556 1133 mihi!
588 1105 693 1133 num
714 1093 813 1147 quis
835 1093 963 1134 adest
973 1090 1015 1146 2)
1044 1093 1134 1134 cari
1152 1092 1381 1148 Polynicis
1402 1093 1459 1136 ad
1477 1094 1616 1148 ignes,
1647 1131 1668 1145 .,

286 1157 385 1200 Etsi
403 1170 534 1211 regna
553 1162 719 1201 vetant.
778 1160 962 1215 Stupuit
982 1160 1194 1202 Cadmeia
1212 1161 1352 1215 virgo,
1637 1155 1740 1203 380

287 1224 604 1280 Intremuitque
625 1226 770 1277 simul,
791 1227 1101 1281 dicentemque
1123 1232 1314 1281 occupat
1333 1228 1470 1270 ultro:
1515 1280 1517 1283 ·

289 1291 421 1333 Mene
441 1292 574 1345 igitur
593 1295 762 1335 sociam
781 1294 884 1349 (pro
904 1307 998 1336 sors
1016 1296 1164 1348 ignara
1178 1294 1211 1350 !)
1230 1295 1456 1346 malorum,

289 1359 425 1401 Mene
445 1361 604 1403 times?
638 1375 735 1403 mea
755 1363 950 1403 membra
971 1366 1106 1414 tenes,
1125 1375 1227 1404 mea
1246 1362 1396 1405 funera
1414 1360 1605 1416 plangis.

286 1474 429 1510 ‘correpta
444 1472 602 1512 repentino
615 1481 738 1512 pavore,
754 1476 785 1504 et
797 1473 923 1513 paulum
935 1473 1094 1505 immemor
1108 1474 1208 1505 luctus
1217 1473 1280 1512 sui,
1301 1471 1383 1504 nihil
1396 1475 1471 1504 tunc
1484 1471 1668 1512 asponon,-
1687 1472 1742 1504 sed

288 1513 412 1544 demisit
425 1515 524 1545 velum
546 1516 579 1546 iu
594 1516 713 1546 vultum
727 1516 834 1547 mariti
849 1519 880 1547 et
904 1516 1022 1556 pariter
1042 1516 1076 1547 in
1094 1526 1194 1548 suum.
1238 1516 1410 1556 Antigone,
1425 1516 1481 1546 hoc
1493 1516 1562 1555 plus
1578 1515 1741 1555 increpans

287 1559 457 1596 suspectam
472 1557 730 1597 taciturnitatem,
745 1561 875 1599 perstat,
891 1562 921 1590 et
937 1562 1029 1599 urget
1043 1558 1142 1599 ipsam
1155 1558 1302 1600 Argiam,
1317 1561 1347 1590 et
1360 1558 1425 1597 eius
1435 1557 1551 1589 socium
1559 1568 1572 1595 ,·
1585 1558 1640 1589 sed
1652 1557 1741 1588 ambo

287 1601 426 1638 stupent,
439 1602 470 1630 et
484 1600 652 1631 immobiles
666 1604 801 1633 manent.
845 1601 979 1632 Tandem
995 1601 1098 1640 Argia
1118 1601 1247 1632 nudavit
1266 1601 1385 1632 vultum
1409 1609 1510 1637 suam,
1534 1603 1566 1631 et
1589 1599 1738 1640 loquitur,

288 1650 353 1671 com
363 1642 499 1681 plectens
513 1645 615 1674 tamen
626 1653 735 1684 corpus
748 1642 856 1674 mariti
867 1653 878 1674 .-
900 1643 936 1675 Si
958 1644 1031 1684 quid
1052 1644 1139 1675 venis
1161 1642 1353 1684 indagatum
1365 1651 1480 1674 mecum
1494 1642 1530 1674 in
1544 1643 1600 1674 hoc
1613 1642 1741 1683 antiquo

288 1681 492 1716 certaminum
516 1695 633 1722 cruore,
655 1686 684 1717 si
706 1689 740 1717 tu
763 1695 878 1726 quoque
903 1685 1086 1725 reformidas
1098 1695 1210 1727 aspera
1227 1685 1370 1718 Creontis
1383 1685 1526 1726 imperia,
1546 1693 1671 1729 possum
1692 1693 1741 1716 me

289 1725 348 1756 tibi
363 1727 550 1769 confidenter
561 1729 704 1767 prodere.
749 1728 787 1760 Si
802 1738 833 1759 es
844 1727 971 1767 infelix,
985 1728 1082 1770 (certe
1092 1729 1209 1770 aspicio
1219 1728 1322 1770 fletus
1335 1731 1404 1760 tuos
1415 1730 1447 1759 et
1460 1725 1606 1768 luctum)
1617 1726 1743 1767 implica

289 1778 358 1808 age,
373 1768 498 1810 implica
512 1771 657 1809 dextram
670 1771 704 1802 in
715 1771 829 1811 pignus
835 1770 926 1812 fidei.
964 1771 1035 1811 Ego
1049 1771 1199 1812 sumfilia
1214 1771 1348 1803 Adrasti
1362 1770 1460 1811 regis.
1495 1769 1575 1809 Hei,
1587 1768 1741 1810 aliquisne

288 1811 410 1843 veniret
423 1813 463 1843 ad
484 1814 680 1845 cremandum
693 1823 792 1844 meum
807 1813 999 1854 Polynicem,
1021 1817 1144 1845 vetante
1159 1823 1231 1853 rege
1241 1812 1258 1846 :²
1280 1814 1392 1845 Puella
1413 1812 1530 1845 Cadmo
1543 1814 1612 1843 orta
1624 1812 1741 1844 mirata

291 1857 349 1894 est,
371 1864 491 1895 unaque
505 1856 639 1895 horruit,
661 1859 692 1887 et
706 1856 831 1896 insuper
846 1857 1016 1896 loquentem
1027 1856 1179 1896 praevenit
1190 1866 1201 1886 .·
1224 1856 1311 1887 Proh
1324 1856 1397 1894 sors
1409 1855 1522 1894 ignara
1533 1853 1549 1885 !
1570 1855 1666 1886 Mene
1676 1853 1739 1893 igi-

291 1899 344 1927 tur
359 1897 459 1938 times,
481 1908 567 1930 mene
581 1898 672 1930 times
682 1899 795 1930 sociam
818 1899 1050 1930 calamitatum?
1072 1900 1157 1930 tenes
1180 1908 1262 1930 meos
1283 1902 1383 1938 artus,
1404 1898 1508 1938 ploras
1527 1905 1594 1928 mea
1611 1895 1740 1935 funera.

900 1982 958 1995 OOC
962 1983 997 1994 ‘O
1001 1982 1017 1994 O
1021 1982 1137 1995 '‘50“

291 2038 428 2081 vulgata
442 2038 589 2071 lectione
611 2037 832 2070 mutandum!
850 2039 1053 2070 Idem—372
1076 2038 1174 2070 Unus
1200 2038 1323 2070 Behot.
1345 2037 1469 2069 tandem
1483 2045 1536 2067 ore
1558 2034 1740 2077 resolvite-7

290 2086 353 2114 373
377 2082 478 2121 Argie
500 2082 620 2122 legunt
644 2091 758 2113 omnes
788 2082 889 2114 codd.
906 2081 1158 2113 Banna—3⁷8
1179 2081 1408 2112 ‘Portentum
1435 2079 1491 2110 hie
1517 2078 1644 2110 habeut
1671 2076 1739 2112 duo

290 2125 371 2157 libri
393 2124 512 2163 nostri,
535 2134 678 2165 quorum
706 2125 792 2156 alter
815 2128 866 2156 est
888 2124 945 2155 ille
968 2133 1068 2165 quem
1093 2124 1257 2164 optimum
1282 2122 1387 2154 toties
1413 2121 1617 2154 vocavimus.
1658 2120 1739 2152 Non

290 2168 379 2199 enim
403 2171 604 2207 agnoscunt,
620 2167 682 2198 nisi
705 2177 810 2207 supra
835 2166 974 2208 scripta,
990 2167 1063 2198 haec
1088 2166 1198 2198 omnia
1222 2165 1352 2204 verba3
1377 2165 1411 2196 iu
1439 2163 1601 2195 sermonis
1625 2165 1739 2195 autem

291 2210 402 2241 verbis
425 2210 579 2241 Maronis
606 2210 850 2241 hemistichium
877 2213 1144 2252 repraesentant:
1168 2208 1293 2248 Accipe,
1309 2209 1406 2248 daque
1421 2206 1539 2249 fidm:
1561 2206 1663 2246 proles
1683 2214 1741 2245 ego

292 2254 392 2293 Regis
416 2252 561 2284 Adrasti.
606 2252 700 2284 Nihil
725 2257 848 2284 mntem
875 2262 895 2283 a
920 2252 1050 2292 vulgari
1076 2250 1249 2283 lectione.'
1264 2250 1491 2282 Banu—3¹79
1511 2249 1522 2266 ⁸
1538 2248 1636 2297 [Pa-tiri
1660 2251 1740 2279 shut

288 2296 368 2327 libri
384 2295 440 2337 qui
458 2295 530 2326 haec
546 2299 691 2327 mutant.
737 2296 867 2326 Metam
888 2295 975 2326 enim
999 2294 1317 2335 circumspicientis,
1339 2296 1375 2324 et
1389 2301 1409 2322 a
1424 2290 1653 2340 crudelissimo
1679 2289 1739 2323 bo.-

292 2339 382 2370 mine
406 2337 573 2378 deprendi
602 2337 766 2376 timentis,
793 2337 933 2378 pulchre
960 2336 1125 2376 referunt,
1153 2341 1187 2367 et
1213 2339 1291 2367 sunt
1313 2333 1507 2376 parenthesi
1534 2332 1741 2364 includenda

291 2381 440 2422 quinque
468 2382 540 2412 haec
556 2380 682 2412 verba:
706 2380 791 2421 (Hei
803 2380 879 2411 mihi
897 2390 970 2411 num
994 2380 1063 2420 quis
1086 2376 1224 2420 adest?)’
1249 2378 1356 2409 Idem.
1386 2376 1474 2408 Edd.
1491 2374 1737 2414 vett.habent‚:
1788 2387 1794 2394 ⁵

292 2424 360 2455 Hei
374 2424 536 2455 mihinam
558 2422 627 2463 quis
651 2423 738 2454 adest
763 2423 828 2454 cari
842 2422 1001 2463 Polynicis
1016 2424 1057 2453 ad
1076 2419 1190 2461 ignes?
1213 2420 1299 2451 Etsi
1321 2428 1430 2459 regna,
1451 2419 1504 2458 &a
1549 2417 1629 2449 Non
1654 2417 1739 2449 alia's

293 2466 465 2497 variantes
481 2466 514 2497 h.
531 2466 552 2496 Ι.
567 2465 798 2497 inveni.—382
819 2465 828 2482 ⁴
846 2466 891 2496 Et
907 2465 968 2496 hoc
984 2465 1058 2495 loco
1079 2464 1159 2495 laesa
1180 2466 1233 2494 est
1249 2461 1436 2494 distinctio.
1479 2459 1620 2491 Scribe:
1645 2459 1740 2491 Mene

290 2508 394 2547 igitur
406 2508 530 2547 sociam,
541 2508 640 2549 proh.-
661 2507 744 2550 (fors
767 2506 895 2548 ignara)
908 2508 1058 2538 malorum
1084 2507 1177 2537 Mene
1200 2505 1291 2536 times
1304 2503 1326 2535 φ’
1342 2503 1461 2535 Barth.
1505 2503 1587 2534 Put.
1610 2501 1736 2534 habet-2

291 2552 405 2583 sociam
415 2551 657 2591 profem—383
679 2551 794 2591 Meque
808 2550 899 2581 times
913 2551 946 2580 in
961 2549 1080 2581 eodem
1097 2548 1303 2580 libra—384
1329 2547 1412 2578 Cedo
1435 2549 1505 2577 tene
1514 2546 1608 2586 pudet
1621 2553 1739 2577 omne·

939 2634 1081 2667 NOTAE

291 2698 500 2737 bebatur‚ne
515 2698 591 2739 quis
603 2707 657 2729 me
673 2698 715 2730 ab
731 2698 870 2740 egregio
885 2707 989 2740 opere
1043 2696 1115 2739 que]
1140 2695 1291 2736 Argiam.

291 2747 483 2789 impediret.
513 2748 582 2779 Vet.
597 2748 700 2780 Schol.
738 2749 894 2789 Optime.
1085 2748 1148 2777 380
1173 2745 1322 2776 Cadmeia
1338 2743 1444 2783 virgo]
1469 2741 1651 2783 Antigone.

334 2801 395 2830 371
430 2797 596 2839 Comitem]
633 2799 825 2832 Menoeten.
870 2799 987 2840 Ipsam-
1084 2799 1146 2829 383
1170 2797 1246 2828 Mea
1262 2795 1411 2836 membra]
1427 2794 1469 2826 Id
1486 2798 1552 2835 est,
1569 2793 1694 2827 fratris.
