1858 3112
436 241 478 272 P.
510 240 705 272 PAPfflll
738 241 905 274 s'ra'ru
937 242 1087 276 synv.
1122 244 1310 277 ι,111.1ν.
1340 234 1385 276 6.

172 331 370 373 >Martialis:
384 333 395 352 ‘
405 333 476 367 Hic
487 335 546 377 qui
560 335 646 368 dura
661 335 786 369 sedens
804 345 882 378 por-

175 387 274 417 recto
285 392 366 416 saxa
381 384 506 418 leone.’
526 385 680 419 Ber-nare.

216 437 261 467 59
282 434 397 476 Digna
410 435 654 479 open-isonam]
667 437 776 472 Quasi
792 437 881 470 Her-

169 486 271 523 ,cules
281 486 358 532 ipse
372 487 426 519 sui
441 487 530 528 sig-ni
546 486 696 520 fortuma
712 487 811 520 faber
829 487 882 521 fu-

173 536 254 576 erit,
267 536 587 580 provideritque,ut
603 547 665 580 per
679 532 800 572 mantis
811 539 884 571 Du·

171 587 419 629 curmusgum,
431 588 703 631 principumque
720 589 883 631 virorum,

173 637 316 672 tandem
335 637 384 671 ad
408 638 589 672 vindicem
611 639 764 680 doctum,
793 641 884 674 intee

168 696 272 730 grum
294 687 391 729 vite,
415 690 626 733 scelerisque
649 700 785 734 purum,
805 701 884 734 per-

174 737 325 772 veniret.
345 739 475 774 Mareu.

216 790 261 823 ⁶8
282 789 518 833 &tumbaeque
528 790 643 834 libens]
665 791 812 825 Codices
823 792 882 825 alii

174 848 293 873 omnes
320 840 370 874 ita
392 841 513 884 scripti
534 847 628 884 sunt,
653 843 884 885 praestabatque
913 839 920 843 ’

116 885 119 889 ”
168 889 283 923 abeas.
296 899 359 923 uos
375 900 460 925 veto
471 891 522 924 ita
540 892 708 934 legimus:
732 892 883 926 Alexan·

173 938 238 972 der
249 939 399 974 libenter
410 941 607 983 prestabat
619 947 802 985 potaturus
817 944 882 977 hoc

173 989 322 1034 signum,
335 998 378 1024 ea
390 991 468 1034 ipsa
490 991 616 1025 dextra
634 1003 704 1036 qna
725 997 763 1026 et
777 1004 883 1036 regna

170 1040 280 1083 paulo
299 1045 386 1074 ante
412 1041 616 1086 abstulerat,
645 1048 683 1078 et
705 1050 883 1079 everterat

173 1091 288 1126 urbes.
311 1093 438 1130 Danu.

169 1172 175 1174 s
217 1146 261 1177 64
281 1143 483 1186 Semper-«b
510 1145 582 1187 hoe]
604 1146 736 1181 Menda
763 1150 818 1181 est
846 1147 881 1180 in

172 1194 252 1233 aliis
267 1194 470 1229 codicibus:
492 1206 613 1239 semper
640 1199 682 1230 ad
704 1198 786 1231 hoc.-
819 1198 882 1232 sed

167 1245 250 1288 ,Ιοςο
264 1249 306 1279 nt
326 1255 389 1281 nos
410 1246 685 1282 emendavimun
709 1253 750 1282 ut
775 1249 886 1292 dicat,

173 1296 334 1330 sumebat
343 1306 481 1340 semper
491 1298 624 1331 animos
638 1299 674 1331 in
690 1300 882 1341 proximum

173 1347 331 1390 prelium
345 1348 389 1382 ab
402 1348 470 1387 hoe
483 1349 583 1392 signo
598 1349 761 1384 Herculis
784 1361 883 1395 spec-

173 1402 261 1440 tato,
283 1398 384 1434 laen.

214 1453 260 1485 00
284 1450 460 1495 Obruerat]
498 1452 591 1486 Nam
618 1452 802 1496 Philippus
825 1463 884 1496 pa-

169 1505 229 1536 tet
240 1500 344 1536 Alex.
366 1502 402 1539 in
416 1502 581 1537 ditionem
597 1503 770 1538 Graeciam
783 1505 884 1538 rede·

168 1556 296 1594 strata
317 1553 381 1587 sed
395 1553 507 1590 adhue
522 1563 589 1589 nou
603 1559 791 1597 pacaverat
805 1566 882 1589 cum

166 1608 330 1639 mortuus
343 1609 411 1640 est.
453 1603 657 1641 Alexander
670 1606 777 1648 igitur
791 1607 885 1649 patri

172 1653 377 1698 succedens,
406 1654 652 1698 Athenienses,
685 1657 883 1700 Thebanos,

172 1704 384 1747 Corinthios,
395 1705 455 1749 qui
468 1705 676 1740 defecerant
689 1708 806 1750 armis,
821 1719 883 1751 op·

171 1756 314 1798 pressit.
355 1756 495 1793 'rbabas
531 1757 567 1790 in
600 1758 721 1801 primis
752 1759 881 1795 diruit:

171 1807 402 1850 exceptisque
430 1807 552 1846 amicis
577 1809 821 1853 Macedonum,
846 1815 884 1844 et

171 1857 226 1893 his
239 1857 300 1900 qui
312 1858 558 1893 dissuaderent
579 1858 823 1899 defectionem,
845 1865 885 1894 et

172 1906 307 1945 fmilia
321 1909 466 1945 Pindari
485 1909 617 1952 poetae,
633 1920 750 1944 omues
773 1913 884 1955 capti·

171 1969 232 2000 vos
259 1960 417 1995 vendidit
439 1960 486 1995 ad
511 1960 660 2004 triginta
681 1962 800 1998 millia.
821 1973 884 1998 sex

170 2010 547 2047 milliaoccubnerunt.
570 2012 673 2046 Idem.

213 2065 258 2096 70
279 2062 476 2105 Em]
496 2063 630 2096 Omnes
644 2063 729 2099 alias
742 2064 884 2099 victori-

171 2123 210 2147 as
224 2114 416 2148 ostentarit
428 2113 574 2149 Herculi
583 2113 803 2150 Alex-ander:
822 2115 883 2150 sed

172 2170 306 2200 tantum
333 2166 470 2201 veniam
507 2166 610 2208 petiit
635 2165 680 2200 de
705 2168 884 2202 eversione

168 2216 387 2257 ‘l'hebsmm;
418 2226 499 2252 nam
525 2221 605 2250 erat
633 2217 798 2252 Herculis
823 2229 885 2263 pa-

174 2268 255 2304 tria.
279 2268 380 2302 Idem.
576 2308 579 2310 ,

211 2321 253 2353 n
290 2318 354 2354 1110
386 2317 499 2361 etiam]
534 2317 747 2354 Alexander.
790 2320 885 2354 Fatis

167 2369 402 2411 rumpentibus]
439 2370 526 2403 Cum
557 2369 631 2402 fata
660 2379 739 2403 eum
769 2371 882 2412 eripe·

166 2424 249 2454 rent
263 2429 308 2454 ex
333 2420 448 2455 medio
471 2430 575 2454 cursu
597 2429 712 2454 rerum
742 2431 882 2463 magna-

170 2480 261 2504 rum.
286 2471 387 2505 Iden·

213 2523 256 2554 ⁷2
282 2520 454 2563 habaet]
475 2521 655 2556 Hauriret.
680 2522 780 2556 Idan.

213 2573 259 2604 74
283 2571 404 2605 w
417 2572 499 2605 auos
509 2572 545 2605 in
559 2572 686 2605 numine
700 2573 788 2615 caro]
802 2573 881 2607 Sus-

170 2622 307 2664 pie-tu·
328 2626 382 2655 est
404 2631 574 2655 venenum
598 2623 665 2656 sibi
687 2624 881 2666 appositum

169 2671 214 2704 ab
236 2672 312 2704 aliis
331 2672 459 2714 indicio
481 2673 630 2706 numinis
649 2674 722 2707 cari
748 2674 884 2707 Hercu·

167 2722 228 2755 lei.
271 2723 369 2766 ΛΕΜ]
389 2723 535 2765 Signum
558 2722 720 2757 Herculis
736 2733 882 2758 oeneum.

214 2826 257 2858 76
288 2823 371 2860 Mox
403 2824 651 2867 Nummium]
679 2825 882 2867 Annibalem

1528 238 1642 282 1737

931 336 1120 379 intelligit3
1160 338 1374 372 Nasamones
1404 340 1495 373 enim
1524 344 1641 383 populi

931 387 1074 429 Libyae:
1097 393 1134 421 at
1157 387 1269 430 Libya
1282 388 1412 422 Africae
1439 399 1533 432 pars,
1564 401 1642 433 quae

932 441 969 470 et
984 448 1048 479 pro
1064 443 1142 472 tota
1164 439 1287 473 Africa
1310 450 1404 482 saepe
1421 442 1583 483 ponitur:
1607 443 1641 475 in

929 487 1052 522 Africa
1068 493 1183 522 autem
1195 491 1381 533 Carthago,
1393 497 1433 524 ut
1446 501 1562 525 omnes
1577 495 1646 526 sci·-

932 543 1007 572 unt.
1051 540 1195 582 Signum
1226 551 1309 574 vero
1340 542 1434 575 istud
1466 543 1642 584 Herculis,

930 594 1011 632 post
1034 588 1286 632 Alexandrum,
1302 592 1441 625 tandem
1466 593 1510 626 ad
1534 593 1642 626 Anni-

933 639 1044 673 balem
1062 641 1208 683 venisse,
1224 643 1329 676 etiam
1346 643 1521 676 Martialis
1535 644 1643 677 tradi-

932 690 997 733 dit,
1016 691 1100 724 dum
1126 692 1170 724 de
1195 693 1259 726 hac
1280 694 1402 727 eadem
1428 699 1542 728 statua
1558 696 1642 728 scri-

930 741 983 775 bit
997 752 1006 775 :
1029 742 1041 761 ⁴
1053 742 1158 775 Hunc
1174 754 1260 785 puer
1283 744 1326 776 ad
1340 745 1489 787 Lybicas
1499 746 1643 787 jurave·

931 797 988 826 rat
1001 790 1153 825 Annibal
1178 793 1281 828 aras.'
1304 795 1459 833 Bernart-

973 844 1016 874 82
1052 843 1203 885 Miscuit]
1257 844 1426 879 Incendio
1463 847 1644 890 corripuit.

929 891 1044 934 Aroes]
1064 892 1286 936 Saguntinas.
1309 896 1432 930 Domit-

974 946 1016 976 83
1038 943 1162 987 Ipsius]
1192 944 1250 990 ᾼΙ)
1278 946 1353 989 ipso
1380 948 1533 981 Hercule
1562 959 1646 982 con·

931 994 1033 1029 ditas.
1075 995 1264 1038 Saguntum
1277 998 1368 1030 enim
1381 999 1537 1032 condidit
1552 1000 1645 1033 Her-

931 1046 1026 1078 cules
1051 1047 1187 1088 sepulto
1203 1047 1274 1080 illic
1288 1048 1471 1090 Zacyntho
1487 1052 1615 1083 comite
1632 1062 1642 1083 ε

933 1096 991 1138 qui
1015 1105 1132 1129 secum
1155 1097 1199 1130 ah
1222 1098 1443 1140 expeditione
1471 1101 1506 1133 in
1524 1101 1645 1135 Gerio-

932 1155 1011 1179 nem
1027 1148 1278 1181 revertebatur.
1301 1149 1403 1183 Idem.
1450 1151 1529 1184 Cum
1543 1153 1646 1184 sucri-

932 1197 1021 1238 legas
1037 1196 1130 1240 fuce]
1153 1198 1278 1232 Salisb.
1298 1205 1336 1232 et
1366 1201 1537 1235 Lindenh.
1583 1202 1645 1236 Sa-

932 1248 1079 1289 crilegas.
1121 1248 1268 1282 Scribe:
1290 1252 1448 1293 sacrilega
1469 1252 1555 1292 sace.
1599 1252 1644 1287 In

934 1298 1077 1332 Patrem
1093 1309 1103 1332 :
1127 1299 1138 1318 ‘
1150 1301 1327 1343 sacrilegis
1339 1302 1456 1335 lucent
1471 1303 1645 1346 Capitolia

935 1348 1050 1383 tedis!
1077 1350 1255 1394 Sequente
1271 1362 1370 1385 versu
1387 1353 1489 1386 iidem
1501 1360 1539 1388 et
1554 1355 1645 1387 Ven.

935 1400 1056 1442 Ipsius,
1084 1403 1278 1444 meritaeque.
1338 1403 1491 1439 Fuerat:
1538 1406 1644 1446 Ipsius

934 1451 1156 1494 immerieoeque
1181 1453 1286 1486 domos
1308 1464 1345 1486 ae
1358 1456 1475 1496 templa
1495 1455 1646 1496 Sagunti.

933 1502 1037 1535 Silius
1060 1513 1211 1547 quoque,
1238 1504 1249 1523 ‘
1267 1504 1432 1539 Ausoniae
1462 1507 1645 1549 Sagunto.'

936 1553 1078 1588 Gronov.
1634 1591 1639 1599 ,

976 1607 1019 1636 84
1043 1604 1161 1638 Furias
1175 1605 1335 1648 honestae]
1350 1606 1392 1639 Id
1410 1612 1463 1640 est
1479 1607 1645 1643 furorem.

934 1664 1001 1697 quo
1014 1664 1138 1688 nomen
1150 1661 1186 1688 et
1197 1657 1360 1690 honorem
1373 1661 1553 1693 consecuti
1565 1665 1647 1693 sunt

933 1705 1116 1746 Saguntini
1131 1707 1182 1740 ita
1204 1717 1243 1740 se
1269 1713 1432 1743 necantes
1452 1721 1463 1750 ;
1485 1720 1562 1743 nam
1578 1712 1648 1753 pri-

933 1766 1057 1798 mores,
1071 1761 1110 1790 nt
1125 1758 1242 1790 Livius
1265 1758 1387 1800 tradit,
1402 1766 1584 1802 argentum
1606 1766 1646 1795 81

933 1817 1054 1841 aurum
1077 1808 1112 1841 in
1141 1809 1254 1848 ignem
1277 1810 1518 1853 conjecerunt,
1535 1823 1578 1846 ne
1602 1814 1645 1850 ab

932 1857 1032 1892 hoste
1058 1859 1308 1902 possideretur,
1323 1865 1360 1899 et
1382 1861 1502 1896 eodem
1519 1873 1557 1896 se
1573 1866 1647 1907 ple-

934 1909 1042 1953 rique.
1064 1910 1200 1943 Domiti

977 1963 1020 1993 86
1045 1960 1186 1993 Conviva
1214 1960 1363 2004 Sybiuae]
1386 1961 1430 1995 Id
1452 1966 1508 1997 est
1530 1964 1644 2006 Syllae.

933 2011 1108 2044 Martialis
1124 2022 1134 2045 z
1158 2012 1168 2030 ‘
1181 2011 1342 2046 Jusserat
1357 2012 1414 2044 hic
1439 2013 1569 2055 Syllam
1586 2025 1647 2056 po·

933 2071 1017 2094 nere
1047 2071 1154 2103 regna
1181 2061 1342 2095 trucem.’
1386 2063 1492 2105 Syllae
1528 2070 1645 2099 autem

934 2112 1075 2155 Sybillae
1103 2112 1198 2154 prius
1227 2112 1445 2147 dicebantur.
1474 2119 1511 2147 et
1540 2116 1647 2150 Corn.

933 2163 1068 2206 sybilla
1093 2163 1191 2205 prius
1215 2163 1328 2196 dictus
1358 2168 1428 2197 est:
1452 2166 1514 2199 sed
1531 2172 1648 2207 vetus-

935 2220 1002 2255 tas,
1023 2218 1164 2247 auctore
1190 2214 1382 2256 Macrobio,
1394 2216 1562 2258 syllabam
1584 2220 1645 2252 eli-

933 2265 979 2297 sit
993 2276 1003 2305 ;
1027 2270 1062 2298 et
1074 2274 1137 2308 pro
1150 2264 1281 2307 Sybilla
1295 2265 1423 2308 Syllam
1435 2269 1646 2312 accepimus.

935 2315 1036 2349 laem.

976 2369 1017 2399 87
1046 2367 1190 2399 Ornabat
1213 2367 1349 2412 sengper]
1371 2368 1581 2403 Plutarchus
1606 2373 1646 2406 L.

935 2418 1038 2451 Corn.
1051 2419 1192 2461 Syllam,
1204 2427 1361 2460 cognom.
1386 2420 1552 2463 Felicem,
1564 2431 1647 2464 gen-

886 2480 888 2483 *
934 2469 980 2501 tis
997 2469 1135 2512 quidem
1153 2469 1313 2502 Pan-itiae
1336 2469 1441 2502 fuisse
1463 2478 1646 2514 memorat,

932 2519 1003 2563 (οὓς
1016 2519 1200 2562 εὐπατρίδας
1214 2518 1253 2552 ἄν
1265 2532 1314 2553 τις
1328 2520 1436 2563 εἵποι,)
1448 2522 1509 2554 sed
1525 2524 1645 2565 egenis

934 2577 971 2604 et
994 2571 1141 2613 abjectis
1178 2571 1390 2613 parentibus,
1416 2572 1495 2615 (τῶν
1513 2574 1645 2606 ταπεινὰ

933 2621 1157 2664 arpena-mv)
1174 2622 1247 2664 jam
1272 2622 1353 2654 inde
1380 2632 1400 2655 a
1424 2623 1560 2664 Rufino,
1585 2625 1645 2667 qni

931 2673 1025 2705 inter
1050 2681 1198 2715 proavos
1227 2672 1333 2715 Syna·
1363 2673 1583 2707 Consulatum
1610 2685 1645 2706 a·

933 2723 1074 2766 deptus,
1095 2727 1132 2755 et
1150 2722 1330 2755 convictus
1346 2732 1452 2765 supra
1468 2723 1588 2756 decem
1604 2724 1643 2756 li·

933 2775 1015 2809 bras
1031 2773 1166 2816 argenti
1179 2773 1295 2806 caelati
1307 2778 1428 2806 contra
1441 2775 1551 2815 legem
1567 2783 1642 2815 pos-

909 2827 1061 2870 sudem,
1073 2826 1206 2869 Senatu
1219 2829 1332 2859 motus
1347 2819 1474 2857 suerat.
1519 2823 1644 2861 Cicero
