1846 3120
392 262 436 295 P.
468 257 662 294 PAPmu
696 259 864 293 STA'ru
898 260 1044 292 SYLv.
1079 260 1175 291 [ΑΒ.
1197 259 1228 290 1.
1257 249 1300 292 2·

112 355 214 390 binis
238 358 294 390 ⁸⁶.
317 354 493 389 ‘Pboebus
527 366 697 398 comosus,
730 355 822 388 Her·

113 409 209 442 calos
227 407 448 442 lacertosus!
489 408 664 451 Suspensa
689 417 708 440 a
730 407 819 439 laevo

111 458 355 502 bnmercilyra,
376 467 491 500 aurea,
510 463 548 491 et
564 457 746 491 testudinis
769 458 819 489 in-

109 508 215 542 sertis
245 509 436 551 variegata,
459 507 656 550 fingebatur
680 507 820 549 Apollo,

112 560 205 594 viee
213 561 321 594 totius
327 558 400 603 ejus
407 559 544 593 habitus
552 559 820 600 descriptionem

113 609 208 654 apd
219 608 333 644 111111-
345 610 405 643 lib.
417 619 475 643 m.
487 611 642 652 Eleg.··4.
657 610 776 645 Barth.

153 663 177 694 ⁴
200 661 326 694 Caum
352 660 522 703 Helicone]
546 660 713 693 Cantibus
741 670 819 703 per-

112 714 219 755 petuo
230 715 425 744 monente.
466 710 538 744 Sed
554 711 680 754 etipse
704 717 819 743 tamen

110 767 211 795 mons
239 761 398 794 'nonnihil
426 761 586 795 conferre
611 762 822 795 credebatur

113 811 334 846 &ntoribim
378 812 469 845 Vide
495 812 751 846 Commentaria
777 811 820 844 ad

113 862 249 895 initium
264 862 471 906 Cynegetici
494 863 708 896 Nemesiaui.
752 863 821 895 De-

111 912 267 956 W,
288 915 374 948 illud
387 913 534 948 Hesiod.
551 913 706 958 Πιερίηθεν
728 914 820 947 refe-

111 969 207 998 ruat.
230 964 334 998 Iden.

122 1034 125 1035 ν
154 1019 175 1048 5
198 1015 372 1050 θεῖοι-ηοω
383 1017 508 1059 ignem]
522 1017 691 1050 Debitum
714 1022 750 1050 et
767 1026 822 1050 ce-

112 1066 305 1109 lebratum3
316 1077 394 1100 nam
409 1077 508 1100 novae
523 1073 642 1109 nuptae
658 1078 745 1110 puer
762 1078 820 1109 pa-

112 1118 233 1150 trimus
256 1122 295 1151 et
318 1118 494 1151 matrimus
518 1117 632 1151 facem
658 1117 822 1160 praefere-

111 1167 199 1200 bant
224 1176 269 1200 ex
297 1168 395 1211 'spina
417 1168 521 1209 alba3
553 1174 594 1201 ut
618 1169 753 1201 Plinius
784 1173 822 1201 et

113 1219 236 1252 reatus
245 1218 412 1252 scribunt.
456 1219 536 1251 Duo
548 1219 632 1252 item
649 1219 745 1261 pueri
763 1229 821 1260 pa-

113 1270 207 1302 trimi
220 1269 422 1303 etmatrimi
436 1279 558 1302 novam
571 1274 714 1312 nuptam
726 1275 821 1302 tene-

113 1319 211 1354 bant.
233 1320 407 1353 Donatum.
437 1321 495 1353 De
509 1319 628 1362 ‘igne’
651 1325 689 1352 et
712 1320 822 1362 ‘aqua

113 1369 276 1403 solemni'
299 1370 343 1402 ad
363 1370 514 1412 Nuptias
536 1375 606 1402 tam
627 1369 727 1402 multi
751 1375 820 1402 tam

111 1421 225 1455 multa
239 1426 419 1463 notarunt,
431 1425 472 1454 ut
485 1430 578 1464 tegre
601 1420 704 1453 rebus
724 1419 821 1452 novis

111 1473 209 1505 locus
221 1472 268 1504 sit
281 1471 520 1504 inveniendus.
563 1471 692 1503 Videas
702 1471 822 1514 itaque

112 1523 192 1557 διο.
209 1521 389 1564 CnJacium
411 1521 560 1554 Observ.
585 1522 643 1554 lib.
661 1530 717 1554 xi.
741 1532 772 1555 c.
787 1525 820 1554 2.

112 1573 150 1608 J.
164 1572 402 1606 Passeratium
416 1571 460 1605 ad
483 1573 672 1614 Catullum,
696 1583 776 1615 pag.
788 1576 822 1606 7.

113 1623 216 1657 Joan.
228 1622 344 1657 Gebb.
357 1623 438 1656 Cur.
449 1623 576 1657 Juven.
592 1624 654 1657 lib.
670 1633 728 1657 111.
745 1619 822 1666 cap.

114 1677 170 1708 12.
201 1674 248 1708 ·J.
265 1674 465 1707 Levineium
487 1674 531 1707 ad
555 1675 732 1717 Propertii
762 1676 820 1709 lib.

114 1733 169 1759 lv.
192 1726 340 1768 meg-8.
384 1725 458 1758 Nos
486 1726 530 1758 ad
557 1725 728 1768 Cyneget.
750 1727 822 1760 Ne·

113 1775 272 1817 mesisti,
282 1785 334 1808 vs.
351 1778 404 1809 15.
427 1775 581 1809 Brisson.
597 1776 654 1810 lib.
666 1777 709 1809 de
726 1777 823 1819 Nup-

113 1827 184 1864 tiis,
219 1829 384 1869 pag.⁴16.
429 1826 665 1864 Hotomanum
689 1828 764 1869 pari
788 1837 824 1860 ο-

114 1879 213 1919 pere,
226 1885 304 1919 cap.
317 1879 371 1910 17.
413 1876 604 1910 Martinam
615 1879 735 1920 Roam,
747 1879 825 1911 Sin

114 1927 186 1970 gul.
201 1926 259 1960 lib.
283 1936 325 1960 ιι.
347 1936 426 1968 cap.
440 1930 494 1960 21.
537 1927 606 1962 Qui
622 1928 666 1960 de
681 1938 823 1961 numero

113 1976 180 2011 hcc
197 1976 291 2020 apud
317 1976 503 2020 Papinium
528 1978 692 2011 curiosior
724 1989 823 2022 aequo

114 2030 179 2068 est,
196 2024 382 2060 secundnm
407 2028 499 2060 enim
514 2029 636 2061 Musas
659 2039 737 2062 eum
761 2039 823 2071 po-

113 2078 168 2112 nit
181 2078 306 2120 Poeta,
329 2079 446 2121 plures
462 2079 712 2122 nominaturus,
727 2081 763 2113 ‘si
778 2081 823 2114 is-

115 2134 162 2162 1oe
181 2130 294 2172 plures
305 2127 463 2162 fuissent.
479 2130 651 2164 Bar-thius.

76 2179 82 2186 “
144 2178 180 2212 ²0
200 2179 371 2213 Alter-nm
384 2179 518 2218 factura
529 2181 656 2224 pedem]
679 2181 822 2214 Immor-

115 2232 186 2264 tale
209 2231 294 2265 illud
323 2232 448 2265 Galliae
472 2231 709 2266 ornamentum
734 2234 826 2267 Had.

113 2282 296 2316 Turnebus
307 2283 455 2316 Advers.
466 2283 527 2317 lib.
543 2293 580 2317 ν.
596 2294 673 2326 cap.
688 2287 721 2317 8.
733 2285 826 2318 hunc

114 2332 218 2367 sintii
242 2333 355 2366 locum
385 2333 579 2376 explicans,
610 2335 659 2367 ait
692 2335 703 2353 ⁴
721 2335 825 2367 alter-

114 2382 197 2419 num
219 2383 345 2426 pedem
372 2382 513 2422 facere,'
545 2385 636 2418 idem
666 2385 723 2418 hic
751 2395 826 2418 esse

115 2434 208 2478 qnod
231 2435 438 2470 claudicare.
482 2436 595 2470 Quam
619 2438 824 2479 interpreta-

116 2484 252 2519 tioneur
261 2485 433 2528 quomodo
457 2486 510 2518 vii·
532 2497 638 2529 sagax
659 2497 704 2519 ex
731 2488 825 2520 hisce

115 2536 219 2569 statii
244 2535 360 2569 verbis
379 2536 507 2570 elicere
534 2538 703 2580 potuerit,
729 2539 824 2580 equi-

115 2585 318 2620 dommi-ror.
362 2586 450 2628 Ego,
461 2587 541 2620 dnm
557 2588 708 2630 penitius
721 2589 826 2621 verba

113 2635 271 2679 inspicio,
311 2636 432 2670 addita
459 2638 613 2671 litterula
641 2639 825 2681 legendum

115 2684 246 2730 presto
258 2688 434 2728 :froceum
457 2690 579 2732 pedem.
623 2691 757 2733 Elegia,
773 2691 825 2722 in·

115 2739 202 2781 quit,
224 2739 343 2772 &celsior
375 2744 509 2782 cuuto,
537 2742 671 2774 exultat
715 2743 824 2775 Alter-

113 2799 191 2821 num
217 2788 367 2829 sructura
391 2793 513 2833 pedem.
572 2793 668 2826 Nibil
695 2786 824 2826 certius

40 2855 47 2879 :
114 2840 182 2872 hac
210 2843 342 2874 ‘nostra
381 2843 634 2876 emendatione.
691 2844 823 2885 Elegiae

115 2899 263 2936 namque
291 2901 425 2936 versus,
454 2894 544 2928 alter
570 2895 713 2940 longior,
733 2896 824 2929 alter

1467 247 1584 293 1635

870 354 1010 387 brevior
1037 358 1105 395 est,
1127 358 1166 386 ut
1186 354 1267 396 jure
1294 354 1431 387 dicatur
1455 354 1585 386 ‘alter-

868 412 949 438 num
965 404 1091 447 pedem
1115 405 1303 448 frangere‚'
1330 406 1420 449 qnod
1442 407 1582 448 proprie

869 456 1076 489 claudicare.
1123 457 1169 489 Et
1193 457 1315 489 mirum
1331 461 1383 488 est
1398 457 1583 489 maximum

871 506 981 539 virum
997 507 1062 539 hoc
1083 516 1152 539 non
1171 508 1468 541 animadvertisse.
1516 509 1585 541 Ge-

868 561 954 590 ναι-ι.
975 550 986 558 N
999 556 1170 590 Alternum
1196 557 1329 596 factura
1349 558 1475 600 pedem]
1518 559 1583 591 Est

868 609 1110 650 conscriptum
1146 609 1299 640 carmina
1333 610 1482 650 alterna,
1509 610 1583 642 sive

870 659 1036 700 elegiaca,
1047 663 1083 691 et
1094 669 1165 691 suae
1177 659 1263 700 legis
1277 659 1379 691 modo
1395 659 1583 692 metienda.

874 711 1013 742 Gronov.
1029 709 1063 741 in
1080 709 1192 742 Diatr.

916 763 958 792 12
980 759 1117 791 Lumina
1137 759 1320 801 demissam]
1347 759 1423 791 Hoc
1439 758 1512 797 ἦθος
1528 764 1583 793 est

870 813 933 843 τῶν
945 811 979 843 ἐν
992 812 1059 843 τοῖς
1079 809 1231 850 θαλάμοις
1250 809 1418 852 παρθένων,
1434 810 1581 853 περιβλέ-

872 875 941 895 πειν
964 863 1113 902 μηδαμοΐ,
1131 861 1207 893 ἄλλ’
1232 861 1312 893 αὐτὰ
1336 861 1378 893 τὰ
1399 861 1458 903 πρὸ
1482 863 1587 895 ποδῶν-

871 914 959 955 ὸρᾷν,
981 911 1073 953 apud
1103 911 1265 952 Xenoph.
1292 911 1335 942 de
1357 913 1445 953 Rep.
1473 912 1580 944 Lace—

871 963 974 995 daem.
991 971 1071 1004 pag.
1088 964 1122 993 2.
1135 960 1197 993 fol.
1214 965 1244 994 4.
1258 961 1419 993 editionis
1431 967 1558 994 n‘ostrae
1573 973 1584 997 t

871 1013 931 1045 nbi
958 1013 1061 1044 aliter
1098 1011 1222 1053 legisse
1254 1013 1360 1045 Dion.
1386 1012 1583 1054 Longinum

873 1063 1119 1095 adnotavimus.
1164 1061 1318 1094 Videtur
1349 1063 1454 1095 etiam
1480 1064 1584 1104 Papi-

872 1114 951 1145 nius
976 1112 1212 1145 Violantillam
1235 1112 1400 1154 effingere
1427 1113 1469 1145 ad
1496 1114 1582 1145 illud

870 1163 978 1196 Αἰδοῦς
987 1162 1116 1203 ἅγαλμα
1130 1162 1221 1206 quod
1240 1163 1389 1196 Pausan.
1407 1164 1440 1195 in
1454 1163 1583 1196 Atticis

872 1225 905 1257 p.
933 1217 1009 1247 103.
1026 1213 1148 1246 scribit
1169 1214 1213 1245 ab
1229 1213 1345 1245 Icario
1361 1218 1513 1246 erectam
1528 1213 1582 1245 fu-

870 1266 939 1298 isse
956 1264 1219 1305 Lacedaemone,
1235 1273 1275 1295 eo
1302 1264 1369 1296 loci
1394 1264 1453 1296 ubi
1471 1264 1582 1296 Pene—

872 1317 950 1358 lope
965 1314 1088 1357 rog'ata
1101 1315 1145 1347 ab
1160 1315 1237 1356 ipso
1255 1320 1356 1356 patre
1373 1319 1411 1347 ut
1427 1320 1584 1347 maneret

871 1377 987 1400 secum
1011 1368 1044 1399 in
1066 1368 1193 1410 patria,
1211 1368 1327 1399 velata
1342 1367 1445 1407 faeie,
1458 1366 1582 1407 αι’δημο·

871 1418 1020 1460 νέστατα,
1034 1420 1193 1462 Ulyssem
1209 1420 1318 1451 virum
1334 1419 1430 1461 sequi
1447 1420 1582 1452 maluit.

871 1470 971 1505 Quod
985 1469 1122 1502 oraculo
1133 1470 1259 1502 Genes.
1275 1479 1351 1511 cap.
1369 1479 1427 1502 ιιι.
1442 1479 1584 1511 respon-

871 1523 945 1563 det,
973 1521 1049 1563 πρὸς
1072 1520 1131 1553 τὸν
1154 1521 1249 1563 ἄνδρα
1274 1533 1333 1553 σου
1350 1521 1371 1560 ἦ
1399 1521 1584 1564 ἀποστροφή

871 1585 940 1606 σου.
999 1573 1079 1607 Jam
1110 1582 1193 1604 vero
1224 1573 1316 1614 quod
1348 1572 1461 1604 addit:
1500 1573 1584 1605 dulci

870 1624 1026 1667 probitate
1046 1623 1219 1663 rubentem,
1237 1622 1392 1655 excludit
1416 1623 1586 1663 δυσωπίαν,

873 1681 910 1708 et
947 1675 1060 1717 arguit
1104 1674 1239 1706 ruboris
1277 1675 1443 1714 originem
1482 1685 1585 1717 qnam

874 1728 983 1769 Greg.
999 1726 1087 1758 Naz.
1104 1726 1221 1757 multis
1238 1725 1363 1757 versib.
1377 1726 1535 1767 exponit,
1547 1726 1582 1757 in

874 1777 988 1809 Carni.
1005 1775 1096 1808 Κατὰ
1111 1775 1415 1817 Καλλωπιζομένων,
1427 1787 1507 1819 pag.
1522 1777 1584 1809 Gr.

874 1831 928 1861 13.
946 1832 982 1860 et
997 1831 1050 1860 ll.
1069 1830 1121 1861 12.
1148 1830 1202 1859 13.
1218 1827 1305 1860 edit.
1322 1831 1359 1859 et
1376 1827 1584 1869 interpreta-

873 1879 976 1910 tionis
992 1882 1136 1910 nostrae.
1151 1878 1279 1910 Morell.

916 1932 958 1962 13
977 1929 1070 1961 Coetu
1084 1928 1217 1969 Latino]
1231 1928 1395 1960 immixta
1410 1933 1585 1961 matrona-

875 1990 950 2012 rum
967 1984 1004 2012 et
1018 1979 1189 2021 virginum
1201 1980 1319 2012 coetui.
1363 1979 1451 2011 Mihi
1469 1984 1584 2012 tamen

872 2030 1040 2072 Papinius
1061 2029 1242 2070 scripsisse
1271 2029 1431 2081 vidgtur:
1465 2031 1585 2062 cinctu·

873 2091 932 2122 que
959 2080 1085 2113 Latino.
1139 2081 1187 2112 Ut
1220 2081 1390 2112 Venerem
1427 2080 1583 2112 habitum

874 2133 1065 2163 Romanum
1091 2130 1275 2163 adscivisse
1300 2131 1409 2164 dicat.
1455 2132 1585 2164 ‘Cinc-

874 2183 943 2215 tus'
954 2183 1045 2215 enim
1058 2183 1250 2215 universam
1261 2184 1459 2216 vestituram
1471 2185 1584 2226 desig-

874 2240 948 2276 nat,
978 2239 1015 2267 ut
1053 2244 1146 2276 saepe
1174 2235 1378 2268 Claudiano.
1426 2237 1435 2253 ‘
1453 2235 1584 2267 Genae'

874 2290 999 2318 notant
1016 2286 1144 2317 oculos.
1168 2285 1287 2318 Barth.

918 2339 958 2368 17
983 2336 1119 2368 Phoebus
1128 2339 1160 2367 et
1172 2336 1284 2378 Euan]
1307 2335 1435 2377 Apollo
1448 2340 1483 2367 et
1494 2336 1585 2368 Bac·

874 2387 957 2420 chus
984 2387 1111 2419 adsunt
1133 2386 1275 2429 Nuptiis
1292 2387 1425 2427 Stellae,
1441 2392 1479 2419 ut
1496 2386 1584 2418 Poe-

875 2443 921 2470 tae
959 2438 1184 2479 nobilissimo,
1228 2438 1373 2470 Poenica
1417 2439 1584 2479 Numina,

875 2488 965 2531 qnod
990 2489 1219 2530 notissimum,
1237 2494 1273 2521 et
1291 2484 1480 2531 antialia.
1525 2489 1583 2521 De

875 2539 1036 2581 Apolline
1062 2543 1192 2571 notum.
1237 2539 1329 2572 Quid
1360 2544 1478 2572 autem
1510 2540 1583 2572 sine

874 2589 965 2622 Viuo
981 2589 1098 2621 Venus
1116 2590 1127 2621 ?
1152 2590 1320 2622 Barthius.

918 2644 960 2673 18
988 2641 1118 2673 Volucer
1147 2640 1349 2684 Tegeaticus]
1366 2642 1584 2682 >Mercurius,

875 2690 934 2733 qui
955 2695 992 2723 et
1014 2691 1155 2723 volucer
1177 2697 1231 2723 est
1255 2692 1421 2724 talaribus
1441 2693 1523 2735 suis,
1548 2699 1584 2725 et

874 2741 1006 2782 Arcas3
1027 2751 1107 2773 nam
1133 2742 1171 2773 in
1195 2742 1349 2774 Arcadia
1379 2748 1433 2776 est
1458 2748 1583 2775 natus:

874 2793 991 2835 Tegea
1019 2791 1181 2825 Arcadiae
1210 2793 1398 2835 oppidum:
1427 2793 1519 2825 unde
1547 2799 1584 2825 et

874 2846 884 2862 ⁴
898 2844 1072 2887 Tegeum'
1094 2844 1194 2887 Virg.
1212 2845 1369 2886 deduxit,
1396 2849 1434 2876 et
1457 2845 1585 2885 ‘Tege-

875 2896 1006 2930 aticus'
1020 2896 1162 2931 dicitur.
1202 2897 1335 2940 Oppidi
1352 2897 1584 2930 meminerunt
