1846 3120
312 217 425 261 1538

308 323 374 366 At
391 324 547 366 Thetis
567 322 793 365 undisonis
811 334 888 376 per
907 326 1080 364 noctem
1102 323 1144 362 in
1166 323 1351 376 rupibus
1372 327 1537 375 astans,

310 390 425 442 Quae
443 394 547 431 nato
570 392 735 431 secreta
755 389 875 439 velit,
896 390 1053 443 quibus
1069 389 1226 431 abdere
1246 390 1372 431 terris
1395 380 1397 383 ’

308 456 529 505 Destinet,
549 455 651 505 huo,
672 455 795 505 illuc,
813 455 988 497 diversa
1005 459 1146 496 mente
1168 455 1345 498 volutat.

310 524 541 573 Proxima,
559 522 636 564 sed
655 521 815 563 studiis
832 522 1018 563 multum
1038 521 1278 572 Mavortia,
1298 522 1494 573 Thrace:

310 591 409 634 Nec
430 590 656 632 Macetum
675 601 781 643 gens
802 589 910 631 dura
930 589 1090 642 placet,
1106 589 1373 643 laudumque
1392 590 1535 631 daturi
1607 592 1690 618 >’·”’
1707 579 1748 618 ²st

310 655 571 711 Cecropidae
591 656 818 697 stimulos:
847 656 1025 696 nimium
1045 661 1294 709 opportuna
1312 657 1489 698 carinis·
1572 663 1576 665 ’

310 724 483 774 Sestos,
505 723 795 778 Abydenique
814 723 958 764 sinus:
990 723 1135 776 placet
1153 723 1215 764 ire
1232 735 1308 776 per
1324 723 1440 765 altas

311 789 555 844 Cycladas:
584 789 685 831 hinc
705 794 866 843 spretae
891 789 1124 843 Myconos,
1137 787 1397 842 humilisque
1413 788 1637 843 Seriphos,
1665 789 1750 832 205

806 229 843 259 P.
877 227 1065 266 PAPmn
1101 228 1267 260 STA'ru

310 903 356 935 At
371 903 480 935 Thetis
485 904 596 943 jacens
608 914 664 944 per
677 908 794 937 noctem
804 904 838 936 in
848 905 986 936 cautibus
998 904 1175 936 sonantibus
1187 904 1272 936 illisu
1279 905 1448 947 fluctuum,
1461 905 1555 936 volvit
1567 904 1668 936 animo
1681 915 1749 946 quae

309 949 428 976 secreta
433 946 507 987 filio
520 946 629 985 eligat,
643 946 753 991 'quibus
766 947 799 978 in
816 947 890 978 locis
902 947 990 978 illum
999 948 1176 978 occultaret.
1203 947 1314 978 Vicina
1325 951 1392 979 erat
1405 948 1547 986 Thracia,
1555 947 1610 979 sed
1619 946 1751 979 nimian

310 987 385 1018 beno
398 989 504 1020 dedita
512 988 630 1027 :ferox
641 989 728 1020 natio
742 989 947 1020 Macedonum
959 999 1020 1020 non
1031 990 1144 1029 placet,
1159 998 1212 1020 nec
1227 989 1431 1021 Athenienses
1443 989 1612 1021 excit-emi
1625 990 1666 1020 ud
1679 998 1751 1020 cen-

308 1031 492 1069 aequemlam
505 1031 635 1063 laudem.
671 1030 794 1066 Sestos,'
802 1041 913 1071 oraque
927 1030 1077 1072 Abydena
1091 1031 1220 1061 nimium
1235 1035 1309 1071 opta
1322 1031 1384 1062 reci
1409 1033 1416 1039 “
1481 1033 1487 1039 ’
1517 1030 1657 1062 maiheu
1690 1030 1752 1061 Ju-

309 1075 364 1102 vat
373 1081 554 1112 percurrere
567 1073 700 1105 excelsas
717 1073 868 1114 Cycladas
877 1083 890 1110 ;
912 1072 983 1104 hinc
997 1073 1156 1113 spernitur
1170 1073 1319 1114 Myconos
1332 1072 1364 1106 'et
1374 1083 1472 1115 parva
1486 1073 1648 1114 Seriphoeff
1658 1072 1751 1105 Lem-

1073 1155 1152 1168 “4st

312 1219 420 1251 Codd.
437 1220 676 1263 Lindenbrogii
691 1221 842 1253 inserunt
857 1230 865 1251 ε
889 1221 1033 1262 Explicit
1042 1220 1229 1253 Achilleidos
1242 1220 1446 1261 liberprimus
1453 1231 1466 1258 ;
1477 1229 1552 1255 cum
1563 1219 1627 1252 hoc
1644 1217 1752 1260 Argu-

314 1269 429 1294 mento
443 1274 451 1292 ε

610 1306 662 1337 Ad
674 1305 811 1346 placidas
824 1305 966 1345 deportat
979 1314 1073 1345 aquas
1089 1304 1196 1336 Thetis
1209 1304 1307 1336 anxia
1320 1307 1439 1337 nutum.

567 1347 694 1379 Pelides
708 1347 829 1379 blanda
843 1346 945 1377 renuit
955 1346 1120 1385 genitricis
1132 1346 1274 1378 amictus,

570 1388 733 1430 Scyriadis
747 1389 871 1420 tandem
891 1389 1015 1428 patitur
1027 1392 1184 1429 correptus
1198 1389 1236 1419 ab
1250 1389 1335 1428 igne.

567 1431 640 1462 Rex
656 1431 796 1465 Thetidis
807 1434 915 1462 natum
927 1430 1040 1470 recipit
1053 1429 1107 1466 sub
1121 1430 1259 1470 imagine
1273 1431 1373 1469 salsa.

312 1474 419 1504 -198
442 1471 561 1503 Codex
576 1473 762 1505 Gronovii:
785 1471 831 1503 At
842 1472 948 1504 Thetis
962 1472 1096 1503 undosis.
1123 1473 1212 1504 Vide
1230 1472 1311 1503 Not.
1325 1472 1516 1504 Van—2⁰0
1530 1471 1636 1513 Langl
1649 1471 1750 1505 Lanr.

312 1514 444 1545 Buslid.
468 1514 620 1554 Lipsian.
644 1515 744 1546 divisa
766 1518 866 1546 mente
890 1515 1125 1546 volutat.—-204
1149 1515 1266 1545 Burm.
1280 1515 1374 1554 juvat
1386 1514 1433 1547 ire
1444 1524 1501 1555 per
1513 1515 1606 1554 auae,
1620 1523 1662 1546 ex
1678 1514 1754 1545 Vir-

313 1557 508 1597 gilio—205
533 1557 611 1589 Nic.
627 1557 789 1589 Heinsius
801 1556 843 1587 ad
861 1556 962 1587 Ovid.
977 1555 1118 1587 Heroid.
1134 1556 1245 1596 Epist.
1257 1565 1337 1588 xxx.
1349 1559 1402 1589 81.
1417 1556 1559 1588 con'icit
1572 1555 1753 1598 legendum

278 1635 283 1640 ¹
313 1608 387 1630 esse
402 1608 410 1628 τ
435 1600 653 1640 Myconosque,
673 1599 853 1639 humilisque
878 1598 1032 1639 Seriphos.
1078 1598 1158 1639 Ejus
1186 1598 1381 1639 conjectura
1401 1607 1465 1631 con
1493 1601 1619 1630 rmatur
1632 1597 1751 1630 codice

963 1683 1108 1716 NOTAE

355 1749 418 1778 201
458 1746 620 1787 Proxima,
657 1748 711 1779 sed
738 1747 853 1779 studiis
879 1747 1008 1779 multum

314 1796 489 1837 Mavortia,
505 1796 635 1837 Thrace]
656 1797 805 1828 Thraces
821 1797 911 1831 enim
924 1805 1007 1827 sem-

314 1858 378 1889 per
394 1847 641 1879 bellicosissimi
655 1847 763 1879 habiti
776 1858 786 1879 ε
813 1846 904 1879 unde
919 1846 1007 1878 Poe-

311 1898 357 1929 tis
372 1897 468 1928 locus
490 1897 589 1928 datus
613 1901 665 1929 est
687 1896 836 1937 fingendi
858 1896 1008 1927 Martem

314 1945 465 1986 posuisse
503 1945 618 1976 sedem
657 1945 693 1976 in
726 1943 893 1983 Thracia;
929 1943 1008 1975 hinc

313 1996 324 2014 ⁴
339 1993 534 2027 Mavortia’
551 1994 688 2026 dicitur.

355 2047 419 2076 202
442 2043 615 2085 Macetum]
638 2044 681 2075 Id
695 2047 759 2085 est,
770 2043 1008 2075 Macedonum.

312 2094 519 2127 Macedonia
543 2094 633 2126 enim
656 2094 845 2135 antiquitus
865 2096 875 2112 ‘
890 2094 1008 2126 Mace-

314 2143 384 2176 tia’
410 2147 544 2177 vocata.
586 2143 786 2185 laudumque
814 2145 920 2176 daturi
950 2145 1008 2175 Ce-

310 2194 447 2235 cropidoe
459 2194 618 2239 stimulos]
641 2194 684 2226 Id
697 2198 759 2235 est,
772 2194 1007 2235 Athenienses,

312 2244 361 2276 sic
378 2243 463 2275 dicti
488 2253 508 2274 a
530 2243 760 2275 vetustissimo
781 2252 861 2283 rege
884 2243 1009 2274 Cecro-

313 2303 370 2334 pe.
432 2292 549 2324 Datur-i
577 2293 701 2324 laudum
726 2293 883 2333 stimulos]
920 2293 1010 2325 Quia

313 2342 541 2375 Athenienses
555 2352 622 2374 non
637 2343 741 2374 solum
756 2342 926 2383 praeclaris
939 2341 1009 2373 fac-

314 2393 368 2430 tis,
383 2392 444 2424 sed
460 2392 562 2424 etiam
582 2392 684 2424 dictis
707 2401 821 2424 omnes
847 2391 890 2423 ad
906 2391 1010 2424 virtu-

313 2447 383 2473 tem
400 2441 580 2473 excitaturi
596 2445 706 2473 erant.

355 2493 418 2522 203
444 2491 588 2522 Nimium
611 2495 781 2532 opportuna
802 2491 918 2523 carinis
940 2491 1009 2523 Ses-

313 2543 373 2579 tos,
387 2540 587 2582 Abydenique
599 2541 700 2581 sinus]
735 2541 849 2573 Sestos
867 2546 902 2573 et
916 2539 1009 2582 Aby-

269 2586 273 2589 '
314 2588 376 2620 dos
393 2588 435 2620 ad
452 2589 714 2631 Hellespontum
741 2590 814 2622 sitae
837 2594 928 2630 sunt,
953 2590 1011 2622 ubi

312 2638 347 2670 in
362 2638 474 2670 stadia
488 2644 621 2680 septem
644 2640 834 2681 stringitur,
849 2645 885 2672 et
902 2640 1007 2671 Euro-

314 2698 394 2730 pam
415 2688 457 2720 ab
474 2688 558 2720 Asia
573 2690 714 2722 dividit:
752 2690 889 2731 Abydos
915 2689 1007 2721 Asiae

313 2743 377 2780 est,
391 2740 503 2771 Sestos
522 2739 680 2781 Europae,
695 2739 738 2772 de
755 2739 876 2782 quibus
890 2748 1007 2771 consu·

1061 1747 1094 1778 le
1119 1746 1323 1779 Strabonem
1348 1747 1405 1780 lib.
1423 1756 1507 1780 xm.
1551 1747 1608 1780 De
1626 1746 1752 1788 iisjam

1061 1796 1186 1836 saepius
1215 1796 1370 1830 diximus.
1415 1797 1596 1838 Opportuna
1622 1796 1754 1838 carinis]

1062 1846 1127 1877 Vel
1156 1845 1200 1877 ob
1230 1851 1347 1886 portus
1384 1846 1668 1886 commoditatem,
1698 1847 1754 1878 vel

1062 1894 1152 1936 quod
1177 1895 1369 1936 navigaturi
1398 1895 1512 1927 Graeci
1541 1894 1583 1926 ad
1607 1894 1755 1935 Trojam,

1061 1944 1119 1975 illo
1145 1943 1258 1975 forsan
1288 1944 1512 1985 appellerent,
1538 1943 1627 1975 unde
1651 1942 1754 1975 facile

1061 1993 1150 2025 scire
1167 1994 1370 2034 potuissent,
1386 2003 1428 2025 an
1445 1992 1594 2025 Achilles
1607 1992 1656 2025 ibi
1668 1992 1753 2026 late-

1061 2047 1127 2083 ret,
1142 2043 1170 2074 si
1185 2043 1263 2075 illuc
1278 2042 1529 2084 deportaretur.

1104 2095 1167 2124 204
1189 2092 1298 2133 Altos]
1332 2092 1372 2123 Id
1399 2096 1465 2131 est,
1493 2091 1692 2133 eminentes,
1716 2096 1755 2124 et

1062 2151 1136 2182 quae
1153 2145 1295 2182 propter
1310 2140 1516 2184 editissimos
1539 2145 1670 2172 montes
1684 2140 1754 2172 lon-

1061 2200 1104 2231 ge
1118 2190 1374 2230 conspiciuntur
1389 2200 1408 2221 a
1423 2189 1670 2230 navigantibus.

1103 2243 1165 2272 205
1192 2240 1359 2281 Cycladas]
1387 2239 1554 2280 Cyclades
1572 2244 1649 2278 sunt
1665 2239 1754 2271 insn-

1061 2290 1104 2321 1ae
1122 2289 1156 2320 in
1178 2289 1262 2320 mari
1281 2289 1409 2330 AEgaeo,
1423 2289 1471 2320 sic
1490 2288 1595 2319 dietoe
1610 2287 1699 2329 quod
1718 2288 1754 2319 in

1062 2338 1179 2370 orbem
1202 2338 1383 2380 objacent:
1415 2337 1660 2379 qninquaginta
1684 2341 1753 2370 tres

1063 2398 1202 2420 numero
1224 2391 1313 2419 sunt.
1358 2388 1446 2419 Vide
1470 2388 1576 2421 Theb.
1599 2397 1657 2421 ιιι.
1679 2391 1754 2421 438.

1062 2437 1226 2479 Myconos]
1250 2439 1327 2470 Una
1341 2447 1359 2469 e
1381 2438 1597 2478 Cycladibus.
1640 2439 1756 2471 Humi-

1063 2488 1161 2529 lisque
1174 2487 1337 2528 Seriphos]
1371 2487 1531 2529 Seriphos
1552 2497 1619 2520 una
1641 2498 1660 2520 e
1687 2489 1754 2530 Cy-

1064 2537 1228 2579 cladibus.
1272 2537 1427 2578 Humilie]
1450 2538 1513 2570 Vel
1535 2538 1613 2580 quia
1627 2547 1753 2579 parva:

1065 2591 1103 2619 ut
1124 2587 1319 2621 Juvenalis:
1350 2588 1553 2629 ‘Parvaque
1578 2587 1719 2629 Seripho
1733 2588 1756 2627 ;'

1059 2647 1135 2669 nam
1145 2638 1217 2679 ejus
1230 2637 1386 2679 ambitus,
1392 2641 1481 2670 teste
1492 2637 1620 2676 Plinio,
1628 2637 1754 2669 duode-

1061 2687 1126 2719 cim
1142 2690 1271 2719 tantum
1285 2687 1425 2720 millium
1441 2696 1600 2728 passuum
1614 2690 1679 2727 est,
1694 2692 1754 2718 aut

1062 2746 1097 2769 re
1127 2746 1207 2770 vera
1235 2737 1381 2779 abjecta,
1410 2741 1446 2770 et
1484 2746 1604 2779 parum
1632 2735 1752 2776 seraxg
