1846 3120
34 214 65 245 ὦ

9 0 84 122 ffi

628 216 970 249 Acntnnmnos
1005 218 1103 250 mn.
1137 219 1172 249 1.
1519 205 1632 252 1559

164 311 373 368 Impellat
390 315 584 356 mortes:
613 316 884 366 tenuantque
902 310 1130 354 humentia
1150 323 1268 354 saxa

163 379 346 431 Attrita,
366 385 412 423 et
429 379 564 434 nigris
581 379 749 423 addunt
762 379 1050 421 mucronibus
1070 380 1174 421 iras.
1545 378 1633 422 435

163 447 265 492 Nec
283 447 459 499 modus,
478 454 556 492 aut
574 460 705 491 arcus
723 447 912 498 lentare,
933 450 1012 488 aut
1030 446 1212 490 fundere
1230 447 1429 502 glandes,

161 514 256 559 Aut
271 519 432 559 ton-ere
451 516 604 568 sudes,
621 516 860 570 galeasque
880 514 1086 557 attollere
1104 515 1245 558 conis.

107 612 115 618 ,
163 582 267 626 Hos
286 583 400 625 inter
419 587 566 626 motus
586 583 757 638 pigram
772 582 909 636 gemit
929 596 1008 625 ora
1028 583 1226 638 quietem

159 649 411 701 Thessalis,
423 655 471 692 et
488 649 676 704 geminis
691 651 868 705 incusat
885 650 981 697 fata
1001 650 1213 704 querelis,

154 715 298 768 ‘Quod
317 718 467 760 senior
491 717 667 769 PeleuS,
686 730 770 760 nec
791 717 937 760 adhuc
953 722 1152 760 maturus
1167 716 1387 760 Achilles.
1541 718 1629 760 440

158 784 265 828 Iam
287 784 473 840 Pelopis
493 789 633 827 terras
655 783 932 839 Graiumque
951 784 1222 827 exhauserat
1239 785 1394 826 orbem

114 846 118 850 ’
161 851 490 908 Praecipitans‘
476 865 524 894 m
545 856 736 895 transtra
755 853 875 894 viros
901 852 1088 894 insanus
1108 863 1336 906 equosque

160 919 468 974 Bellipotens:
497 907 668 962 fervent
685 924 853 975 portus,
874 928 920 961 et
937 922 1101 974 operta
1109 920 1270 961 carinis

159 987 343 1042 Stagna,
365 999 562 1042 suasque
582 987 763 1042 hyemes
783 986 948 1028 classis
969 990 1186 1041 promota,
1205 999 1402 1041 suosque

159 1053 343 1096 Attollit
360 1054 548 1098 fluctus:
578 1055 723 1110 ipsum
736 1054 834 1107 jam
849 1055 1079 1109 puppibus
1100 1067 1254 1108 aequor
1539 1054 1624 1096 445

157 1115 337 1173 Deficit,
355 1126 402 1164 et
419 1126 542 1164 totos
561 1115 827 1164 consumunt
847 1123 1034 1164 carbasa
1053 1127 1223 1164 ventos.

156 1188 310 1232 Prima
326 1193 446 1232 rates
469 1189 653 1233 Danaas
672 1190 891 1233 Hecateia
911 1194 1152 1245 congregat
1173 1189 1317 1240 Aulis,

156 1297 255 1331 terent
267 1300 375 1332 letum.
420 1263 466 1332 Et
487 1299 672 1332 minuuntur
693 1299 810 1331 attritu
831 1299 1015 1339 madefizctoe
1039 1302 1134 1338 cotes,
1156 1303 1187 1332 et
1211 1298 1363 1339 adiicitur
1375 1296 1459 1330 acies
1473 1293 1625 1328 hebetatis

154 1341 341 1383 cuspidibus.
386 1343 455 1375 Nec
475 1346 607 1383 cessant,
629 1345 686 1374 aut
707 1351 836 1374 curvare
859 1352 965 1382 arcus,
986 1346 1041 1375 aut
1067 1342 1205 1383 conflare
1224 1342 1356 1382 glandes
1377 1340 1550 1382 plumbeas,
1569 1339 1627 1368 aut

152 1393 314 1424 praeurere
336 1386 440 1426 eudes,
458 1390 515 1418 aut
536 1386 680 1418 attollere
704 1386 838 1417 cassides
861 1385 980 1417 additis
1005 1385 1124 1418 cristis.
1167 1385 1259 1417 Inter
1283 1384 1337 1415 hos
1362 1384 1513 1415 tumultus
1535 1380 1625 1419 regio

160 1426 336 1460 nen-alim
349 1429 432 1461 dolet
446 1430 485 1461 de
497 1438 553 1460 sua
567 1429 682 1475 quiete,
702 1431 734 1459 et
748 1428 891 1469 queritur
901 1430 939 1460 de
945 1428 1042 1468 fatis,
1055 1428 1179 1477 duplici
1186 1437 1290 1466 causa,
1302 1427 1384 1468 quod
1399 1426 1515 1458 Peleus
1529 1432 1626 1457 senex

154 1468 200 1503 {it
221 1473 330 1509 aetate,
350 1481 408 1503 nec
420 1470 560 1504 Achilles
573 1472 666 1513 aptus
676 1471 777 1502 adhuc
787 1472 829 1503 ad
844 1470 967 1503 bellum.
1010 1471 1089 1502 Jam
1105 1470 1250 1509 furiosus
1265 1470 1359 1502 Mars
1372 1470 1561 1501 vacuaverat
1576 1469 1623 1497 to-

156 1515 223 1544 tam
235 1514 489 1555 Peloponnesum,
502 1517 535 1547 et
547 1514 718 1552 Gra-iuni,
729 1513 891 1555 impellens
901 1514 1020 1546 milites
1033 1518 1065 1546 et
1080 1524 1171 1555 equos
1185 1514 1220 1546 in
1232 1512 1372 1546 tabulata
1381 1512 1519 1543 navium.
1543 1510 1624 1542 Por-

156 1557 209 1587 tus
222 1557 392 1598 replentur,
407 1561 437 1589 et
449 1567 536 1607 aquoe
549 1561 700 1597 teguntur
709 1556 860 1589 navibus.-
876 1560 908 1588 et
920 1566 1089 1597 progressa
1104 1557 1211 1589 classis
1225 1555 1324 1596 erigit
1337 1555 1436 1586 undas
1449 1553 1538 1595 quasi
1551 1561 1624 1593 pro-

154 1598 245 1630 cella.
288 1599 396 1640 Ipsum
409 1598 572 1639 mareiam
582 1609 642 1631 non
657 1599 741 1640 capit
751 1609 855 1637 naves,
870 1602 901 1631 et
916 1601 986 1632 cela
1000 1600 1148 1631 hauriunt
1162 1609 1265 1631 omnes
1274 1601 1404 1630 ventos.-
1425 1597 1519 1629 Aulis
1532 1604 1622 1627 sacra

154 1640 279 1679 Hecate
296 1642 400 1683 prima
410 1642 495 1684 cogit
509 1652 602 1675 naves
613 1643 756 1680 Graeca,
778 1642 871 1675 Aulis
895 1643 986 1682 longe
1007 1646 1190 1684 exporrecta
1212 1642 1247 1674 in
1261 1650 1345 1674 mare
1361 1640 1536 1672 Euboicum
1550 1649 1618 1671 sco·

757 1726 776 1738 O
983 1726 1004 1738 0

154 1780 188 1812 in
205 1779 352 1813 Advers.
369 1780 428 1815 lib.
444 1790 497 1813 w.
522 1790 600 1823 cap.
615 1783 646 1814 8.
662 1791 698 1824 p.
721 1784 798 1814 5⁷8.
820 1785 950 1814 tenuant
976 1782 1151 1820 tumentia‚·
1182 1781 1239 1813 ille
1262 1790 1344 1813 vero
1360 1779 1469 1820 legit:
1493 1782 1622 1811 tenuant

153 1824 299 1856 acuentia
317 1826 523 1875 same-4³5·
538 1823 636 1856 Idem
666 1824 827 1857 Heinsius
843 1825 928 1857 ibid.
943 1834 987 1857 ex
1012 1824 1217 1856 membranis
1234 1824 1303 1856 suis
1320 1823 1445 1856 malit:
1467 1826 1499 1854 et
1521 1822 1623 1863 pigris

152 1866 272 1899 «daune
293 1866 490 1900 mucronibus
509 1866 597 1899 im:
619 1867 670 1900 ita
683 1867 813 1900 habent
834 1868 940 1899 etiam
970 1869 1062 1900 Dan.
1079 1868 1162 1901 Put.
1187 1868 1314 1899 PetaV.
1337 1865 1569 1906 Lindenbrog.
1585 1870 1623 1896 et

153 1908 364 1946 crum-44⁸
380 1910 469 1943 Exe.
483 1910 591 1952 Bai-g.
604 1914 636 1942 et
649 1913 738 1952 apta,
752 1910 775 1943 i.
787 1920 817 1946 e,
833 1914 919 1964 apta,
927 1911 982 1943 vel
996 1913 1226 1952 operm-444
1242 1908 1347 1942 Aldd.
1361 1908 1472 1942 Colin.
1486 1908 1617 1950 Gryph.

811 2000 964 2034 NOTAE

196 2068 262 2099 484
287 2065 489 2108 Teuuantque
508 2066 669 2099 humatio
692 2076 772 2099 saxa
794 2066 856 2098 At·
957 2069 1020 2099 441
1048 2065 1174 2107 Pelopis
1188 2064 1307 2106 terras]
1330 2063 1623 2105 Peloponnesum,

152 2117 249 2159 tritu]
278 2116 384 2149 Molae
406 2117 499 2150 enim
521 2121 558 2149 et
584 2122 682 2150 cotes
705 2121 858 2149 atterun-
912 2126 934 2148 a
954 2117 1086 2158 Pelope
1109 2116 1159 2148 sic
1188 2120 1360 2149 vocatum.
1407 2115 1545 2147 Graium
1568 2125 1619 2147 or-

153 2174 223 2210 tur,
233 2168 314 2200 dum
328 2171 500 2200 acuuntur
515 2167 631 2210 gladii.
913 2166 994 2208 bem]
1017 2166 1200 2199 Graeciam.

192 2220 257 2251 ⁴26
281 2217 370 2259 Irae]
401 2217 445 2250 Id
461 2222 528 2255 est,
553 2219 676 2256 aciem.
691 2227 759 2260 qua
771 2227 858 2260 pun·
953 2219 1017 2249 445
1041 2217 1162 2258 AEquor
1176 2215 1313 2259 Deficit]
1325 2215 1539 2258 Hyperbole,
1551 2226 1620 2258 qua

149 2273 245 2312 gant,
257 2273 294 2301 et
306 2273 451 2301 mortem
465 2267 625 2301 inferant.
911 2267 1071 2309 designat
1086 2266 1338 2299 multitudinem
1354 2266 1504 2298 navium.

191 2321 259 2352 486
279 2319 424 2352 Fundere
448 2319 598 2361 glandes]
632 2319 687 2351 Ex
715 2318 855 2361 plumbo
951 2321 1014 2351 447
1058 2317 1208 2359 Danaos]
1243 2318 1404 2350 Graecas.
1464 2317 1621 2350 Hecateia

147 2369 340 2414 liquefacto
353 2369 468 2404 facere
482 2374 519 2403 et
538 2368 688 2403 conflare
699 2369 853 2411 glandes.
907 2369 1018 2411 Aulis]
1039 2368 1138 2401 Aulis
1153 2373 1272 2410 portus
1286 2368 1445 2409 Boeofiae,
1462 2368 1521 2401 ubi
1532 2370 1618 2401 clas-

151 2430 235 2464 quas
250 2420 355 2463 prisci
370 2419 479 2453 funda
488 2420 682 2463 jaciebant.
908 2420 954 2452 sis
971 2420 1173 2453 Graecorum
1190 2419 1299 2461 primo
1321 2418 1520 2451 consedisse
1534 2419 1620 2452 dici-

152 2483 156 2486 ·
190 2473 256 2505 487
277 2471 346 2504 Aut
371 2475 491 2504 torrere
516 2471 621 2513 mdes]
645 2471 742 2504 Palis
763 2471 854 2503 enim
907 2475 976 2505 tur.
1019 2470 1191 2511 Hecateia]
1215 2469 1258 2502 Id
1274 2474 1341 2511 est,
1356 2470 1480 2503 Dianae
1496 2480 1619 2503 conse-

149 2520 282 2554 uductis
308 2521 342 2552 in
370 2521 465 2554 bello
495 2521 685 2564 utebantur
710 2522 853 2564 antiqui.
909 2523 1031 2560 crata3
1048 2531 1125 2553 nam
1143 2521 1176 2552 in
1195 2520 1320 2553 Aulide
1336 2520 1448 2553 Diana
1464 2521 1618 2554 habehat

148 2571 337 2613 Virgilius:
362 2571 373 2588 ‘
384 2571 527 2604 Certant
536 2570 631 2604 ferro
642 2571 852 2614 sudibusque
907 2573 1073 2614 templum
1090 2571 1364 2612 celeberrimum,
1378 2573 1496 2604 multis
1506 2582 1616 2605 saecu·

149 2620 333 2664 privastis?
376 2621 507 2654 Noster
535 2621 648 2655 Theb.
675 2631 727 2655 ιν.
761 2623 852 2655 ‘His
907 2624 948 2657 lis
971 2628 1053 2655 aute
1071 2623 1255 2664 'frojanam
1278 2621 1550 2664 expeditionem,
1580 2627 1618 2655 ut

146 2672 218 2705 tela
231 2671 357 2705 sudes!
403 2673 578 2715 cutemque
588 2674 735 2706 attollere
750 2674 853 2716 conis]
908 2674 1017 2707 refert
1044 2674 1193 2715 Plinius,
1213 2671 1482 2714 exaedificatum,
1505 2679 1542 2706 et
1569 2675 1618 2706 lu-

143 2722 299 2764 Mujores
321 2722 412 2756 enim
441 2723 557 2756 cristis
589 2729 760 2767 apparent
794 2735 854 2767 ga·
908 2735 984 2758 cum
1001 2725 1034 2756 in
1048 2734 1116 2768 quo
1128 2723 1365 2766 Agamemnon
1377 2733 1514 2756 cervam
1531 2724 1616 2756 Dia-

151 2772 230 2805 leae.
908 2785 961 2809 nae
977 2785 1109 2809 sacram
1127 2773 1296 2816 confodit,
1313 2784 1374 2817 pro
1393 2785 1458 2818 qua
1473 2781 1614 2808 coaetus
