1858 3112
232 223 348 269 1722

234 334 386 364 nostram
402 329 437 362 in
461 338 509 360 vs.
533 331 586 361 19.
631 327 792 360 Soterior.
815 331 854 359 ut
878 326 935 359 illa

235 379 457 413 Ciceroniana
468 388 476 408 ε
489 378 498 395 ‘
512 378 589 409 Non
603 376 711 408 dicam
720 377 935 409 animihomi-

234 438 329 467 num,
358 428 418 460 sed
442 426 525 459 fasti
554 427 615 459 ulli
637 425 729 458 ferre
759 430 898 468 possunt
910 425 934 457 ?’

235 479 330 511 Fasti
345 487 446 520 porro
471 477 622 518 gaudent
644 486 720 517 cum
738 481 860 508 notant
875 486 935 517 op-

235 528 356 560 timum
373 528 476 560 Cons.
492 526 684 568 gubernare
707 527 829 568 Remp.
855 526 935 558 Fas-

236 582 348 610 torum
364 576 455 609 enim
475 581 542 615 est,
556 581 593 608 ut
614 576 778 608 bonorum
792 577 937 618 civium,

235 627 273 660 οὔ
286 627 346 666 τὴν
365 626 446 668 μετὰ
458 628 551 667 σιγῆς
572 626 682 666 ἡδονὴν
701 627 839 668 ἥδεσθαι,
853 627 938 660 ἀλλὰ

236 678 390 719 nal-ubyq-
407 679 607 718 μηνῦσαι,ιιῐ
629 678 749 711 Liban.
769 678 886 711 scribit
901 679 936 710 in

234 729 407 770 Panegyr.
429 729 555 761 Morell.
905 736 907 739 ·

278 782 321 811 22
337 779 382 811 Et
391 782 559 820 properata
573 781 647 819 tuae,
663 779 734 820 ὅκκ]
749 778 936 819 Pei-peram

235 830 346 862 locum
353 829 443 861 hunc
454 830 699 872 interpretatus
708 832 763 861 est
770 829 938 870 Princeps

237 880 357 912 harum
404 880 596 912 litterarum
634 879 856 911 Casaubonus
894 879 937 911 ad

237 929 392 962 Suetonii
409 929 596 962 Octavium
611 932 760 972 capum.
783 929 840 962 ubi
857 939 937 971 pro-

237 980 322 1012 bare
337 980 458 1012 nititur
480 984 593 1012 vestes
615 979 771 1012 forenses
795 989 815 1011 a
829 978 938 1011 foemi-

237 1030 291 1063 nis
314 1030 422 1062 fuisse
448 1035 640 1063 contextas.
684 1029 809 1071 ‘Apud
834 1029 939 1062 Stati·

239 1080 322 1122 um,’
337 1081 462 1123 inquit,
489 1082 498 1099 ‘
511 1090 561 1114 iv.
587 1081 682 1122 Sylv.
709 1084 808 1121 optat
831 1080 939 1112 Roma

237 1131 406 1173 Imperat.
432 1131 655 1163 Domitiano:
700 1131 710 1149 ‘
735 1132 793 1163 Da
816 1130 940 1171 gaudia

238 1181 353 1213 Fastis
370 1181 560 1213 continua:
582 1182 643 1213 hos
659 1181 816 1212 humeros
831 1181 939 1212 multo

238 1231 332 1262 sinus
350 1230 476 1262 ambiat
492 1235 596 1271 ostro,
607 1231 652 1262 Et
668 1234 855 1271 properata
869 1234 939 1262 tuas

238 1280 395 1312 manibus
409 1285 582 1321 praetexta
593 1279 783 1312 Minervae.'
825 1279 942 1320 Ecce‚’

239 1330 363 1373 inquit,
382 1331 391 1349 ‘
405 1336 505 1372 optat
529 1336 564 1362 nt
579 1330 759 1372 quotannis
774 1328 836 1362 fiat
850 1330 938 1362 Con-

240 1380 306 1420 sul,
333 1385 371 1412 et
399 1389 534 1421 semper
558 1379 729 1412 consulari
754 1383 938 1420 praetexta‚

238 1430 393 1463 manibus
413 1431 526 1462 uxoris
543 1429 714 1471 confecta,
730 1429 937 1463 decoretur!

240 1479 330 1512 Haec
354 1481 431 1513 ille:
466 1490 509 1512 ex
534 1481 656 1522 quibus
672 1481 813 1520 clarum,
828 1481 938 1521 ipsum

241 1540 305 1572 per
321 1533 330 1549 ‘
345 1531 537 1562 Minervam
550 1530 558 1544 '
582 1531 637 1563 liic
653 1531 842 1563 Domitiani
858 1541 939 1563 uxo·

240 1590 313 1614 rem
344 1582 566 1622 intellexisse,
595 1581 688 1623 quod
713 1581 834 1613 falsum
861 1586 914 1614 est
929 1592 938 1612 ε

240 1631 444 1672 simpliciter
458 1632 546 1663 enim
564 1633 733 1672 Minerva,
748 1641 809 1664 scu
826 1633 939 1664 Pallas

240 1682 320 1715 Dea
336 1682 560 1723 intelligenda
576 1689 643 1722 est,
658 1693 757 1724 quam
775 1682 938 1724 supersti-

240 1732 328 1765 tiose
344 1733 557 1764 Domitianus
569 1734 686 1765 coluit.
731 1734 829 1765 Unde
846 1738 939 1765 recte

241 1782 355 1815 Poeta
370 1786 432 1815 tuae
448 1782 588 1824 adjecit,
602 1783 635 1814 id
649 1788 714 1823 est,
726 1783 803 1815 'ribi
821 1783 938 1816 addic-

239 1837 285 1865 tae
302 1838 338 1865 et
354 1832 510 1865 faventis.
554 1833 748 1874 Xiphilinus
770 1834 938 1866 Domitia-

240 1893 285 1915 no
297 1894 305 1915 :
322 1883 397 1915 Τεὸν
410 1882 472 1924 ’γὰρ
485 1882 544 1921 τὴν
555 1883 686 1922 Ἀθηνᾶν
700 1884 731 1916 ἐς
743 1883 786 1916 τὰ
798 1883 939 1924 μάλιστα

240 1933 374 1974 ἥγαλλε,
390 1933 504 1965 nebda&
518 1935 610 1965 τοῦτο
625 1933 676 1965 καὶ
690 1934 731 1966 τὰ
742 1936 940 1973 Παναθηναῒα

239 1984 385 2026 μεγάλως
406 1985 551 2026 ἑώρτασε.
595 1986 774 2018 Minervam
786 1985 940 2027 praecipue

240 2048 281 2070 ex
305 2037 446 2069 omnibus
467 2037 545 2069 Diis
568 2038 676 2078 coluit,
694 2041 786 2078 atque
811 2038 847 2069 ob
871 2048 940 2070 eam

239 2099 363 2121 causam
375 2088 576 2130 quinquatria
586 2089 750 2131 magnifice
764 2088 941 2120 celebravit.

241 2139 385 2172 Gevart.

282 2193 324 2222 25
355 2189 501 2222 Moribus
528 2193 621 2231 atque
649 2190 724 2227 tuis,
751 2189 821 2231 fisa]
860 2189 940 2221 Non

242 2251 358 2274 omnes
374 2241 529 2282 capiunt,
543 2250 647 2282 quare
671 2239 806 2271 moribus
824 2240 941 2271 Domi-

242 2291 327 2324 tiani
343 2291 490 2333 gaudere
508 2295 632 2331 patres,
645 2290 806 2331 equitem,
819 2293 856 2321 et
871 2290 941 2331 ple-

241 2341 319 2373 bem
329 2341 421 2372 dicat
437 2339 614 2381 Papinius,
637 2339 853 2380 Interpretes
868 2349 941 2371 mu-

241 2393 282 2433 ti,
296 2402 360 2424 nec
375 2390 560 2423 defuerunt
575 2389 763 2421 doctissimi
777 2389 940 2431 homines,

243 2443 303 2484 qui
318 2452 378 2473 nos
393 2445 598 2473 monuerunt
610 2439 848 2472 scribendum:
865 2440 941 2472 Mu⁴

241 2493 423 2533 aeribusque
438 2491 512 2523 tuis.
549 2490 679 2523 Quibus
695 2495 734 2522 ut
747 2500 810 2531 pro
827 2499 942 2522 amore

242 2543 437 2584 meritoque
461 2551 521 2573 suo
549 2541 615 2572 alia
642 2540 753 2572 omnia
766 2540 942 2582 cedimus3

242 2593 292 2625 ita
307 2602 372 2624 non
389 2597 545 2633 putamus
562 2600 624 2632 per
638 2591 728 2622 hunc
746 2592 857 2622 locum
873 2600 942 2622 me-

244 2642 331 2674 dicis
348 2651 420 2674 esse
437 2642 555 2673 licere.
576 2641 613 2673 Si
628 2641 710 2672 nihil
725 2640 829 2677 aliud,
846 2645 942 2672 certe

243 2693 347 2733 digna
366 2692 439 2723 laus
464 2691 473 2708 ‘
487 2689 635 2722 morum’
657 2691 806 2723 Consule
829 2690 942 2722 simul-

244 2752 310 2785 que
325 2743 552 2784 Imperatore,
575 2744 697 2782 utpote
720 2751 740 2773 a
761 2741 859 2783 cujus
872 2750 941 2773 mo-

245 2793 338 2827 n‘bus
350 2792 454 2826 seculi
467 2791 596 2835 pendet
608 2790 812 2835 felicitas,et
823 2792 857 2824 in
872 2801 941 2824 om-

690 233 832 265 NOTAE
863 232 1086 266 VAMORU
1095 234 1129 264 M
1163 232 1216 266 m

982 336 1043 359 nes
1065 327 1256 369 exemplum
1280 327 1463 369 spargitur.
1508 328 1608 362 Quod
1628 330 1683 362 se»

984 378 1112 421 quitur,
1127 380 1281 420 lucemque
1295 389 1314 410 a
1329 381 1452 412 consule
1466 381 1554 413 ducit
1570 382 1682 414 Omnis

983 429 1080 462 honor
1091 435 1147 461 est
1170 438 1214 461 ex
1230 430 1336 462 Mart.
1361 440 1480 463 omnes
1504 428 1681 472 magistra-

985 483 1040 511 tus
1055 480 1176 512 vivunt
1189 479 1316 512 sanctis
1336 480 1484 512 moribus
1500 480 1685 522 Principis.

984 529 994 548 ‘
1007 530 1134 561 Lucem
1150 528 1277 562 ducere
1287 528 1297 543 '
1321 533 1374 562 est
1395 529 1551 562 amittere
1565 529 1684 562 sordes

985 583 1022 611 et
1035 579 1121 611 vitia
1135 578 1304 619 ordinum,
1321 579 1534 622 nitoremque
1545 579 1684 612 virtutis

985 634 1022 662 et
1036 639 1168 662 morum
1191 630 1328 662 trahere
1351 630 1394 662 ab
1417 630 1574 672 exemplo
1595 630 1684 663 eon·

986 681 1069 712 sulis
1106 680 1342 721 Imperatoris.
1405 679 1494 711 Vide
1530 679 1685 712 Grouors

985 731 1096 762 Diatr.
1112 740 1187 772 cap.
1202 733 1255 762 87.
1288 730 1437 762 Gaudent
1449 733 1616 771 turmaeque
1625 730 1686 762 tri-

986 780 1112 822 busque,
1126 780 1196 822 ὁμὴ]
1212 780 1390 820 Senatum,
1407 779 1612 822 Equites,‹et
1625 787 1687 820 po'-

987 831 1101 872 pulum
1113 834 1224 871 notat,
1232 834 1271 863 ut
1282 830 1408 862 nemini
1416 829 1608 871 ambignum
1620 840 1630 862 ι
1646 830 1686 862 il-

986 880 1044 912 lud
1061 890 1127 912 non
1152 879 1391 921 negligendum
1411 879 1600 920 juventuti,
1624 888 1686 920 per

987 930 1088 963 tribus
1102 931 1209 962 solum
1227 930 1390 971 populum
1405 929 1591 971 designari.
1627 929 1685 962 sie

987 985 1023 1012 et
1040 981 1078 1012 L.
1096 981 1216 1012 Florus
1232 980 1291 1012 lib.
1302 988 1345 1012 ιι.
1357 990 1433 1020 cap.
1443 982 1477 1011 6.
1513 978 1610 1012 Alias
1626 979 1688 1011 tri·

988 1030 1090 1062 buum
1115 1030 1346 1071 appellatione
1369 1029 1484 1062 infima
1507 1029 1603 1071 plebs
1630 1039 1688 1062 ve·

988 1081 1052 1122 nit,
1081 1090 1155 1122 quae
1186 1085 1222 1112 et
1250 1090 1271 1112 a
1300 1081 1427 1122 populo
1455 1079 1688 1122 distinguitur.

988 1130 1140 1163 Martial.
1156 1130 1216 1162 lib.
1232 1139 1313 1162 vm.
1336 1133 1345 1148 ‘
1360 1130 1432 1162 Dat
1453 1129 1611 1171 populus,
1625 1129 1687 1162 dat

989 1184 1108 1221 gratus
1132 1189 1248 1222 eques,
1263 1179 1324 1212 dat
1351 1180 1450 1213 thura
1475 1182 1624 1221 senatus,
1641 1180 1688 1212 Et

988 1232 1095 1264 libant
1111 1232 1217 1264 Latiae
1232 1231 1334 1263 tertia
1343 1231 1430 1262 dona
1444 1230 1575 1263 tribus.’
1599 1230 1687 1263 Inde

990 1282 1115 1314 tribulis
1135 1291 1195 1323 pro
1223 1281 1440 1322 pauperrimo
1463 1280 1555 1321 apud
1578 1279 1688 1312 Hora·

989 1332 1087 1373 tium,
1101 1331 1313 1371 Martialem,
1329 1335 1364 1362 et
1378 1330 1470 1363 alios.
1493 1330 1650 1362 Bernart-

1031 1385 1074 1414 38
1097 1381 1304 1414 Revocabitur
1328 1390 1384 1412 ara
1406 1379 1562 1422 parentis]
1595 1379 1688 1412 Nihil

990 1433 1126 1474 certius,
1150 1443 1251 1475 quam
1280 1431 1531 1473 corrigendum,
1555 1435 1594 1463 ut
1621 1431 1687 1462 viri

989 1483 1082 1515 docti
1095 1486 1324 1515 censueruntx
1348 1481 1542 1514 revocabitur
1554 1491 1612 1513 ara
1628 1481 1688 1513 Ta—

987 1532 1082 1565 renti.
1127 1533 1184 1564 Sic
1216 1541 1243 1564 1.
1271 1532 1366 1572 Sylv.
1393 1531 1558 1563 Soteriis:
1595 1529 1690 1563 *Aut

989 1584 1168 1616 instaurati
1205 1582 1400 1624 peccaverit
1427 1591 1488 1613 ara
1523 1580 1690 1614 Tarenti.'

991 1635 1207 1666 Domitianus
1230 1633 1331 1675 paulo
1350 1638 1431 1664 ante
1453 1632 1552 1665 ludos
1573 1632 1690 1664 Saena-

989 1686 1077 1717 lares
1093 1684 1341 1717 celebraverat.
1369 1683 1391 1716 J
1396 1692 1478 1715 anus
1494 1682 1562 1720 hic,
1578 1682 1689 1714 adhue

991 1736 1100 1767 altero
1116 1738 1189 1766 toto
1215 1733 1341 1765 saeculo
1363 1732 1604 1780 Domitiauung
1620 1732 1689 1764 vic-

990 1789 1103 1817 turum
1125 1784 1286 1825 spondet,
1311 1783 1362 1815 ita
1387 1789 1426 1815 nt
1451 1783 1563 1815 denno
1591 1782 1690 1815 ludos

989 1835 1172 1868 saeculares
1198 1834 1232 1866 in
1258 1835 1403 1865 Tarento
1429 1833 1475 1865 sit
1499 1833 1689 1865 celebr-atua-

989 1895 1066 1917 rus:
1089 1884 1167 1916 ideo
1194 1884 1281 1916 enim
1308 1883 1414 1915 dicit:
1450 1894 1568 1916 mecum
1590 1885 1691 1917 altera

988 1936 1102 1968 soecula
1115 1936 1234 1967 condes.
1267 1934 1437 1966 Martialis
1453 1934 1572 1966 eodem
1587 1933 1689 1967 modo

989 1987 1123 2018 locutus
1139 1990 1192 2017 est
1208 1984 1267 2017 lib.
1283 1993 1336 2016 ιν.
1355 1984 1456 2025 Epig.
1470 1993 1496 2017 1.
1521 1986 1532 2002 ‘
1548 1984 1617 2016 Hic
1630 1994 1690 2016 co-

990 2037 1039 2068 lat
1065 2036 1194 2076 ingenti
1221 2034 1398 2067 redeuntia
1423 2034 1548 2066 srecula
1567 2035 1691 2075 lustro,

993 2087 1039 2118 Et
1053 2096 1128 2127 quae
1146 2086 1328 2118 Romuleus
1337 2094 1440 2116 sacra
1453 2085 1620 2116 Tarentus
1633 2084 1690 2116 has

992 2137 1076 2171 bet:
1119 2137 1229 2168 Valde
1259 2136 1374 2176 miror,
1412 2144 1488 2166 esse
1525 2134 1690 2176 quosdam

990 2189 1062 2232 qui,
1078 2188 1228 2229 ingentis
1243 2186 1410 2228 frugibus,
1435 2185 1546 2217 adhuc
1560 2186 1692 2219 malunt

991 2239 1239 2280 βαλανοφιιγεῖν,
1263 2243 1297 2269 et
1319 2238 1489 2278 vulgatam
1509 2237 1691 2268 lectionem

992 2290 1155 2331 retinent,
1170 2294 1206 2321 et
1223 2288 1265 2319 de
1283 2288 1411 2328 templo
1431 2288 1557 2319 Flaviae
1578 2287 1690 2328 gentis

992 2340 1081 2383 quod
1100 2339 1317 2372 Domitianus
1330 2337 1539 2378 Vespasiano
1555 2337 1692 2378 parenti

992 2401 1066 2430 suo,
1082 2392 1146 2421 &c-
1162 2391 1334 2425 erexerat,
1355 2387 1614 2427 intelligendum
1629 2397 1692 2429 pu-

991 2444 1077 2473 tant.
1122 2438 1170 2470 At
1186 2437 1261 2469 illos
1280 2436 1409 2468 refutat
1425 2437 1478 2468 vel
1493 2437 1600 2477 solum
1616 2446 1691 2468 ver-

992 2490 1072 2522 bum
1097 2487 1300 2521 revocabitur.
1345 2487 1434 2519 Nam
1457 2486 1513 2518 illa
1529 2496 1626 2518 sacra
1642 2486 1692 2518 di-

993 2543 1115 2572 cuntur
1139 2541 1269 2570 tantum
1294 2537 1425 2568 solenni
1453 2536 1691 2568 verbo‘revo·

993 2590 1078 2631 cari,
1092 2598 1168 2631 quae
1190 2587 1322 2629 jamdiu
1346 2586 1502 2617 instituta
1529 2590 1565 2617 et
1586 2585 1691 2616 inter-

992 2640 1094 2672 missa
1109 2638 1271 2670 fuerunt:
1296 2637 1385 2668 unde
1411 2636 1542 2668 Noster
1563 2634 1690 2668 Achill.

995 2700 1021 2723 1.
1033 2690 1076 2722 de
1087 2688 1204 2729 Orgiis
1216 2686 1362 2720 Bacchi:
1377 2688 1387 2705 ‘
1401 2685 1514 2727 Hujus
1527 2685 1561 2717 in
1571 2685 1692 2725 umbra

995 2740 1174 2773 Alternum
1211 2744 1373 2769 revocare
1409 2735 1466 2777 pia
1501 2735 1692 2767 Trieteriea

993 2794 1121 2823 matres
1147 2782 1384 2821 consuerant:
1426 2785 1472 2818 Et
1494 2790 1629 2818 constat
1652 2785 1691 2818 il-
