1846 3120
251 238 277 287 ,1
290 237 370 280 146

754 251 795 281 P·
828 250 1019 283 ΡΑΡΙΝῙΙ
1053 250 1218 285 8ΤΑΤΗ

259 345 407 387 Hoste
427 356 609 386 manus:
639 345 790 388 urbem
810 346 938 389 socia
958 346 1012 389 de
1032 345 1156 401 ge'nte
1175 349 1360 392 subistis

247 411 431 470 Tutari,
455 424 587 465 quam
606 424 693 454 non
714 412 812 454 aliis
832 414 1071 468 populator
1088 416 1146 457 ab
1166 417 1255 458 oris

259 479 472 532 Belliger,
491 483 723 527 externave
743 485 870 523 satus
890 482 1061 533 tellure,
1081 484 1160 525 sed
1179 484 1324 528 hostis

259 546 474 600 Indigena
493 548 696 609 assultat,
718 550 792 591 cui
811 554 960 594 castra
978 552 1167 595 adversa
1184 555 1346 608 regenti

259 613 351 655 Hic
370 618 513 668 pater,
533 615 606 657 hic
627 615 832 669 genitrix,
853 616 923 661 hic
937 616 1106 671 junctae
1129 621 1262 675 stirpe
1283 634 1470 671 sorores,

753 683 894 733 Cerne
915 698 969 726 en
990 686 1256 741 ubicumque
1272 689 1490 733 nefandus

259 678 352 722 Hic
374 689 467 724 erat
487 686 531 724 et
549 682 694 728 frater.

1622 600 1716 666 '335

258 747 498 791 Excidium
519 751 689 795 moliris
711 752 822 795 avis.
869 752 1043 795 Venere
1063 753 1262 809 volentes·

257 816 418 859 Aoniae
436 819 610 873 populi,
629 833 708 862 nec
729 833 826 864 sum
845 821 940 872 tibi,
963 834 1096 872 saeve,
1112 822 1311 880 relictuS.

260 884 384 936 Quid
405 886 509 927 velit
528 887 616 928 ista
636 888 810 938 cohors,
831 890 876 929 et
895 894 940 929 te
960 890 1123 932 sentire
1144 890 1346 934 decebat.

854 955 932 997 Sic
951 956 1082 1009 fatus,
1102 961 1313 1003 et'omnia
1332 960 1415 1002 rite

258 1020 486 1075 Disponit,
507 1022 581 1076 qui
601 1022 715 1065 bella
735 1026 902 1077 gerant,
927 1024 1004 1078 qui
1024 1026 1192 1077 moenia
1213 1032 1401 1078 servent,

258 952 463 994 Reddere
482 967 613 1008 regna
633 959 795 997 vetant.

259 1087 387 1139 Quas
405 1089 450 1130 in
470 1090 613 1132 fronte
634 1103 808 1142 manus,
830 1092 978 1133 medio
1001 1106 1113 1148 quas
1132 1095 1290 1136 robore
1311 1095 1454 1138 sistat.

254 1156 530 1210 Perspicuas
551 1159 615 1199 sic
635 1158 738 1200 luce
758 1158 894 1210 fores,
915 1163 958 1201 et
976 1161 1123 1214 virgea
1143 1165 1296 1215 pastor

259 1222 464 1266 Claustra
483 1225 618 1276 levat,
641 1225 745 1267 dum
765 1228 883 1268 terra
902 1239 1084 1271 recens:
1108 1227 1239 1282 jubet
1260 1229 1411 1271 ordine
1429 1230 1636 1317 primos
1654 1240 1657 1242 ’
1706 1240 1711 1245 ’

258 1360 370 1390 vestra,-
391 1368 500 1390 manus
524 1359 641 1391 domito
667 1360 811 1393 inimico.-
834 1362 1015 1403 suscepistis
1027 1362 1249 1401 defemiendam
1263 1362 1368 1395 urbem
1383 1362 1583 1401 consoederati
1593 1362 1715 1404 populi,

258 1410 349 1449 quam
362 1411 424 1432 non
439 1401 535 1433 hostis
544 1406 709 1442 grassator
723 1404 762 1434 ab
776 1404 851 1435 aliis
864 1404 980 1444 plagis,
989 1408 1018 1436 et
1033 1405 1183 1436 oriundus
1195 1405 1361 1446 peregrino
1375 1406 1439 1437 solo
1452 1406 1650 1444 aggreditur,
1661 1408 1717 1437 sed

258 1442 336 1474 civis
348 1445 558 1484 adversarius,
573 1446 624 1477 cui
638 1446 764 1477 ducenti
780 1446 884 1486 copias
898 1447 1025 1479 hostiles
1037 1447 1088 1479 hic
1103 1451 1177 1479 sunt
1188 1448 1327 1488 genitor,
1340 1447 1391 1479 laic
1404 1451 1518 1487 mater,
1532 1447 1583 1479 hic
1596 1456 1717 1480 sorores

255 1494 369 1524 genere
382 1495 541 1525 cannetum,
562 1488 613 1518 hic
627 1491 696 1519 erat
707 1497 878 1528 germanus
891 1499 1018 1530 quoque.
1060 1489 1188 1530 Aspice,
1202 1500 1270 1521 eece
1283 1491 1419 1529 sceleste,
1433 1490 1565 1522 minaris
1577 1489 1715 1523 ubicum-

258 1537 316 1567 que
336 1529 460 1559 ruinam
475 1510 654 1569 majoribus.
697 1531 809 1563 Aoniae
830 1535 939 1571 gentes
962 1541 1071 1563 venere
1085 1532 1224 1572 libentes,
1241 1542 1295 1564 nee
1309 1542 1376 1564 sum
1392 1532 1451 1564 tibi
1465 1533 1617 1572 desertus,
1628 1533 1714 1564 dire.-

258 1573 289 1600 et
304 1571 502 1603 conveniebat
518 1576 548 1603 te
562 1573 752 1614 intelligere,
773 1574 847 1614 quid
864 1575 1022 1606 exercitus
1045 1574 1106 1607 iste
1120 1576 1256 1607 sentiat.-
1270 1574 1418 1625 ‚prohibet
1443 1585 1492 1606 me
1513 1584 1643 1615 regnum
1666 1584 1716 1606 re-

256 1612 398 1646 stituere.
442 1613 497 1645 Sic
512 1615 628 1646 locutus
643 1620 687 1646 est
704 1619 733 1647 et
748 1617 948 1648 administrat
963 1620 1074 1648 cuncta
1085 1618 1209 1658 optime,
1224 1618 1278 1659 qui
1297 1618 1494 1658 praelientur,
1506 1617 1561 1658 qui
1574 1620 1717 1649 tutentur

258 1664 383 1687 muros.-
405 1666 480 1697 quas
495 1657 637 1698 disponat
654 1658 817 1691 cohortes
805 1669 839 1690 m
852 1659 954 1699 prima
970 1659 1048 1698 acie,
1064 1669 1140 1700 quas
1153 1659 1187 1691 in
1201 1660 1314 1692 media.
1358 1659 1412 1692 Sic
1421 1663 1533 1700 pastor
1549 1660 1631 1693 teuit
1642 1667 1716 1700 por-

257 1699 317 1734 tas
318 1699 442 1739 pervias
454 1699 530 1740 luci,
542 1709 579 1732 ac
591 1701 727 1733 viminea
741 1702 874 1739 clastra,
889 1703 962 1733 dum
976 1705 1061 1733 terra
1076 1702 1176 1734 adhuc
1188 1702 1316 1735 humida
1331 1705 1387 1735 est
1432 1702 1568 1743 Imperat
1583 1706 1718 1734 rectores

876 1807 1102 1821 ‘onoomeo

250 1882 362 1922 serant
383 1883 615 1926 Superis—384
639 1889 649 1903 ¹
665 1884 706 1916 In
731 1884 864 1916 duobus
890 1884 987 1916 libris
1011 1888 1087 1917 est:
1109 1886 1239 1917 adversa
1253 1884 1397 1924 serente}
1418 1883 1499 1916 nihil
1522 1884 1716 1917 mutamus!

259 1926 484 1958 Rarum—385
502 1928 626 1960 Behot.
646 1931 675 1960 1.
688 1927 992 1966 hacjunctae.—386
1002 1927 1043 1959 In
1061 1928 1180 1959 eodem
1198 1928 1330 1964 codice,
1344 1927 1488 1966 nefande,
1503 1937 1580 1965 curn
1595 1928 1719 1969 glossa,

259 1969 269 1985 ‘
287 1978 307 1999 ο
321 1969 475 2007 affunde!
497 1971 581 2004 Exc.
600 1971 745 2012 Cantab.
763 1971 866 2002 etiam
881 1970 1028 2008 nefande.
1074 1970 1238 2012 Optimus
1253 1970 1364 2002 codex
1379 1969 1528 2003 Barthii:
1557 1979 1595 2002 en
1615 1980 1718 2007 cerne,
1763 2002 1765 2004 .

257 2011 439 2053 ubicumque
459 2012 592 2051 nefande
604 2023 617 2050 ;
638 2012 778 2045 Ta'urin.
800 2013 1086 2051 nefandum—390
1106 2014 1116 2031 ‘
1130 2012 1347 2054 Legendum:
1371 2012 1427 2044 Sic
1438 2011 1546 2052 fatur,
1571 2012 1614 2057 et.
1636 2022 1715 2045 cum

258 2053 398 2096 optimis
425 2054 541 2088 libris:
562 2055 797 2088 ‘Barna—392
818 2057 828 2073 ‘
841 2056 961 2088 Scribe
976 2065 1054 2088 cum
1070 2055 1202 2089 duobus
1229 2055 1344 2088 libris:
1369 2064 1445 2097 quas
1467 2064 1592 2097 corpore
1603 2065 1618 2094 ,·
1640 2062 1717 2098 qum

914 2162 1079 2196 NOTAE

301 2241 367 2271 38ss
388 2238 456 2270 Hie
480 2242 550 2271 erat
574 2242 604 2271 et
622 2238 744 2280 frater]
767 2238 874 2272 Quasi
888 2238 962 2280 jam

259 2299 328 2322 non
358 2295 460 2323 esset.
486 2291 643 2332 Guyelns.
704 2290 860 2330 corrige,
887 2289 964 2322 erit.

260 2341 471 2381 Peyraredus.
518 2340 684 2380 Nefandus
709 2340 879 2373 Excidium
898 2350 963 2372 mo

257 2391 329 2423 liris
340 2391 424 2432 avis]
442 2391 604 2432 Corrige:
630 2392 778 2430 Nefanda
791 2391 962 2423 Exeidium

258 2442 379 2473 moliris
401 2441 465 2473 avi.
510 2442 699 2473 Horatius:
722 2443 837 2474 ‘Mala
865 2441 962 2475 ducit

259 2492 314 2524 avi
330 2492 490 2525 domum.’
511 2494 723 2535 Peyraredus.
773 2495 842 2527 Sed
860 2496 959 2528 male.

259 2543 412 2584 Vulgata
426 2543 530 2576 lectio
558 2545 701 2585 optima,
727 2549 762 2577 et
785 2555 828 2576 ex
853 2546 962 2577 veteri

259 2593 390 2626 codice.
435 2594 504 2627 Qui
520 2595 609 2626 enim
630 2595 752 2636 patriae
768 2595 894 2627 bellum
911 2596 962 2627 in-

259 2643 343 2685 fert,
353 2644 424 2676 avis
436 2645 503 2676 suis
511 2645 680 2677 excidium
695 2650 808 2686 parat,
817 2654 960 2687 quorum

259 2694 382 2726 tumuli
398 2704 438 2726 ac
453 2694 586 2726 cineres
606 2695 829 2730 violabuntur.

303 2745 368 2775 388
390 2743 519 2786 Aonioe]
544 2745 701 2778 Boeotiae.

301 2795 367 2830 390
383 2793 526 2828 Reddere
538 2804 636 2836 regna
649 2794 773 2836 vetant]
787 2795 844 2828 Sic
855 2795 960 2828 Theb.

1015 2237 1091 2271 11.‘
1107 2239 1182 2272 Nee
1206 2239 1273 2281 ipsi
1294 2243 1412 2282 patres
1428 2237 1590 2273 Reddere
1610 2249 1718 2311 regna

1016 2289 1157 2321 sinent.¹

1021 2362 1025 2365 -
1058 2343 1121 2372 393
1137 2340 1327 2382 Perspicuas
1332 2340 1433 2382 sores,
1441 2344 1472 2373 et
1483 2341 1594 2381 virgea
1605 2341 1717 2373 Clau·-

1014 2392 1081 2433 tra]
1119 2391 1184 2423 1-1ae
1220 2397 1299 2424 sunt
1328 2401 1395 2424 una
1427 2392 1616 2435 eademque
1649 2402 1717 2425 res.

1015 2443 1220 2484 Perspictum]
1234 2442 1324 2476 Quia
1334 2443 1476 2475 raritate
1489 2442 1658 2483 virgarum
1671 2443 1720 2475 lu-

1015 2503 1089 2525 cem
1103 2493 1301 2527 admittunt.
1338 2494 1485 2528 Quidam
1499 2493 1647 2526 codices
1643 2504 1720 2536 per-

1013 2544 1134 2586 spicua.

1057 2597 1120 2627 394
1143 2595 1230 2627 Dum
1244 2598 1339 2627 terra
1345 2594 1468 2636 recens]
1489 2594 1531 2626 Id
1557 2598 1624 2635 est,
1634 2594 1717 2627 dum

1014 2649 1108 2678 terra
1138 2646 1270 2678 recenti
1301 2655 1378 2686 rore
1407 2645 1521 2685 rigata
1555 2649 1620 2685 est,
1650 2654 1718 2686 quo

1015 2700 1171 2737 tempore
1187 2696 1339 2753 gratiora
1354 2698 1434 2728 sunt
1446 2694 1637 2757 pecoribus
1643 2703 1719 2736 pas

1014 2755 1090 2778 eun.

1509 2813 1526 2823 ς
