1846 3120
306 233 419 276 1328

792 218 843 272 Ρ(
866 240 1059 281 mersu
1093 241 1262 273 s'rs'ru

305 341 609 391 Securumque
630 338 764 378 larem
785 336 928 389 segnis
952 335 1126 378 Natura
1145 332 1324 377 locarit.

305 406 457 448 Limen
477 418 622 459 opaca
644 404 799 455 Quies,
820 408 867 446 et
886 404 1014 458 pigra
1035 402 1218 445 Oblivia
1235 406 1423 453 servant,

305 473 363 514 Et
382 485 605 526 nunquam
620 472 741 525 vigili
763 475 939 526 torpens
962 470 1146 524 Ignavia
1166 468 1304 513 vultu.

306 539 416 581 Otia
434 528 672 589 vestibulo,
694 539 945 593 pressisque
965 538 1142 580 silentia
1156 539 1314 593 pennis

307 606 440 648 Muta
459 605 632 656 sedent,
653 606 920 660 abiguntque
940 609 1087 647 truces
1108 618 1135 647 a
1155 605 1343 648 culmine
1363 609 1530 655 ventos,

305 672 368 715 Et
386 687 533 715 ramos
552 685 694 714 errare
709 677 871 723 vetant,
887 677 934 714 et
952 685 1174 721 murmura
1194 672 1375 714 demunt

305 740 531 782 Alitibus:
562 752 646 781 non
666 739 738 781 hic
758 739 925 793 pelagi,
942 739 1046 780 licet
1066 739 1215 781 omnia
1234 739 1428 781 clament
1728 753 1756 780 ο

306 807 491 857 Littora,
512 819 601 848 non
614 806 714 847 'illic
735 805 840 848 coeli
860 805 1006 860 fragor
1023 819 1033 848 ε
1065 806 1162 860 ipse
1181 805 1414 860 profundis
1696 800 1756 847 95

265 862 271 869 ⁸
305 874 515 914 Vallibus
535 873 745 925 effugiens
765 872 990 925 speluncae
1011 872 1241 926 proximus
1261 872 1402 914 amnis

307 941 433 982 Saxa
452 941 565 981 inter
585 939 881 993 scopulosque
901 944 1045 980 tacet:
1074 938 1288 991 nigrantia
1307 938 1428 980 circa

306 1007 536 1057 Armenta,
557 1019 686 1048 omne
708 1006 805 1047 solo
823 1005 1005 1047 recubat
1023 1016 1178 1059 pecus,
1197 1009 1240 1046 et
1258 1017 1374 1047 nova
1390 1009 1586 1048 marcent

303 1074 534 1125 Germina,
556 1077 856 1127 terrarumque
875 1072 1062 1114 inclinat
1081 1072 1265 1127 spiritus
1285 1072 1461 1115 herbas.>

305 1200 343 1224 ru
354 1194 457 1234 posuit
467 1192 636 1235 palatium,
648 1194 679 1223 et
692 1193 775 1222 tutos
786 1191 866 1222 lares
878 1189 986 1231 segnis
1000 1189 1122 1222 Somni.
1169 1189 1340 1223 Tenebrosa
1356 1189 1464 1230 Quies,
1477 1193 1509 1223 et
1525 1188 1609 1224 iners
1622 1190 1761 1230 Oblivio,

304 1246 343 1268 ac
357 1239 480 1276 torpens
494 1235 640 1272 Desidia,
651 1243 806 1274 nunquam
820 1236 1015 1274 experrectus
1027 1232 1142 1265 habens
1163 1233 1278 1275 oculos,
1292 1233 1385 1264 limen
1399 1233 1588 1265 custodiunt.
1632 1232 1712 1265 otia
1725 1237 1757 1266 et

304 1278 404 1310 tacita
420 1277 555 1310 Silentia
569 1277 739 1309 contractis
753 1276 813 1307 alis
823 1277 930 1307 sedent
943 1276 978 1307 in
992 1276 1087 1316 atrio,
1100 1274 1260 1316 etsugant
1273 1275 1414 1308 molestos
1426 1278 1533 1308 ventos
1544 1285 1566 1307 α
1575 1276 1673 1317 tecto,
1683 1285 1759 1316 pro-

305 1321 470 1361 hibentque
478 1321 610 1359 frondes
623 1318 757 1359 agitari,
770 1322 802 1350 et
816 1318 961 1357 auferunt
974 1327 1062 1350 voces
1081 1317 1203 1349 avibus.
1248 1318 1323 1349 Non
1335 1317 1385 1350 hie
1398 1319 1546 1359 strepitus
1558 1318 1668 1359 utaris,
1683 1319 1755 1351 licet

303 1373 408 1394 omnes
422 1363 486 1402 ejus
497 1362 574 1404 ripae
588 1362 744 1401 mugiant,
759 1371 821 1396 mm
835 1360 901 1392 illic
911 1360 1032 1392 tonitru
1042 1360 1181 1392 auditur.
1215 1359 1287 1401 Ipse
1289 1360 1409 1401 fluvius
1415 1360 1756 1402 propinquae-mmm

303 1416 362 1446 per
371 1406 500 1437 humiles
510 1406 605 1437 valles
613 1413 797 1445 procurrens
810 1403 881 1435 silet
893 1403 976 1434 inter
988 1403 1091 1435 silices
1103 1405 1135 1434 et
1149 1411 1253 1444 rupes,
1259 1401 1358 1441 furva
1367 1402 1486 1442 circum
1502 1405 1655 1440 armenta,
1666 1412 1754 1435 omne

301 1458 399 1488 pecus
423 1448 508 1479 hiemi
524 1447 625 1487 jacet,
647 1449 678 1478 et
695 1449 831 1478 recentes
844 1445 961 1487 plante
983 1447 1144 1486 languent,
1159 1449 1190 1477 et
1204 1445 1320 1478 halitus
1332 1445 1478 1487 deprimit
1492 1448 1586 1479 term
1597 1445 1755 1487 granum.

903 1527 1020 1541 oceno
1024 1528 1124 1542 evea-0
1127 1526 1143 1540 θ

306 1599 387 1636 gat:
410 1605 535 1635 segnem
550 1595 677 1626 Natura
698 1594 823 1634 locavit,
839 1594 1054 1635 improbante
1078 1594 1253 1627 Gronovio
1268 1593 1303 1626 in
1329 1594 1440 1628 Diatr.
1455 1604 1488 1636 p.
1504 1596 1644 1627 82-91
1666 1594 1756 1626 Tau-

306 1639 371 1669 rin.
384 1639 539 1679 positique
551 1638 678 1668 silentia
696 1638 808 1678 pennis
817 1647 831 1674 ,-
852 1637 912 1668 sed
931 1647 991 1678 pro
1009 1647 1039 1668 v.
1056 1637 1078 1669 l.
1092 1637 1215 1678 positis.
1236 1637 1393 1670 Jortinus
1407 1636 1627 1677 conjectabat
1637 1647 1651 1671 z·
1669 1646 1756 1678 pns-

305 1680 408 1720 sisque
421 1681 546 1711 silentia
571 1679 679 1716 labris,
695 1680 911 1720 improbante
934 1680 1226 1711 Burmanno.-—92
1247 1680 1257 1696 ‘
1273 1679 1444 1720 Suspecta
1465 1683 1519 1711 est
1539 1679 1642 1712 lectio
1656 1678 1756 1720 hujus

306 1723 449 1752 versus)
463 1723 582 1752 Barth.
605 1722 702 1752 Muta
724 1725 827 1752 tenent
854 1722 1061 1753 Petam—94
1084 1722 1095 1740 ‘
1111 1722 1200 1754 Vera
1224 1721 1395 1761 scriptura
1407 1725 1463 1756 est
1480 1731 1490 1753 e
1512 1721 1584 1755 lieet
1604 1721 1754 1758 horrida5

303 1764 439 1802 etiamsi
457 1763 630 1795 inhorreat
653 1772 757 1801 mare,
773 1772 840 1793 non
855 1767 967 1794 tamen
983 1763 1119 1796 auditur
1134 1773 1235 1798 sonus
1253 1762 1352 1794 nndae
1368 1763 1483 1795 littora
1498 1763 1674 1803 pulsantis.
1697 1763 1757 1795 Ita

305 1804 422 1838 omnes
448 1806 570 1846 scripti
597 1805 706 1837 nostri
733 1805 826 1844 libri,
847 1809 882 1836 et
903 1805 1009 1838 voluit
1035 1810 1115 1837 ante
1138 1805 1220 1838 Gul.
1235 1805 1416 1845 canterus.
1457 1805 1573 1839 Etiam
1598 1804 1647 1846 sic
1668 1805 1755 1839 liber

305 1848 551 1888 Lindenbrogii
567 1852 604 1879 et
619 1847 726 1879 editio
741 1847 918 1879 Gevartiiss
933 1848 1050 1880 Barth.
1094 1848 1150 1880 Ita
1165 1857 1298 1890 quoqne
1309 1846 1440 1879 Buslitl.
1457 1852 1555 1879 vetus
1569 1847 1756 1887 Bernartii,

306 1896 342 1922 et
362 1891 450 1922 Dan.
468 1891 585 1922 Heius.
608 1889 650 1920 ad
667 1889 847 1922 claudian.
875 1888 1006 1931 Paneg.
1021 1891 1053 1921 in
1069 1890 1173 1922 Prob.
1189 1896 1226 1922 et
1252 1890 1353 1932 Olyb.
1369 1890 1473 1922 Cous.
1487 1890 1649 1923 211.-9⁵
1672 1888 1754 1922 Pnt.

305 1943 366 1964 non
380 1935 461 1964 ullus
483 1933 767 1972 coelisrugor.—97
790 1932 915 1964 Beliot.
934 1935 964 1964 1.
982 1933 1063 1965 Put.
1077 1933 1198 1964 Petav.
1213 1937 1248 1963 et
1261 1932 1413 1964 nonnulli
1428 1931 1604 1964 Barthiani
1616 1943 1625 1963 :
1638 1941 1755 1972 *scopu-

306 1977 410 2016 losque
422 1975 521 2014 jacet.
537 1975 619 2007 Put.
635 1976 755 2007 Petav.
772 1975 861 2007 alter
875 1974 999 2007 Beliot.
1016 1976 1124 2017 Laog.
1141 1976 1242 2007 Laut.
1258 1973 1387 2008 Buslid.‘
1403 1974 1552 2017 Iaipsian.
1569 1973 1674 2007 Aldd.
1690 1975 1755 2006 Co·

958 2058 1102 2092 NOTIE

348 2127 390 2156 88
423 2123 540 2163 Segnis
576 2123 720 2164 Natura]
759 2123 887 2164 Segnis,
926 2132 1003 2165 quae

306 2183 444 2215 segnem
459 2173 558 2205 facit.
601 2174 679 2205 Hoc
694 2183 877 2215 perperam
899 2173 1004 2205 corri-

305 2226 358 2265 git
386 2225 455 2257 Jul.
481 2224 646 2265 Scaliger.
699 2224 809 2256 Immo
834 2224 942 2256 solers
967 2228 1005 2255 et

305 2279 443 2316 vegeta,
467 2284 605 2314 segnm,
623 2283 688 2305 non
714 2274 788 2315 ipsa
809 2275 929 2314 segnis,
953 2274 1003 2305 in-

305 2325 391 2366 quit.
444 2324 551 2358 Quasi
574 2324 643 2356 ulla
670 2324 779 2365 figura
804 2325 860 2356 illa
884 2324 1004 2364 hypal-

304 2375 383 2416 lage
410 2373 528 2406 Poetis
549 2374 594 2406 sit
619 2373 845 2416 frequentior.
888 2373 1004 2413 Segnis

306 2424 433 2455 Natura
461 2423 508 2455 ibi
536 2423 641 2456 fnisse
669 2424 808 2465 dicitur,
827 2423 886 2456 ubi
911 2424 1004 2465 supi-

303 2482 382 2504 nam
394 2474 554 2515 quietem,
569 2478 606 2505 et
617 2473 796 2515 segnitiem
816 2482 943 2506 meram
953 2473 1003 2505 lo-

303 2523 409 2555 cavit.
461 2524 518 2555 Sic
561 2524 726 2556 Kalendis
755 2523 1003 2557 Decembribus

302 2572 438 2604 ‘brevis
463 2574 621 2615 Natura,’
647 2585 724 2616 quae
748 2574 870 2606 breves
894 2573 1001 2607 facit:

304 2621 387 2654 alibi
400 2623 411 2640 ‘
425 2622 584 2664 injustam
603 2624 767 2656 Naturam
780 2622 790 2638 ’
812 2623 908 2660 dicit,
923 2633 1000 2665 quae

300 2671 468 2712 injustum
501 2670 601 2704 funus
630 2672 752 2706 efferre
768 2673 881 2715 Jubet.
926 2673 1003 2705 Nec

306 2721 406 2752 aliter
421 2720 544 2753 Avitus
562 2722 653 2764 apud
677 2723 842 2754 Senecam
865 2722 1002 2755 Suasor.

306 2781 333 2803 ι.
354 2780 446 2803 mare
461 2772 548 2804 dicit
567 2772 577 2791 ‘
593 2772 785 2806 deficientis
806 2773 840 2805 in
860 2782 920 2805 suo
935 2771 1002 2806 fine

1058 2124 1204 2157 Naturae
1218 2124 1348 2166 pigram
1364 2121 1511 2156 molem.'
1554 2123 1756 2165 Ibidemque

1058 2173 1251 2206 Fabianus:
1274 2175 1286 2192 ‘
1297 2174 1390 2206 rudis
1405 2179 1442 2206 et
1463 2173 1670 2215 imperfecta
1684 2174 1756 2205 Na-

1059 2227 1135 2257 tura
1155 2225 1292 2267 penitus
1310 2224 1476 2257 recessit!
1500 2224 1676 2256 Gronovius
1696 2223 1759 2255 Da*-

1057 2273 1176 2306 atribes
1193 2283 1273 2315 cap.
1284 2276 1337 2305 15.

1100 2326 1143 2356 89
1163 2323 1276 2355 Limen
1289 2333 1385 2364 opaca
1401 2323 1511 2364 Quies,
1529 2323 1601 2364 ξω]
1625 2324 1673 2356 Ut
1698 2333 1753 2356 su-

1059 2382 1121 2414 pra
1146 2372 1205 2404 lib.
1221 2381 1289 2404 vn.
1316 2373 1351 2404 in
1376 2373 1609 2415 descriptione
1634 2373 1752 2405 domus

1058 2422 1182 2454 Martis
1212 2423 1325 2463 posuit
1346 2422 1381 2454 in
1404 2423 1480 2464 ejus
1505 2423 1619 2455 limine
1639 2423 1756 2464 Impe-

1058 2476 1131 2504 tum
1165 2471 1337 2513 Iramque,
1364 2473 1452 2505 intra
1481 2481 1562 2505 vero
1591 2474 1753 2514 Mortem,

1058 2521 1317 2562 Virtutem,&c.
1331 2532 1407 2564 quae
1422 2523 1474 2554 vel
1488 2523 1688 2564 praecedunt
1701 2524 1755 2554 vel

1055 2571 1263 2603 comitantur
1297 2571 1436 2606 bellum.
1478 2572 1536 2604 Sic
1562 2572 1597 2604 in
1627 2573 1755 2614 palatio

1054 2621 1170 2654 Somni
1183 2621 1279 2662 ponit
1291 2622 1404 2654 omnia
1413 2632 1489 2664 quae
1499 2626 1559 2654 aut
1567 2622 1660 2654 illum
1674 2631 1754 2654 con-

1055 2671 1186 2712 ciliant,
1216 2676 1276 2704 aut
1302 2672 1335 2704 in
1363 2681 1439 2715 quae
1468 2672 1526 2704 ille
1549 2671 1685 2711 desinit,
1715 2676 1754 2703 ut

1056 2722 1230 2760 Quietem,
1245 2721 1395 2759 Oblivia,
1419 2726 1456 2755 et
1473 2722 1660 2764 Ignaviam,
1682 2732 1753 2754 om·

1055 2773 1112 2805 nia
1123 2782 1201 2806 cum
1215 2773 1379 2815 epithetis
1391 2772 1685 2806 convenientibus.
