1846 3120
250 229 362 272 1508
750 238 791 269 P.
822 238 1012 270 mrum
1045 238 1208 270 s'rA'ru

250 334 463 377 Alceidas
481 333 660 383 fratreS,
681 331 868 374 totidem
888 345 1004 387 quos
1026 333 1199 375 eminus
1216 332 1354 381 hastis
1727 382 1729 385 r

250 401 514 443 Continuat:
545 399 701 440 ferrum
721 400 968 442 consumsit
985 405 1160 455 pectore
1182 400 1386 452 Phileas,
1609 400 1699 446 745

250 466 338 510 Ore
355 467 597 508 momordit
619 465 806 520 Helops,
828 466 1007 508 humero
1027 467 1270 509 transmisit
1290 467 1438 521 Iapix.

249 535 444 587 Jamque
462 536 505 575 et
521 532 779 587 quadrijugo
794 532 963 574 celsum
984 534 1093 587 petit
1108 532 1332 574 Haemona
1351 546 1495 586 curru,

250 600 615 654 Horrendumque
636 612 767 640 manu
788 599 923 641 telum
941 603 1083 642 rotat:
1113 601 1186 642 ille
1205 604 1414 654 paventes

251 667 511 721 Obliquavit
529 679 693 720 equos:
723 666 854 719 longo
874 667 1044 720 perlata
1063 671 1210 709 tenore

247 733 447 775 Transiit
465 732 595 774 hasta
614 733 729 774 duos
747 746 758 774 :
789 733 967 774 sitiebat
986 733 1165 775 vulnera
1183 747 1265 775 nec
1283 747 1370 775 non
1608 734 1695 777 750

247 799 416 850 Tertia,
436 800 514 841 sed
535 799 680 841 medio
702 799 853 852 cuspis
874 804 1044 841 temone
1063 805 1234 842 retenta
1253 803 1335 842 est.
1620 791 1629 795 ”

249 866 339 907 Sed
358 867 503 908 solum
523 866 656 916 votis,
678 866 818 906 solum
841 865 1029 907 clamore
1048 866 1275 908 fremendo

251 932 466 973 Omnibus
489 933 534 973 in
557 933 711 973 turmis
732 934 945 985 optatque
964 935 1183 986 vocatque
1205 932 1406 974 Creonta.

248 997 402 1052 Atque
420 999 538 1040 hunc
556 999 732 1040 diversa
752 998 966 1039 bellorum
985 998 1032 1039 in
1050 998 1190 1040 fronte
1208 999 1430 1052 maniplos
1484 1042 1486 1044 ,

249 1065 517 1107 Hortantem
538 1066 689 1115 dictis,
709 1065 956 1119 frustraque
976 1069 1175 1107 extrema
1194 1065 1426 1107 minantem
1607 1067 1694 1109 755

249 1130 507 1186 Conspicit:
539 1132 782 1174 abscedunt
801 1122 1001 1183 comites,
1022 1138 1069 1191 et
1087 1133 1261 1174 Thesea
1272 1132 1390 1186 jussi

250 1197 541 1251 Linquebant,
561 1198 747 1252 fretique
765 1198 894 1248 Deis,
916 1203 1048 1252 atque
1067 1199 1210 1253 ipsius
1231 1199 1376 1240 armis.

248 1263 335 1305 Ille
354 1268 483 1316 tenet,
503 1269 764 1318 revocatque
783 1278 915 1307 suos:
946 1269 1083 1320 utqua
1102 1279 1231 1320 aeque
1250 1265 1421 1308 notavit

247 1395 322 1427 quos
333 1386 460 1418 totidem
475 1386 586 1425 hastis,
600 1395 694 1417 unum
703 1389 774 1426 post
785 1387 929 1426 alterum,
944 1395 960 1417 e
975 1386 1141 1427 longinquo
1153 1385 1267 1418 occidit
1276 1395 1287 1416 .·
1309 1385 1448 1427 Phyleus
1463 1388 1560 1417 totam
1573 1385 1694 1418 hastam

246 1429 362 1468 recepit
375 1433 509 1468 pectore,
523 1429 643 1468 Helops
658 1429 821 1460 momordit
841 1438 906 1468 ore,
922 1438 978 1469 per
993 1428 1113 1468 lapigis
1125 1429 1265 1460 humeros
1279 1426 1406 1464 ferrmn
1429 1428 1520 1460 exiit.
1568 1429 1610 1459 Et
1621 1427 1692 1467 jam

247 1471 347 1502 tendit
370 1475 477 1502 contra
494 1470 646 1501 Hoemcma
659 1471 818 1502 sublimem
831 1470 864 1501 in
879 1480 972 1502 curru
986 1470 1182 1510 quadrijugo,
1203 1474 1235 1502 et
1258 1471 1370 1501 dextra
1386 1469 1546 1508 jaculatur
1566 1470 1600 1501 in
1622 1479 1691 1501 enm

246 1512 378 1544 immane
391 1514 496 1544 telum.
541 1513 601 1544 Ille
617 1513 751 1544 Hoemon
765 1513 923 1553 detorquet
945 1512 1135 1552 trepidantes
1149 1523 1252 1554 equos.
1297 1511 1403 1553 Hasta
1414 1514 1505 1552 longo
1519 1521 1610 1543 cursu
1619 1521 1693 1553 per-

246 1556 312 1586 lata
327 1554 450 1593 trajecit
466 1556 540 1586 duos
555 1565 663 1595 equos;
685 1558 716 1586 et
730 1554 859 1593 fecisset
880 1554 1006 1586 tertiam
1028 1555 1164 1596 plagam,
1183 1557 1237 1586 sed
1261 1554 1364 1594 cuspis
1377 1555 1468 1585 hesit
1481 1554 1516 1585 in
1531 1554 1630 1585 medio
1643 1556 1691 1585 te-

245 1606 343 1628 mone.
387 1597 448 1628 Sed
463 1600 584 1628 tantum
594 1597 677 1628 votis
690 1600 777 1637 optat
795 1598 969 1635 Creontem,
990 1597 1070 1627 hunc
1082 1598 1180 1628 solum
1193 1598 1327 1638 appellat
1343 1595 1478 1627 terribili
1491 1597 1623 1627 clamore
1633 1604 1691 1636 per

246 1648 349 1670 omnes
360 1640 494 1670 ordines.
523 1639 617 1670 Illum
632 1639 779 1678 conspicit
791 1639 827 1670 in
840 1638 964 1670 diversa
974 1639 1154 1670 certaminis
1165 1640 1228 1671 acie
1240 1639 1344 1677 copiae
1359 1638 1545 1669 excitantem
1554 1641 1584 1669 et
1596 1647 1693 1669 vam

246 1682 348 1712 minas
361 1681 546 1719 jactantem.
590 1681 674 1712 Socii
691 1681 800 1712 Thesei
813 1681 880 1720 ejus
894 1680 986 1719 jussu
1005 1680 1182 1721 abscedunt,
1203 1685 1234 1712 et
1256 1682 1343 1712 illum
1358 1681 1497 1720 linquunt
1512 1679 1619 1722 confisi
1632 1689 1691 1711 nu-

245 1723 380 1755 minibus
394 1727 425 1755 et
439 1723 538 1764 ipsius
549 1723 672 1755 virtuti.
718 1724 820 1755 Creon
835 1723 963 1761 frustra
980 1722 1107 1764 retinet,
1126 1727 1157 1755 et
1170 1727 1293 1755 revocat
1305 1732 1388 1759 suos,
1409 1723 1464 1763 qui
1481 1722 1694 1755 abscedebant.

874 1818 892 1830 O
895 1817 1092 1830 eaeoeeaeeveo

241 1883 402 1925 pharetrae
418 1883 540 1916 Behot.
555 1886 587 1915 2.
609 1884 669 1916 sed
686 1883 778 1923 prius
798 1881 914 1915 fuerat
929 1883 1282 1924 Thamirumque.—74⁵
1306 1881 1402 1913 Unus
1426 1879 1548 1912 Behot.
1574 1878 1692 1912 pileus.

245 1928 351 1957 -747
374 1927 505 1957 AEmona
520 1927 617 1957 multi
628 1926 726 1958 codd.
744 1930 781 1957 et
795 1926 872 1958 edd.
889 1930 973 1957 vett.
985 1926 1123 1965 hemona,
1137 1929 1174 1956 ut
1189 1932 1338 1964 semper,
1351 1922 1489 1968 ssehott.
1505 1924 1534 1953 1.
1550 1924 1689 1953 2.--750

247 1968 400 2000 Transilit
412 1969 502 1999 hasta
515 1969 638 2000 Behot.
654 1971 685 2000 1.
699 1968 839 2006 faciebat
852 1969 980 1999 vulnera
996 1967 1097 1999 Aldd.
1111 1967 1221 1999 Colin.
1244 1965 1376 2006 Gryph.
1399 1964 1506 1996 Basss.
1521 1968 1557 1995 et
1568 1962 1690 2012 J’lant.

246 2011 335 2050 quod
363 2020 430 2042 non
457 2011 628 2051 improbat
650 2011 823 2042 Bartbius.
850 2010 975 2041 sitiebat
999 2011 1128 2041 vulnera
1150 2010 1254 2048 Lang.
1271 2008 1370 2039 Laur.
1385 2006 1517 2038 Buslid.
1538 2005 1690 2046 Lipsian.

246 2052 339 2084 Dan.
354 2053 436 2084 Put.
450 2053 573 2084 Petav.
590 2052 729 2085 Behott.
753 2055 784 2084 1.
800 2055 831 2084 2.
855 2051 1083 2092 Lindenbrog.
1102 2052 1203 2083 Cruc.
1222 2051 1366 2083 Gevart.
1381 2054 1418 2080 et
1432 2048 1688 2080 roceum—751

198 2110 202 2113 >
246 2095 370 2126 Behot.
387 2098 418 2126 2.
439 2098 543 2126 tenore
556 2099 679 2127 retenta
692 2098 737 2126 est
750 2104 763 2132 ;
784 2094 845 2126 sed
859 2100 1047 2126 correctum
1062 2098 1181 2125 temone
1197 2092 1353 2134 aequaevis
1364 2091 1491 2122 literis:
1507 2090 1595 2122 Dan.
1606 2089 1689 2123 Put.

246 2137 368 2169 Petav.
384 2137 612 2178 Lindenbrog.
630 2142 665 2169 et
679 2138 781 2169 Cruc.
801 2140 920 2168 terrore
934 2140 1056 2168 retenta
1069 2140 1116 2168 est
1123 2147 1135 2174 ,·
1157 2135 1372 2176 Lang.Laur.
1389 2133 1522 2165 Buslid.
1538 2131 1689 2172 Lipsian.

245 2180 370 2211 Behot.
390 2183 420 2211 1.
437 2179 578 2211 Gevart.
594 2184 629 2211 et
642 2183 790 2212 recentt.
807 2183 926 2211 temone
939 2182 1060 2210 retenta
1069 2180 1232 2210 ests—⁷52
1255 2177 1336 2209 Put.
1352 2181 1387 2207 et
1402 2175 1552 2206 nonnulli
1567 2173 1690 2206 Barth-

245 2222 313 2253 iani
325 2224 455 2254 clamore
471 2224 754 2263 premendo.—757
779 2221 940 2253 Barthius
964 2231 1005 2253 ex
1022 2221 1158 2262 optimis
1178 2218 1381 2251 membranis
1402 2218 1508 2259 iegit:
1529 2220 1563 2248 et
1574 2216 1690 2247 Thesea

236 2264 319 2303 jussi
334 2264 638 2297 Destituant—⁷58
661 2264 718 2296 Ille
732 2268 817 2296 tenet
838 2263 976 2304 optimae
998 2263 1131 2295 Barthii
1146 2261 1361 2298 membranae,
1373 2260 1453 2291 Put.
1466 2264 1502 2291 et
1516 2258 1689 2307 Behot.—1.

245 2306 305 2338 Ille
318 2307 407 2338 timet
421 2307 543 2338 Behot.
562 2309 590 2338 1.
614 2316 634 2337 a
648 2316 692 2337 m.
708 2316 776 2338 sec.
792 2310 829 2337 et
844 2307 951 2338 ceteri
972 2305 1070 2337 codd.
1096 2314 1171 2336 cum
1192 2303 1286 2335 libris
1303 2302 1490 2343 impressis.
1533 2301 1543 2317 ⁶
1560 2300 1689 2331 Inscita

245 2348 321 2382 haec
342 2349 512 2390 scriptura
528 2354 594 2390 est,
610 2358 680 2391 prae
705 2348 765 2380 illa
780 2358 879 2390 quam
906 2348 1032 2379 habent
1054 2347 1192 2388 optimae
1217 2343 1443 2377 membranae?
1459 2342 1574 2376 Barth.
1618 2341 1690 2383 Ipse

289 2504 353 2533 744
374 2501 520 2532 Alceidas
537 2500 678 2542 fratres]
706 2502 774 2532 Eos
798 2509 939 2542 sequen·
1032 2501 1096 2531 756
1121 2497 1271 2538 Comites]
1294 2497 1384 2529 Socii
1399 2495 1570 2529 creontis.

246 2551 337 2583 tibus
355 2550 505 2582 versibus
522 2556 621 2582 vocat
644 2551 814 2592 Phileum,
834 2550 939 2582 Helo·
1032 2552 1096 2581 758
1119 2549 1180 2580 Ille
1203 2552 1299 2588 tenet,
1313 2551 1491 2588 revocatque
1510 2546 1599 2587 suos]
1623 2544 1687 2577 Ni·-

245 2611 338 2642 pem,
354 2604 389 2631 et
406 2599 573 2640 Iapigem.
992 2599 1112 2631 mirum
1137 2599 1253 2630 Creon
1282 2601 1421 2629 revocat
1457 2593 1686 2634 discedentes,

287 2653 350 2683 745
376 2649 561 2690 Continuat]
597 2650 677 2682 Sine
692 2649 939 2682 intermissione
991 2653 1120 2680 stantes
1146 2652 1181 2679 et
1209 2647 1382 2687 ambiguos
1406 2645 1508 2687 jubet
1538 2652 1686 2679 manere,

245 2699 441 2742 prosternit.
993 2707 1105 2739 neque
1126 2697 1201 2728 loco
1217 2696 1399 2728 excedere.
1443 2694 1583 2726 Priores
1605 2692 1687 2724 Edi-

289 2752 352 2782 750
375 2748 478 2790 Duos]
501 2750 615 2791 Equos
631 2749 771 2781 scilicet.
995 2748 1104 2780 tiones
1128 2746 1276 2779 habent:
1301 2746 1360 2777 [lle
1385 2745 1486 2786 timet,
1505 2746 1688 2785 revocatque
