1858 3112
429 235 471 266 P.
502 233 699 266 PAmNu
731 232 899 266 s'rxru
932 233 1078 266 svm.
1109 234 1208 267 mn.
1242 235 1310 267 iv.
1339 223 1406 267 2.³

163 329 234 362 lam
249 328 345 362 Ditis
354 332 392 362 et
401 328 621 372 Proserpinae
635 330 646 349 ‘
662 328 781 370 arnm,’
795 338 876 372 quie

163 380 201 413 iu
213 389 338 422 campo
352 380 495 421 Martio,
510 380 546 413 iu
562 390 603 412 eo
617 381 696 413 loco
710 380 769 422 qni
785 379 796 398 ‘
806 380 874 412 Ta-

165 435 285 464 mins
297 430 309 446 ’
329 430 527 474 dicebatur,
540 431 604 464 sub
619 437 715 464 terra
729 430 874 468 latebat.

168 481 313 524 siugulis
322 487 463 516 centum
472 483 570 516 aunis
580 481 699 520 effodi,
709 482 874 524 novisque

163 532 344 566 merificus
358 533 427 566 coli
440 533 596 566 solitam.
640 533 790 566 Consule
804 533 874 564 Va-

163 583 228 616 ler.
251 583 444 617 Maximum
467 584 529 619 lib.
553 594 596 617 11.
623 594 702 626 cap.
723 586 754 616 4.
779 583 873 617 Poli-

167 633 299 666 tiauu-
327 634 465 668 miscel.
487 644 566 678 cap.
591 638 645 668 58.
668 636 719 668 D.
737 634 875 676 Augus-

163 683 273 718 tinum
289 684 334 718 de
360 685 512 719 civitate
533 686 616 728 Dei,
639 685 700 720 lib.
723 695 775 718 1v.
793 695 872 727 cap.

163 737 220 768 18.
241 739 279 768 et
306 735 536 770 Censorinum
565 737 613 769 de
638 737 706 769 Die
738 737 871 770 Natali.

166 785 301 820 aaut

200 839 245 870 41
270 837 421 870 Nondum
432 837 555 878 gremio
565 836 777 870 Jovislnaica
787 837 872 869 Lau·

159 886 231 929 m]
253 886 312 920 Ad
334 891 490 921 veterem
515 887 803 930 triumphantium
827 888 873 920 ri·

159 941 248 980 tum,
263 938 322 982 qui
335 938 528 972 ascendere
537 939 749 981 Capitolium
763 939 871 980 soliti,

159 992 198 1022 et
205 989 354 1030 laurum,
365 999 468 1033 qnam
483 998 584 1022 manu
597 988 871 1031 tenebant,quae-

159 1048 227 1082 qne
252 1039 290 1072 in
314 1039 468 1073 fascibus
492 1040 667 1076 lictorum,
695 1039 870 1082 deponere

159 1091 195 1124 iu
211 1091 345 1134 gremio
357 1091 474 1126 Jovis.
518 1091 624 1125 Ovid.
640 1092 744 1125 Trist.
759 1100 811 1125 xv.
825 1091 870 1123 de

159 1142 336 1185 triumpho
364 1142 584 1176 Germanici:
621 1143 632 1161 ‘
647 1142 734 1174 Inde
769 1146 870 1184 petes

158 1200 275 1226 amem
296 1197 337 1226 et
356 1193 505 1226 delubra
523 1192 677 1227 faventia
700 1193 801 1234 votis,
823 1194 870 1226 Et

158 1243 302 1276 dabitur
336 1244 464 1277 merito
493 1245 612 1276 laurea
648 1248 730 1277 vota
761 1243 869 1278 Jovi!

158 1295 315 1328 Boram.
360 1295 511 1328 Nonam
522 1296 657 1336 gremio,
671 1295 743 1338 ξω]
772 1295 868 1328 Inse-

158 1353 198 1377 re
228 1345 386 1378 voculam
415 1345 463 1379 in.
507 1346 659 1378 Nondum
685 1346 722 1378 in
747 1346 869 1387 gremio

154 1395 259 1428 Jovtc.
303 1395 474 1438 Deposita
490 1395 663 1430 videlicet.
708 1397 756 1429 Et
771 1403 868 1429 recte

156 1447 222 1480 boc
237 1450 318 1479 ante
333 1456 396 1480 nos
411 1446 499 1480 vidit
509 1447 646 1489 judicio
661 1447 867 1490 ingenioque

156 1499 211 1531 vir
238 1499 430 1542 proeclarus
458 1498 540 1532 Joh.
566 1498 763 1532 Levineius.
809 1499 868 1532 De

155 1547 296 1582 ‘lauro’
311 1548 345 1581 in
368 1548 533 1590 grevuium
553 1548 654 1582 doris
677 1549 866 1590 Capitolini

157 1599 318 1642 deposita
330 1599 410 1632 vide
423 1599 528 1632 istum
543 1599 586 1631 ad
603 1599 736 1641 Pau'eg.
759 1600 866 1633 Plinii

156 1658 192 1693 p.
205 1653 280 1684 28⁷.
297 1650 394 1692 Lips.
414 1649 459 1682 ad
481 1650 569 1683 Tac.
592 1649 684 1683 Aun.
698 1658 741 1682 ιι.
757 1660 793 1692 p.
809 1653 865 1684 91.

155 1706 195 1735 et
209 1702 306 1736 alios.
329 1701 451 1734 Barth.

197 1755 254 1787 48,
268 1754 390 1786 Decem
410 1751 547 1794 menses]
580 1752 672 1785 Nam
688 1751 757 1784 duo
771 1761 866 1784 men-

157 1813 212 1838 ses
218 1804 294 1847 ⁸iam
306 1803 421 1836 sortiti
431 1807 534 1836 erant
545 1802 685 1835 nomina
693 1803 865 1838 Domitia-

156 1855 205 1889 ni.
247 1854 490 1898 Septembrem
511 1855 603 1887 enim
619 1854 866 1888 Germanicum

156 1907 411 1948 nominaverat,
426 1906 508 1950 quia
521 1915 564 1939 eo
579 1906 790 1947 suscepisset
805 1906 865 1938 im-

154 1957 311 2001 perium
343 1961 381 1990 et
402 1956 596 1990 Octobrem
617 1956 867 1998 Domitianum,

158 2009 240 2052 quia
262 2017 305 2041 eo
319 2011 412 2040 esset
432 2011 560 2040 uatus:
595 2012 780 2049 utrumque
804 2017 864 2039 no-

156 2062 236 2093 meu
250 2058 418 2092 abolitum
438 2061 494 2091 est
517 2067 559 2090 eo
583 2061 742 2090 mortuo:
766 2062 865 2091 tanta

157 2110 251 2144 illius
265 2109 410 2151 invidia,
419 2111 459 2142 ut
472 2113 596 2151 postea
610 2108 721 2140 nullus
737 2109 865 2141 mensis

155 2171 280 2196 numen
301 2161 528 2204 Imperatoris
548 2160 748 2202 acceperit3
772 2160 865 2203 quod

155 2212 359 2246 Macrobius
373 2210 497 2245 refert.
517 2211 694 2245 Donatius.

164 2280 167 2282 >
197 2266 242 2297 4⁷
264 2263 402 2304 Annuit,
429 2266 524 2305 alque
550 2262 638 2304 suos]
674 2261 791 2295 Altius
811 2263 866 2305 ja·

152 2315 292 2356 cultris,
307 2324 328 2347 o
344 2314 484 2356 Papini,
497 2314 534 2346 in
549 2314 615 2347 bac
630 2312 798 2356 ὑπερβάσει
810 2317 867 2346 Om-

154 2367 298 2410 πευτικῇ,
309 2375 411 2409 quam
426 2365 542 2398 rivalis
557 2370 617 2399 aut
630 2366 772 2408 Collega
788 2372 865 2398 tuus

155 2417 264 2450 Mart.
280 2415 341 2449 lib.
358 2424 446 2448 vm.
460 2415 563 2458 Epig.
579 2419 612 2448 2.
625 2416 659 2448 in
672 2416 769 2458 cujus
782 2417 864 2448 hen-

155 2466 383 2510 decasyllabis
407 2467 532 2508 Jauus,
560 2469 571 2486 ⁴
586 2467 769 2499 Terrarum
791 2469 864 2500 Do-

155 2519 248 2552 mino
273 2519 423 2560 Deoque
448 2526 565 2551 rerum
597 2517 766 2550 Promisit
795 2519 864 2560 Py-

153 2569 237 2603 liam
252 2573 378 2613 quater
393 2572 592 2608 senectam3
615 2567 747 2610 Addas,
762 2569 864 2610 Jane,

155 2625 250 2654 tuam
265 2620 375 2653 Pater
389 2618 573 2661 rogamus!
597 2620 725 2652 Mareu.

199 2672 325 2706 esum.
340 2679 384 2705 ιι.
405 2674 427 2704 2
444 2671 574 2714 Intulit]
595 2671 742 2704 Venisse
756 2673 864 2715 scrip·

155 2721 220 2755 sit,
254 2722 394 2764 AEneas,
420 2725 460 2754 ut
483 2722 706 2755 Menecrates
729 2724 864 2762 scribit,

156 2771 277 2806 urbem
293 2772 448 2815 prodidit
463 2772 600 2806 Groecis
624 2773 669 2806 ob
693 2775 864 2816 privatam

158 2822 369 2857 simultatem
386 2831 464 2858 cum
482 2823 634 2857 Paride:
652 2825 864 2868 enavigavit-

1521 227 1636 271 1723

926 337 992 371 que
1015 329 1050 361 iu
1076 329 1260 363 Thraciam
1286 330 1344 362 ubi
1374 332 1528 363 mortuus
1555 337 1634 371 est;

927 380 1019 422 quod
1032 380 1256 423 Hegesippus
1269 391 1405 424 quoque
1418 381 1538 415 tradit.
1562 381 1634 415 Alii

926 430 961 462 iu
989 429 1176 463 Arcadiam
1206 441 1426 473 progressum
1455 432 1632 466 scribunt:

925 481 984 514 alii
999 481 1042 514 ad
1058 482 1214 522 Epirum.
1259 482 1432 514 Homerus
1448 482 1634 515 veroindi·

925 536 982 565 cat
1007 542 1087 565 eum
1109 533 1278 565 mansisse
1308 534 1344 564 in
1374 533 1488 575 Troja.
1533 533 1635 566 Arois

924 582 1153 625 Laurentibus]
1211 584 1423 616 Laurentum
1466 584 1632 625 oppidum

919 633 1026 675 juxta
1041 633 1194 666 Ardeam
1211 639 1247 666 et
1264 634 1430 666 Lavinum
1445 636 1527 667 solis
1543 635 1632 667 indi-

923 684 1034 726 getis:
1053 685 1125 718 illic
1141 685 1248 717 multa
1263 685 1469 726 oppidorum
1486 685 1633 727 vestigia

922 740 1003 768 sunt
1042 735 1193 768 adventu
1231 736 1348 768 AEneae
1386 736 1632 769 memorabilia.

922 786 1047 818 Domie.

965 839 985 869 8
1006 836 1195 878 Alcinoique
1209 837 1320 878 dapes]
1337 836 1511 869 Homerus
1521 838 1631 879 Ulyx-

922 897 976 919 em
993 888 1038 920 ad
1055 888 1235 921 Alcinoum
1259 888 1395 920 venisse
1409 888 1544 929 scribit,
1557 898 1631 921 sus-

920 943 1130 982 ceptumque
1144 939 1314 981 bospitio:
1351 944 1387 971 et
1403 939 1522 971 statim
1538 939 1631 972 Pon-

920 993 1059 1022 tououm
1083 990 1333 1022 circumtulisse
1349 990 1509 1031 poculum
1528 989 1630 1030 jussu

921 1039 1077 1073 Alcinoi:
1102 1050 1181 1072 mox
1197 1040 1379 1072 Alcinoum
1400 1044 1568 1072 mactasse
1583 1040 1631 1072 ad

919 1092 1114 1124 convivium
1134 1092 1316 1124 duodecim
1334 1100 1430 1131 oveS,
1445 1094 1524 1123 octo
1540 1100 1632 1132 sues,

920 1143 1006 1176 duos
1035 1143 1161 1176 boves:
1198 1142 1436 1175 Demodocum
1466 1141 1630 1174 citharoe-

920 1195 1001 1227 dum
1016 1205 1149 1228 caecum
1164 1195 1345 1235 cecinisse,
1360 1199 1434 1226 tum
1450 1194 1630 1226 celebrata

919 1245 1124 1278 certamina.
1169 1245 1377 1286 Clytoneum
1398 1242 1502 1276 fuisse
1519 1243 1629 1276 victo-

920 1305 992 1328 rem
1010 1305 1125 1337 cursu,
1143 1295 1329 1337 Euryalum
1351 1295 1527 1337 palaestra,
1545 1294 1629 1328 Am-

919 1347 1072 1390 phialum
1089 1348 1192 1388 saltu,
1213 1347 1393 1379 Elatreum
1413 1346 1519 1383 disco,
1543 1346 1631 1379 Lao-

919 1398 1115 1431 damantem
1131 1397 1305 1431 caestibus.
1327 1398 1428 1430 Idem.

959 1453 983 1482 9
1024 1450 1068 1482 Et
1097 1449 1236 1491 Smyrna
1274 1452 1306 1482 et
1341 1449 1479 1480 Mantua
1507 1449 1630 1491 lauros]

919 1500 1071 1533 Sensus:
1098 1501 1177 1532 Non
1202 1509 1266 1542 par
1291 1509 1415 1537 essem,
1438 1499 1572 1532 etiamsi
1589 1505 1627 1532 et

919 1550 1109 1583 Homerica
1135 1554 1174 1583 et
1199 1549 1393 1592 virgiliana
1417 1550 1501 1582 mibi
1527 1560 1628 1583 vena.

917 1601 1072 1634 Bernart.

962 1655 1003 1684 12
1027 1653 1256 1685 Transmittere
1280 1661 1379 1684 annos
1403 1652 1541 1693 steriles]
1577 1653 1628 1685 Ut

917 1702 1071 1735 Tibullus
1102 1703 1203 1743 dixit,
1229 1702 1383 1735 ‘Stultos
1413 1703 1627 1745 praeteriisse

917 1752 1014 1786 dies-¹
1059 1754 1119 1795 Et,
1133 1754 1143 1772 ‘
1158 1753 1304 1786 transire
1320 1758 1459 1786 aetatem
1470 1754 1493 1786 :’
1516 1754 1550 1786 iu
1566 1764 1626 1787 vo·

917 1809 953 1837 to
968 1804 1172 1847 poenitentis
1186 1815 1196 1837 ι
1215 1806 1225 1823 ‘
1241 1804 1272 1836 O
1289 1805 1316 1836 si
1335 1806 1533 1846 praeteritos
1548 1805 1627 1838 red-

918 1856 979 1888 dat
993 1856 1076 1889 mihi
1090 1856 1233 1898 Jupiter
1247 1866 1356 1888 annos
1366 1856 1388 1888 ξ’
1412 1858 1540 1891 Morell.

961 1911 1002 1940 15
1029 1908 1072 1940 Te
1092 1918 1164 1950 spes
1189 1908 1358 1946 hominum,
1382 1911 1415 1940 te
1438 1918 1514 1941 cura
1539 1909 1627 1942 Deo-

916 1969 987 1992 rum
1004 1958 1239 2001 cernojacens]
1260 1959 1457 1991 Solenniter
1472 1960 1554 1992 olim
1569 1960 1627 1993 ho-

917 2010 1026 2042 mines
1050 2008 1171 2042 felices
1198 2011 1339 2042 ‘curam
1366 2010 1540 2042 Deorum’
1566 2020 1626 2053 ap-

917 2061 1095 2103 pellabant
1111 2065 1258 2103 veteres,
1274 2061 1366 2104 quod
1386 2062 1626 2096 existimarent

917 2112 1011 2144 Deos
1041 2111 1208 2154 peculiari
1239 2112 1387 2154 quadam
1427 2123 1511 2145 cura
1550 2114 1627 2146 illos

917 2163 1089 2205 prosequi.
1136 2162 1309 2195 Martialis
1332 2163 1393 2196 lib.
1411 2173 1437 2196 ι.
1455 2165 1555 2206 Epig.
1571 2168 1626 2197 83.

916 2214 960 2246 ad
979 2214 1169 2255 Regulum:
1193 2214 1204 2232 ‘
1219 2213 1306 2247 Quis
1320 2223 1438 2246 curam
1453 2219 1558 2256 neget
1574 2224 1626 2247 es-

916 2269 971 2298 set
985 2269 1022 2298 te
1037 2265 1190 2297 Deorum
1211 2265 1365 2306 Propter
1379 2274 1480 2308 quem
1496 2265 1561 2298 suit
1575 2265 1628 2298 in-

916 2326 1045 2350 nocens
1061 2317 1160 2349 ruina
1171 2315 1194 2348 ?'
1218 2317 1352 2349 Gevart.

961 2370 1003 2400 16
1022 2368 1135 2400 Datur
1148 2368 1215 2399 hoec
1221 2367 1333 2408 juxta,
1349 2369 1444 2400 datur
1455 2378 1510 2400 ora
1524 2367 1627 2409 tueri]

917 2417 1083 2451 Alcinous
1098 2419 1305 2451 Homericus
1325 2418 1457 2460 Odyss.
1482 2423 1522 2451 H.
1546 2427 1626 2451 nar-

917 2474 972 2502 rat
988 2471 1085 2502 Deos
1108 2469 1282 2502 interdum
1305 2479 1341 2501 se
1363 2470 1625 2511 conspiciendos

917 2519 983 2562 piis
1013 2519 1206 2552 hominibus
1236 2520 1407 2561 praebere,
1439 2525 1476 2552 et
1503 2531 1624 2554 eorum

915 2572 1082 2604 conviviis
1098 2572 1286 2604 interesse:
1317 2570 1385 2603 Αἰεὶ
1399 2571 1461 2614 γὰρ
1475 2571 1514 2603 τὸ
1527 2572 1625 2614 πάρος

915 2633 955 2662 ’γε
971 2622 1034 2654 θεοὶ
1048 2622 1211 2664 φαίνονται
1229 2622 1369 2663 ἐναργεῖς
1381 2622 1483 2663 ‘aptius
1500 2621 1560 2655 εὖθ’
1576 2622 1625 2664 ἕρ-

916 2674 1015 2714 δωμεν
1029 2673 1223 2714 ἀγακλειτὰς
1248 2673 1438 2713 ἑκατόμβας·
1458 2673 1627 2706 Δαίνυνταί

915 2736 953 2757 τε
978 2725 1049 2766 παρ’
1064 2724 1140 2766 ἄμμι
1163 2723 1329 2765 καθήμενοι
1349 2723 1423 2758 ἔνθα
1447 2737 1506 2767 περ
1526 2725 1625 2764 ἡμεῖς.

915 2776 1043 2809 Mor-ell-

958 2830 1000 2860 23
1026 2828 1128 2860 Tanta
1140 2830 1244 2870 patet,
1266 2826 1337 2869 ξω]
1371 2826 1489 2859 Scribe
1514 2824 1623 2868 effusae
