1858 3112
309 224 423 268 1662

306 329 456 371 renasci}
468 327 631 362 Hetrusci
657 327 755 368 hujus
783 331 882 368 pater
896 337 915 359 a
931 327 1002 359 Do-

309 380 448 412 mitiano
464 380 497 410 in
513 378 652 410 exilium
674 377 792 409 missus
807 376 929 417 fuerat,
942 377 1001 408 sed

299 428 554 461 intercessione
585 432 621 459 et
650 427 811 468 precibus
840 426 1004 458 Hetrusci

308 477 369 509 filii
398 477 494 510 brevi
518 476 584 509 fuit
606 481 800 510 revocatus.
839 476 941 508 Unde
957 476 1006 508 ait

310 526 423 559 Poeta
438 527 544 568 ipsius
569 526 754 559 ‘fortunam
765 526 836 568 jam
850 525 1006 558 renasci.’

308 575 403 608 Olim
419 581 533 609 autem
548 586 677 616 omnes,
699 576 756 618 qui
781 576 824 608 ab
839 576 940 608 exilio
956 584 1006 607 re-

309 625 399 657 versi
433 631 545 666 erant,
586 627 597 645 ‘
615 626 725 658 renati
745 625 754 639 ²
792 625 1005 658 dicebantur.

305 675 437 708 Statius
455 685 512 708 111.
553 677 643 717 Sylv.
674 677 795 708 Lachr.
819 676 1004 707 Hetrusci:

304 725 317 743 ⁴
332 726 424 758 Quas
440 726 503 758 tibi
520 726 634 758 devoti
655 726 808 759 Juvenes
825 734 885 766 pro
906 729 1005 766 patre

310 781 430 808 renato
439 776 576 808 Summe
590 777 712 808 ducum
723 779 847 817 grates,
860 780 918 807 aut
929 785 1004 817 quae

308 824 367 865 pia
397 831 476 857 vota
498 825 724 867 rependunt?
768 826 861 857 Hinc
885 826 1006 858 Cicero

309 884 387 906 eum
401 874 568 916 diemquo
584 876 625 907 ab
637 876 740 907 exilio
753 885 907 907 reversus
919 881 1006 916 erat,

310 924 320 941 ⁸
335 919 502 955 natalem'
525 935 621 957 suum
644 926 797 968 appellat
812 934 868 957 ιιι.
885 926 926 957 ad
942 925 1005 957 At·

310 973 371 1006 tic.
396 975 527 1007 Gerar-t.

344 1025 516 1058 CAmuwr.
529 1026 725 1068 Saturnales]
737 1028 789 1059 Ne
798 1027 1005 1067 ambigamus

302 1075 352 1106 de
371 1084 533 1115 germana
558 1077 740 1119 epigraphe
768 1087 827 1109 seu
848 1078 1006 1109 lemmate

306 1124 528 1167 ymciephujus
537 1127 864 1169 Sylvulae‚Papinius
874 1128 947 1168 ipse
957 1126 1006 1158 fa·

307 1174 371 1214 cit,
386 1183 461 1206 cum
478 1176 512 1206 in
535 1177 686 1208 clausula
701 1178 812 1218 Epist.
826 1182 1005 1219 προσφωνη-

304 1227 394 1263 τικῆς
418 1226 460 1258 ad
486 1227 626 1259 Stellam
642 1228 690 1259 ita
706 1229 837 1268 scribit,
861 1228 870 1245 ‘
882 1228 921 1259 Iu
937 1226 1005 1259 fine

305 1280 388 1307 sunt
416 1276 496 1308 Kal.
522 1277 731 1314 Decembris,
747 1278 869 1319 quibus
888 1277 1004 1318 utique

305 1324 470 1358 creditur.
509 1325 656 1358 Noctem
671 1326 760 1359 enim
775 1325 1004 1357 felicissimam

307 1373 448 1415 habent,
476 1379 512 1406 et
534 1375 764 1416 voluptatibus
789 1376 931 1416 publicis
955 1376 1004 1406 in-

303 1425 507 1466 expertam.'
566 1425 613 1457 At
643 1435 763 1456 novum
794 1430 830 1457 et
855 1425 1004 1456 insolens

305 1479 360 1506 est
373 1484 393 1506 a
408 1475 488 1506 Kal.
512 1475 761 1507 Decembribus
776 1475 907 1507 initium
922 1475 1004 1506 dare

303 1524 563 1556 ‘Saturnalibus
583 1525 711 1566 optimo
726 1524 881 1557 dierum.’
923 1525 1003 1556 Plu-

305 1575 444 1606 tarchus
485 1580 595 1607 tamen
625 1575 824 1617 adstipulari
855 1575 1003 1615 videtur,

304 1635 381 1657 cum
410 1626 444 1657 in
473 1627 590 1658 Causis
614 1626 712 1659 Rom.
730 1626 790 1666 ait,
804 1623 903 1657 Οὗτος
917 1626 935 1656 ὁ
947 1623 1004 1665 μὲν

303 1675 482 1717 καθιέριπαι
497 1676 610 1719 Κρόνῳ,
638 1677 727 1719 quod
743 1687 819 1709 cum
834 1677 884 1709 his
900 1678 1002 1708 Seue-

301 1736 355 1758 cae
372 1727 482 1759 verbis
499 1728 671 1760 consentit
685 1739 694 1760 :
719 1730 730 1747 ⁴
743 1728 934 1760 December
949 1732 1003 1760 est

304 1778 440 1817 mensis,
457 1788 524 1819 quo
539 1779 684 1810 maxime
699 1778 844 1810 desudat
858 1778 1003 1811 civitas!

304 1828 346 1859 In
363 1828 593 1860 Saturnalium
611 1829 769 1861 videlicet
785 1833 951 1870 apparatu
966 1833 1003 1861 et

300 1877 545 1910 celebratione.
590 1879 772 1911 Rationem
807 1879 910 1910 etiam
945 1878 1002 1910 ad-

302 1926 374 1958 fert
404 1927 624 1968 eloqnentiss.
654 1927 817 1968 Sophista
833 1928 1003 1968 Libanius,

301 1981 340 2008 et
354 1977 403 2008 his
419 1977 498 2009 Kal.
510 1977 671 2009 Decemb.
683 1982 718 2009 et
729 1978 904 2019 Januarilis
911 1987 1001 2010 com-

306 2035 456 2066 munem,
473 2027 506 2057 in
523 2027 688 2067 Ecphrasi
711 2037 770 2059 seu
792 2027 913 2059 florida
935 2028 1002 2059 Ka-

303 2076 480 2107 lendarum
525 2077 768 2117 descriptione,
805 2087 886 2118 pag.
917 2077 1001 2110 edit.

301 2126 429 2157 nostrae
446 2129 519 2158 178.
538 2136 636 2167 quam
652 2127 826 2158 consulere
849 2137 916 2159 non
931 2137 1001 2169 poe-

301 2175 437 2207 nitebit.
472 2177 525 2207 Ex
539 2176 601 2208 hac
615 2176 706 2207 enim
722 2181 820 2216 patet
836 2177 1000 2208 Phoebum

302 2225 530 2267 Musagetam‚
557 2230 594 2258 et
619 2235 770 2257 severam
787 2236 827 2258 ac
844 2227 1001 2258 tetricam

302 2275 505 2306 Minervam.
528 2276 653 2307 Morell.

344 2326 365 2355 2
394 2324 550 2364 Feriatoe]
595 2325 694 2364 Sunt,
726 2324 782 2366 qui
819 2325 1001 2366 legendum

302 2378 467 2405 censent:
492 2373 707 2412 iteferiatum.
747 2374 814 2405 Sed
831 2375 914 2406 nihil
930 2384 1002 2406 mu-

301 2423 440 2456 tandum
455 2424 488 2455 in
504 2434 540 2456 re
551 2425 657 2457 clara.
701 2424 790 2456 Nam
812 2425 822 2443 ‘
838 2423 999 2456 feriatus’

302 2475 391 2506 idem
422 2476 487 2515 hic,
516 2475 606 2517 quod
643 2476 653 2493 ‘
666 2475 817 2507 otiosus.’
871 2474 1001 2507 Auctor

303 2524 479 2565 Pervigilii
507 2525 675 2556 Veneris:
707 2527 716 2544 ‘
735 2526 791 2557 Ite
818 2525 1000 2566 Nymphae,

303 2575 417 2615 posuit
427 2585 530 2611 arma,
544 2574 687 2607 feriatus
705 2580 757 2607 est
769 2574 898 2608 Amor.'
933 2577 997 2608 Ge-

301 2628 386 2656 vart.
903 2637 908 2641 ’

342 2677 362 2706 4
386 2674 540 2707 Saturnus
554 2678 695 2717 compede
718 2677 859 2718 exoluta]
880 2678 996 2710 Satur-

301 2733 363 2755 nus
393 2724 426 2755 in
453 2726 672 2767 compedibus
703 2731 777 2759 toto
807 2737 894 2759 anno
915 2732 999 2762 erat.

300 2774 384 2806 Ver.
399 2775 540 2808 Flaccus
564 2785 698 2809 causam
714 2777 847 2818 ignorat
859 2789 870 2811 ς
892 2778 997 2819 Apol-

764 232 906 266 NO'PAE
938 234 1199 267 VARmRtJM
1234 234 1285 266 m

1052 327 1189 359 lodorus
1204 327 1336 367 scribit,
1349 324 1529 360 Saturnum
1545 321 1663 360 vinciri
1674 321 1748 370 'per

1054 386 1176 409 annum
1194 379 1288 409 laneo
1300 378 1444 417 vinculo,
1455 381 1492 409 et
1504 376 1587 409 solvi
1598 376 1641 410 ad
1656 376 1748 411 dien

1053 426 1268 468 sibifactum,
1283 428 1344 459 lioc
1360 431 1414 459 est
1435 428 1470 459 iu
1493 425 1748 461 Saturnalibus}

1053 477 1132 509 inde
1148 477 1376 519 proverbium,
1391 477 1488 509 Deos
1509 475 1618 519 pedes
1632 475 1749 510 laneos

1053 529 1189 570 babere,
1217 528 1401 570 significari
1437 537 1501 570 per
1534 522 1583 570 id,
1615 525 1748 561 decimo

1054 587 1169 610 mense
1193 588 1306 610 semen
1332 579 1366 610 in
1388 583 1487 611 utero
1513 577 1698 610 animatum
1713 578 1748 609 in

1055 628 1159 661 vitam
1191 628 1430 670 grandescere,
1458 628 1547 671 quod
1578 628 1688 661 donee
1714 639 1748 660 e-

1055 683 1191 720 rumpat
1223 679 1378 711 mollibus
1412 679 1565 711 nectitur
1591 679 1747 712 vinculis.

1056 728 1230 760 Dominus.
1624 720 1634 728 “
1704 728 1706 731 ’

1096 781 1117 809 8
1139 778 1328 819 Ebrv‘amque
1338 778 1477 820 partem]
1500 778 1568 810 Diu
1582 775 1676 811 lot-ns
1691 779 1748 811 iric

1055 829 1144 860 viros
1159 828 1278 860 doctos
1293 828 1458 860 exercuit.
1484 831 1488 836 '
1503 827 1669 861 Nonnulli
1679 828 1750 860 aul·

1055 876 1168 920 gatam
1179 879 1358 911 lectionem
1372 879 1521 919 tuentur,
1533 882 1570 910 et
1585 876 1630 910 de
1649 877 1661 896 ‘
1673 872 1748 920 'par-

1054 934 1091 960 te
1120 928 1187 959 diei
1216 927 1347 960 civilis'
1379 928 1665 969 interpretantur,
1691 927 1750 961 tlt

1055 977 1104 1010 sic
1119 987 1206 1019 pene
1223 977 1366 1008 Ovidius
1377 977 1477 1009 alibi:
1503 971 1751 1022 ‘Ultimapara

1053 1028 1176 1065 noctis,
1192 1028 1366 1070 primaque
1377 1028 1461 1060 lucis
1475 1027 1574 1060 erat.'
1594 1021 1661 1061 Sed
1675 1030 1749 1060 rec·

1055 1078 1123 1109 tius
1151 1078 1194 1109 de
1225 1077 1355 1110 ‘ludis'
1393 1077 1530 1110 videtur
1556 1077 1749 1121 intelligen-

1055 1128 1146 1163 dum.
1171 1137 1254 1169 quos
1283 1127 1453 1160 exhibitos
1484 1126 1603 1169 fuisse,
1620 1127 1749 1160 Statius

1055 1178 1156 1219 paulo
1171 1183 1248 1219 post
1259 1178 1383 1210 innuit.
1405 1177 1534 1210 Omnes
1547 1175 1748 1219 sciunt‘quid

1054 1226 1087 1258 in
1104 1227 1287 1260 Comoediis
1304 1232 1469 1259 vocentur
1484 1227 1495 1246 ‘
1508 1226 1646 1269 partes!
1680 1227 1747 1259 Pe-

1053 1277 1203 1309 tronius:
1229 1278 1239 1296 ‘
1251 1278 1335 1309 Mox
1363 1277 1419 1309 ubi
1435 1276 1593 1309 ridendas
1611 1276 1749 1309 inclusit

1054 1328 1178 1368 pagina
1201 1327 1337 1368 partes!
1383 1327 1546 1359 Horatius
1566 1338 1575 1359 ι
1599 1330 1609 1346 ‘
1623 1327 1748 1359 Partes

1053 1377 1210 1408 nimirum
1224 1382 1372 1422 tractare
1386 1375 1576 1408 secundas!
1619 1376 1757 1408 Illum-s

1051 1427 1204 1468 Scaliger
1228 1437 1271 1458 ex
1294 1427 1361 1458 Ms.
1402 1426 1544 1458 Senensi
1559 1426 1603 1458 ad
1626 1426 1750 1467 margi·

1053 1486 1129 1508 nem
1146 1478 1195 1508 sui
1212 1477 1288 1509 cod.
1303 1476 1552 1518 adscripserat:
1575 1475 1748 1518 ebriamque

1049 1536 1156 1567 pacem
1164 1537 1178 1564 ‚-
1200 1525 1289 1567 quod
1305 1530 1341 1558 et
1353 1525 1535 1558 Bernartio
1550 1525 1585 1558 in
1599 1522 1748 1558 mentem

1052 1577 1185 1609 venisse
1196 1576 1304 1609 video.
1315 1576 1492 1608 Minimum
1503 1575 1635 1608 recedit
1646 1585 1667 1608 a
1675 1576 1751 1608 vul-

1053 1631 1135 1668 gata
1158 1624 1329 1668 scriptura
1351 1626 1620 1668 ingeniosissima
1638 1626 1747 1659 Hein-

1053 1679 1094 1710 sii
1128 1679 1354 1720 conjecturat
1393 1679 1568 1722 ebriamque
1596 1678 1747 1711 Mortem.

1053 1729 1141 1761 Nam
1153 1729 1344 1763 Domitian.
1357 1729 1392 1761 in
1406 1730 1499 1762 hisce
1512 1724 1747 1762 Saturnalibus

1052 1778 1153 1810 etiam
1165 1777 1319 1811 foeminas
1331 1778 1548 1820 gladiatrices
1559 1779 1594 1811 in
1609 1775 1748 1811 arenam

1053 1828 1228 1869 produxit,
1258 1838 1342 1871 quas
1376 1829 1452 1869 ipse
1483 1827 1615 1861 Statius
1646 1828 1747 1870 paulo

1052 1883 1130 1918 post
1153 1879 1321 1920 proponit.
1364 1878 1552 1911 Richardns
1578 1878 1747 1910 'l'bomson

1052 1927 1087 1958 in
1117 1927 1240 1960 litteris
1266 1928 1309 1960 ad
1339 1929 1546 1961 Scriverium
1581 1922 1748 1968 nostrum,

1051 1977 1158 2019 legit:
1180 1979 1353 2020 ebriamque
1365 1973 1496 2011 noctem.
1532 1977 1663 2021 Aitque
1671 1984 1746 2010 eam

1052 2038 1127 2060 esse
1148 2029 1373 2072 indubitatam
1390 2028 1654 2069 correctionem,
1669 2026 1745 2060 'cum

1052 2078 1125 2118 ipse
1145 2078 1275 2110 Statius
1298 2079 1332 2110 in
1354 2079 1510 2120 Epistola
1530 2078 1574 2110 ad
1594 2077 1749 2116 Stellam,

1051 2128 1095 2159 de
1110 2128 1176 2160 hoc
1191 2138 1251 2160 suo
1266 2129 1416 2161 carmine
1431 2137 1551 2170 agens,
1565 2127 1615 2160 sie
1629 2127 1745 2170 loqua-

1052 2183 1119 2211 tur.
1163 2178 1226 2211 Ait
1253 2180 1363 2211 enim:
1389 2180 1399 2198 ‘
1411 2179 1453 2211 In
1474 2178 1543 2210 fine
1564 2181 1646 2210 sunt
1667 2178 1745 2210 Kal}

1051 2229 1234 2262 Decembr.
1270 2229 1391 2272 quibus
1427 2229 1548 2271 ntique
1582 2227 1746 2264 creditur.

1051 2279 1199 2311 Noctem
1227 2279 1316 2311 enim
1339 2279 1429 2311 illam
1443 2277 1674 2311 felicissimam
1688 2279 1745 2309 ba·

1051 2328 1148 2368 bent,
1172 2332 1207 2360 et
1231 2329 1462 2370 voluptatibus
1486 2327 1631 2370 publicis
1651 2329 1746 2362 inex-

1051 2378 1208 2419 pertam!
1251 2379 1342 2412 Quin
1377 2378 1420 2411 de
1452 2378 1620 2411 ebrietate
1656 2379 1747 2412 illius

1050 2429 1162 2460 noctis
1194 2433 1231 2461 et
1257 2428 1346 2460 infra
1373 2429 1548 2461 meminit:
1565 2421 1582 2448 ‘⁴
1595 2429 1747 2462 Vixdum
1807 2456 1810 2458 ,

1051 2479 1176 2510 coerula
1191 2488 1258 2511 nox
1274 2478 1411 2511 subibat
1425 2478 1564 2513 orbem?
1605 2478 1652 2512 Et
1666 2484 1748 2522 mour

1044 2519 1171 2559 *additz
1209 2529 1333 2569 'Largi
1361 2527 1502 2561 flumina
1537 2529 1612 2572 quis
1642 2530 1745 2561 canat

1049 2578 1164 2619 Lyaei?
1186 2579 1265 2612 ,lam
1277 2579 1351 2619 jam
1367 2578 1500 2619 deficio,
1515 2580 1642 2622 tuoque
1657 2578 1744 2610 Bac-

1048 2627 1111 2659 clio
1142 2627 1182 2659 In
1213 2628 1349 2668 longum
1374 2629 1487 2660 trahor
1509 2628 1624 2660 ebrius
1645 2622 1745 2669 sopo-¹

1048 2680 1142 2709 rem-³
1182 2677 1279 2709 Idem
1307 2678 1476 2710 Thomson
1505 2677 1621 2710 aiebat
1645 2687 1682 2710 se
1710 2677 1744 2722 iu

1047 2727 1113 2758 Ms.
1130 2728 1298 2768 reperisse
1310 2725 1482 2767 ebriamine
1496 2735 1633 2759 moeram.
1656 2727 1744 2759 C'on-

1048 2783 1116 2811 stat
1131 2782 1243 2810 autem
1264 2778 1390 2810 Parcas
1413 2777 1493 2809 olim
1517 2777 1626 2810 dictas
1641 2776 1744 2809 fuisse
