1846 3120
400 491 501 566 P.
584 488 1093 566 PAPINII
1173 487 1574 567 STATII

644 677 701 734 T
723 677 788 734 H
813 676 872 733 E
894 677 954 733 B
975 676 1039 735 A
1058 677 1093 734 I
1115 677 1181 735 D
1205 675 1266 736 Ο
1289 676 1334 736 S
1638 611 1643 614 Π

803 853 1024 904 LIBER
1077 854 1184 904 IX.

812 1176 987 1208 ARGUM
997 1176 1185 1207 EN'PUM.

269 1253 389 1286 Tvnm
417 1251 550 1290 feritas.
579 1252 716 1295 Argivis
743 1253 828 1295 ipsis
856 1254 979 1294 invisa,
1001 1254 1170 1286 Thebanis
1196 1263 1364 1286 summum
1387 1254 1560 1286 horrorem
1583 1252 1723 1286 incutit.

312 1306 414 1338 Hanc
427 1306 640 1339 occasionem
655 1306 779 1348 arripit
790 1306 952 1339 Eteocles
964 1315 1041 1338 suos
1058 1305 1242 1346 animandi,
1255 1316 1299 1338 ne
1315 1306 1355 1338 iis
1371 1299 1565 1347 parcerent,
1580 1305 1638 1348 qui
1653 1315 1723 1338 om·

311 1367 391 1390 nem
405 1358 648 1391 humanitatem
663 1364 841 1391 exuerant.
865 1359 1008 1391 Interim
1022 1359 1218 1400 Polynices,
1232 1358 1342 1403 Tydei
1356 1359 1452 1391 caede
1465 1357 1642 1398 efferatus,
1657 1357 1724 1390 sibi

314 1420 430 1442 ensem
443 1421 546 1452 supra
554 1421 680 1453 corpus
693 1411 792 1444 amici
806 1421 870 1453 per
881 1412 1028 1444 medium
1040 1417 1159 1453 pectus
1173 1412 1310 1453 adigere
1322 1412 1409 1453 vult,
1420 1411 1482 1444 sed
1498 1411 1666 1443 retinetur
1680 1411 1724 1443 ab

314 1462 478 1504 Adrasto,
493 1469 530 1496 et
544 1465 645 1505 longe
661 1469 904 1498 summovetur.
931 1465 1096 1506 Thebani,
1109 1464 1225 1498 verbis
1238 1464 1391 1497 Eteoclis
1404 1464 1553 1505 accensi,
1561 1463 1677 1505 spoliis
1687 1467 1725 1495 et

315 1525 461 1557 corpore
472 1516 582 1558 Tydei
596 1517 701 1558 potiri
711 1517 897 1550 enituntur.
922 1516 1165 1559 Hippomedon
1179 1517 1237 1549 illa
1251 1516 1467 1549 defendenda
1481 1516 1632 1559 suscipit.
1654 1514 1726 1548 Hic

315 1572 415 1600 atrox
429 1578 557 1610 pugna,
568 1573 606 1601 et
619 1569 773 1601 Thebani
789 1569 929 1610 incepto
945 1569 1112 1602 desistere
1133 1570 1246 1602 coacti
1268 1568 1428 1610 fuissent,
1441 1569 1506 1602 nisi
1527 1567 1726 1610 Tisiphone,

315 1624 427 1653 sumto
441 1621 514 1653 noti
530 1620 653 1662 Argivi
678 1622 786 1662 vultu,
801 1622 1019 1663 accurrisset,
1036 1622 1308 1664 Hippomedonti
1329 1621 1482 1657 referens
1505 1621 1692 1655 Adrastum
1706 1629 1728 1652 a

315 1673 484 1705 Thebanis
500 1678 639 1715 captum
654 1683 755 1714 opem
770 1673 860 1706 illius
872 1673 1068 1715 implorare.
1089 1673 1213 1707 Haeret
1227 1674 1479 1716 Hippomedon,
1495 1673 1570 1715 sed,
1581 1678 1728 1716 urgente

316 1725 515 1766 Tisiphone,
528 1725 639 1767 Tydei
655 1735 780 1767 corpus
797 1726 897 1758 sociis
913 1725 1162 1758 defendendum
1175 1726 1372 1764 committit.
1386 1727 1547 1768 illamque
1561 1726 1728 1768 seqnitur.
1773 1725 1775 1727 ’

318 1778 405 1810 Cum
420 1788 502 1811 vero
516 1777 594 1810 falsi
610 1778 729 1820 Argivi
745 1778 898 1819 vestigiis
911 1778 974 1810 diu
988 1778 1190 1819 insistendo,
1199 1778 1242 1810 ad
1255 1779 1368 1811 locum
1383 1778 1441 1811 ubi
1459 1783 1535 1811 erat
1546 1777 1731 1818 Adrastus,-

318 1832 545 1872 pervenisset,
559 1841 596 1863 se
613 1831 759 1871 prodens
781 1831 885 1862 Furia
900 1830 1013 1862 subito
1034 1832 1220 1872 evanescit,
1235 1837 1272 1864 et
1292 1832 1350 1863 ille
1374 1830 1558 1863 Adrastum
1578 1830 1728 1863 liberum

318 1887 356 1915 et
370 1883 572 1915 incolumem
586 1883 690 1915 videt.
713 1883 857 1915 Interea
867 1883 1024 1915 Thebani
1037 1893 1163 1925 corpus
1173 1883 1281 1925 Tydei
1298 1884 1333 1916 in
1349 1893 1442 1916 suam
1456 1887 1664 1925 potestatem
1679 1893 1732 1916 re·

319 1936 452 1977 digunt,
466 1935 556 1977 quod
579 1936 710 1976 magnis
726 1935 930 1968 clamoribus
946 1935 1156 1977 significant.
1202 1936 1295 1968 Hinc
1309 1935 1458 1968 ferocior
1482 1935 1728 1978 Hippomedon

320 1988 390 2020 cito
406 1988 615 2029 regreditur,
629 1994 666 2020 et
687 1989 822 2020 obviam
844 1988 974 2020 habens
997 1988 1107 2029 Tydei
1128 1987 1362 2029 Armigerum,
1384 1989 1442 2030 qui
1457 1998 1582 2031 equum
1596 1988 1727 2021 domini

319 2044 461 2072 moestus
486 2040 639 2080 tenebat,
655 2040 689 2072 in
711 2041 803 2073 hunc
819 2041 937 2083 insilit,
949 2045 987 2073 et
1001 2041 1180 2073 Thebanos
1196 2032 1323 2073 acriter
1346 2045 1536 2083 oppugnat.
1581 2041 1630 2073 Hi
1644 2041 1729 2082 fuga

321 2097 424 2134 capta
438 2093 472 2125 in
487 2093 660 2125 Ismenum
674 2093 813 2126 fluvium
830 2094 930 2126 solito
945 2095 1133 2136 pleniorem
1149 2103 1186 2126 se
1209 2094 1403 2136 promiscue
1417 2094 1588 2136 injiciunt.
1633 2094 1732 2126 Saltu

321 2146 448 2187 majore
462 2154 501 2177 se
512 2146 736 2187 praecipitans
749 2146 1005 2190 Hippomedon,
1019 2148 1079 2180 hos
1094 2157 1155 2189 per
1170 2147 1301 2179 medias
1316 2146 1421 2179 undas
1437 2147 1602 2179 attonitos
1617 2151 1733 2188 urget,

322 2204 359 2231 et
374 2209 528 2241 magnam
543 2200 694 2232 hostium
712 2200 842 2232 caedem
856 2200 952 2233 facit.
996 2201 1095 2242 Equo
1110 2200 1263 2242 graviter
1278 2201 1457 2233 vulnerato
1472 2199 1599 2241 desilit,
1621 2204 1656 2232 et
1671 2210 1731 2242 pe-

321 2252 383 2284 des
399 2261 545 2293 pugnam
562 2253 702 2294 repetit,
725 2252 875 2284 medium
890 2252 1016 2285 flumen
1038 2253 1190 2285 humeris
1206 2262 1379 2295 superans.
1422 2252 1595 2284 Plurimos
1610 2251 1733 2295 adhuc,

323 2308 361 2335 et
375 2304 467 2336 inter
481 2314 553 2346 eos,
570 2305 748 2337 Crenaeum
771 2306 887 2337 Fauno
903 2310 940 2338 et
956 2306 1120 2347 Nympha
1142 2305 1459 2340 IsmenideIsmeni
1480 2303 1574 2337 fluvii
1588 2304 1658 2337 filia
1673 2314 1731 2346 ge-

323 2356 444 2396 nitum,
469 2357 504 2388 in
531 2357 631 2389 avitis
647 2357 744 2399 aquis
760 2358 959 2399 gloriantem
985 2357 1162 2390 interficit.
1206 2358 1293 2390 Cum
1318 2357 1468 2390 lamenta
1482 2357 1673 2390 Ismenides
1688 2357 1733 2390 ob

322 2412 467 2440 mortem
483 2408 543 2440 filii
558 2408 600 2441 ad
624 2408 795 2441 [amenum
812 2410 1061 2451 pervenissent,
1077 2410 1186 2442 undas
1201 2408 1309 2450 inflat,
1323 2409 1444 2451 quibus
1458 2419 1664 2443 summersus
1678 2409 1733 2443 tu-

324 2460 409 2492 isset
426 2460 680 2502 Hippomedon,
695 2462 759 2494 nisi
773 2461 912 2503 Jupiter
926 2461 1035 2493 flexus
1044 2462 1196 2496 *Junonis
1211 2461 1387 2503 precibus,
1402 2471 1479 2504 quae
1495 2471 1587 2504 eum,
1601 2471 1646 2494 ne
1659 2466 1733 2495 tan-

324 2516 380 2544 tus
397 2512 521 2553 Herus,
536 2513 669 2554 sibique
686 2524 786 2546 carus
796 2514 859 2546 hoc
874 2523 1000 2555 genere
1016 2513 1136 2546 mortis
1152 2514 1294 2555 periret,
1306 2512 1419 2547 fuerat
1434 2514 1636 2556 deprecata,
1654 2524 1737 2548 ocu-

323 2565 375 2596 los
390 2565 424 2596 in
446 2575 577 2598 amnem
600 2565 776 2608 flexisset3
800 2577 867 2609 quo
881 2567 996 2599 statim
1014 2567 1090 2609 ejus
1104 2576 1202 2608 aquae
1217 2566 1416 2599 concidunt.
1458 2567 1528 2600 sed
1543 2568 1732 2610 Hippome-

327 2617 395 2648 don
422 2618 466 2649 ad
479 2651 481 2653 ,
495 2618 605 2659 ripam
634 2620 816 2660 accedens,
843 2620 891 2654 ibi
919 2620 1159 2654 Thebanorum
1187 2620 1263 2652 telis
1293 2620 1495 2663 sagittisque
1521 2619 1731 2654 confoditur.

328 2670 491 2711 Hypseus
506 2676 639 2703 mortuo
665 2673 797 2713 galeam
824 2679 861 2705 et
883 2682 997 2706 ensem
1023 2672 1186 2706 detrahit.
1229 2672 1409 2714 Capaneus
1433 2671 1612 2714 Hypseum
1635 2673 1734 2706 hasta

327 2722 477 2764 perimit,
494 2723 692 2766 potitusque
707 2724 782 2765 ejus
805 2730 842 2758 et
864 2725 972 2768 ipsius
988 2725 1278 2769 Hippomedontis
1292 2725 1438 2763 exuviis,
1453 2729 1615 2768 utrasque
1630 2735 1734 2768 supra
