1858 3112
210 196 324 241 1720

210 300 387 334 comoediae
398 300 530 333 Latinae
540 309 616 342 qnae
630 300 663 331 in
678 299 818 332 theatris
831 308 908 341 age-

210 351 348 392 bantur,
363 351 530 383 traductae
549 361 636 392 pene
661 360 777 383 omnes
803 355 882 382 sunt
900 360 909 382 z

212 402 305 444 quid,
324 402 436 443 inquit
462 401 638 441 Papinius,
666 400 798 433 laudem
820 410 909 432 nunc

210 452 378 484 actionem
395 454 431 483 et
446 451 648 491 spectacula
659 451 910 491 comoediarum,

212 511 286 542 quae
304 501 458 533 Romana
474 501 586 540 lingua
603 510 622 531 a
638 500 828 532 Menandro
852 510 907 532 ac-

212 555 324 591 ceptae
355 554 455 591 grata
491 549 666 590 poctarum
704 550 844 582 licentia
876 550 910 582 in

213 601 347 632 theatro
361 600 429 632 illic
445 600 614 639 aguntur?
640 600 763 632 Domit.

254 653 296 682 98
319 650 475 691 Iliacoque
485 649 602 690 jugum
627 650 832 690 memorabile,
845 649 913 691 ξω]

212 701 385 732 Misenum
402 705 549 732 montem
566 701 741 742 intelligit.
775 702 830 732 De
846 710 913 742 quo

214 750 338 791 Virgil.
355 750 429 781 AEn.
447 759 496 782 vr.
518 750 670 782 Bernart.

257 803 320 832 100
335 801 554 841 Teleboumque
564 799 684 840 domos]
698 800 809 832 Etiam
822 810 914 832 eaeco

214 854 350 891 pateret
373 850 515 882 eandem
540 850 754 891 τοπογραφίαν
772 860 830 882 seu
851 862 915 890 χω·

212 899 382 941 ρογραφίωι
408 900 462 931 hic
492 899 677 941 designari,
706 911 782 943 quae
813 910 917 941 snpra

214 960 304 983 vers.
324 953 396 983 129.
413 952 488 982 130.
513 955 547 982 et
563 961 634 992 seq.
649 951 682 982 in
700 951 801 983 Herc.
831 952 912 982 Sur-

214 1002 362 1041 rentino,
390 1001 444 1033 nbi
471 1001 515 1032 de
542 1001 683 1042 Capreis
705 1005 741 1032 et
756 1001 914 1034 Telebois

215 1052 362 1084 diximus
387 1060 429 1082 ex
455 1051 638 1091 Strabone,
662 1051 797 1091 Plauto,
813 1052 912 1093 Virg.

213 1102 335 1144 quibus
365 1101 537 1132 consentit
570 1100 709 1132 Tacitus
744 1100 832 1134 Ann.
862 1110 913 1133 lv.

214 1150 427 1192 Significavit
454 1155 567 1182 tamen
595 1151 674 1182 mihi
700 1151 915 1192 pereruditus

216 1202 270 1233 Fr.
297 1201 506 1243 Tiliobroga,
533 1211 610 1233 eum
641 1201 699 1232 has
730 1202 839 1233 Notas
870 1201 913 1233 ad

214 1251 412 1283 umbilicum
434 1251 604 1290 ducerem,
625 1261 660 1282 se
685 1261 750 1282 non
771 1252 914 1283 multum

216 1302 421 1343 pertendere
434 1302 477 1333 de
489 1301 725 1333 emendatione
735 1301 823 1333 illius
834 1301 913 1339 loci,

215 1363 257 1385 eo
279 1354 367 1396 quod
395 1363 456 1394 per
482 1353 673 1384 Tam-ubuum
696 1353 850 1384 videatur
865 1353 915 1384 in·

216 1404 321 1444 telligi
338 1402 576 1441 νησὶδιονίΙΙίιιε
600 1408 729 1435 tractus
756 1403 919 1445 ignobile,

577 1659 968 1709 SYLVARUM
1024 1657 1167 1705 LIB.

267 1760 344 1792 Tres
378 1762 488 1803 habet]
523 1763 655 1795 Vitiata
688 1762 792 1794 verba
813 1761 919 1792 nemi-

218 1819 295 1841 nem
312 1811 454 1851 fugiunt.
500 1812 607 1844 Ortus
618 1822 714 1844 error
730 1821 770 1843 ex
788 1809 929 1846 numeri.

217 1861 306 1892 notis
331 1871 387 1894 111.
412 1873 511 1905 quem
537 1864 601 1894 Iria
623 1863 740 1895 dicere
763 1871 828 1893 non
857 1865 920 1893 tres

218 1921 284 1942 non
323 1917 374 1944 est
411 1913 627 1945 observatum
667 1913 821 1945 futilibus
860 1922 918 1944 ex-

217 1961 451 2004 scriptoribus.
490 1965 618 1997 Eadem
643 1964 729 1996 ratio
750 1964 807 1996 τοῦ
828 1968 919 2004 quor-

216 2018 260 2046 ta.
294 2014 455 2056 Opineris
471 2021 585 2048 tamen
603 2025 722 2047 vocem
739 2016 919 2056 opusculum

212 2060 363 2105 'glossam
393 2075 480 2104 esse,
510 2070 545 2097 et
567 2066 749 2107 papinium
768 2065 917 2104 Eclogam

218 2115 406 2156 scripsisse.
430 2116 547 2148 Barth.

675 206 815 237 NOTAE
851 205 1112 237 v‚AR10RUM
1147 206 1203 238 ΙΝ,

962 303 1000 332 ut
1019 299 1120 332 Nesis
1136 304 1172 332 et
1188 301 1346 343 Euploea,
1368 294 1513 343 quorum
1529 300 1584 333 vix
1599 307 1668 344 1οᾳ

962 349 1050 381 mina
1066 349 1147 381 alibi
1169 354 1300 384 extant.
1343 350 1384 383 Id
1410 360 1490 383 vero
1516 348 1669 391 ingenuo.

962 403 1142 439 acceptum
1170 399 1240 432 fert
1262 401 1306 433 V.
1322 401 1363 434 C.
1384 401 1459 434 Jos.
1481 401 1670 442 scaligero.

962 449 1234 489 ἐγκυκλοπαιδείας
1255 451 1338 483 Soli.
1387 450 1538 484 Consilio
1553 454 1589 483 et
1604 450 1664 491 ju·-

965 499 1056 531 dicio
1074 501 1160 531 tanti
1171 500 1233 532 viri
1245 501 1459 544 accederem,
1471 501 1537 534 nisi
1559 500 1666 534 tutior

965 554 1056 582 esset
1070 551 1228 583 ’Enoxlffi
1253 552 1379 584 More-ll.
1609 547 1611 550 ’
1630 551 1649 576 -’

1009 603 1070 632 104
1092 601 1292 643 AEnan‘aeque
1303 603 1388 634 lacus
1401 600 1549 642 medem]
1561 600 1664 634 Men-

966 650 1040 682 dosi
1056 650 1192 683 codices
1208 651 1257 683 ita
1269 651 1391 693 scripti
1400 656 1493 692 sunt,
1505 656 1669 684 cm

967 710 1024 741 que
1034 701 1118 732 lacus
1128 711 1139 732 .-
1161 710 1222 733 nos
1236 710 1316 733 vero
1331 701 1552 734 emendamus
1563 707 1603 734 ut
1617 701 1668 733 la·

969 761 1026 793 gas
1039 752 1194 792 AEnarioe,
1203 763 1279 784 nam
1290 752 1423 785 AEuaria
1439 753 1549 785 insula
1561 752 1669 785 est-io

970 803 1084 834 littore
1097 803 1271 844 Campano
1293 802 1352 835 ubi
1379 812 1475 844 aquae
1501 802 1671 835 scaturie-·

970 852 1051 883 bant
1074 863 1152 893 quae
1179 853 1357 885 calculosis
1375 852 1666 892 medeba-:tunm
1713 884 1717 890 ,

970 903 1060 934 Plin.
1086 903 1217 935 scribit.
1234 903 1361 936 idcirco
1377 903 1542 945 Papinius
1557 903 1607 936 nit
1620 903 1668 936 la-

966 961 1019 983 cus
1033 952 1176 985 medicos.
1219 953 1421 994 Statinasque
1435 952 1576 994 renatas]
1590 953 1668 986 soa—

968 1002 1038 1033 tina
1055 1002 1165 1034 insula
1180 1002 1214 1033 in
1238 1003 1355 1034 littore
1377 1004 1560 1044 Campano.
1604 1003 1669 1036 Re-

968 1053 1075 1094 nalas]
1096 1052 1185 1083 Nam
1200 1062 1267 1084 uno
1282 1056 1384 1084 terrae
1395 1057 1487 1084 motu
1503 1051 1668 1094 oppidum

967 1101 1122 1133 haustum
1149 1106 1218 1143 est,
1238 1102 1347 1134 altero
1365 1102 1670 1136 Statinaemersit.

969 1151 1094 1184 Domit.
1668 1185 1671 1189 ,

1012 1204 1075 1233 110
1104 1201 1227 1242 Venies,
1245 1201 1432 1243 prm-enies]
1448 1201 1607 1243 Figuram
1622 1201 1668 1233 is·

968 1255 1037 1283 tam
1052 1253 1212 1293 loquendi
1227 1262 1302 1283 eum
1317 1251 1538 1292 productione
1550 1261 1671 1284 versus

968 1302 1154 1333 illustravit
1177 1301 1211 1334 J.
1226 1301 1270 1333 G.
1288 1302 1427 1333 Vossius
1442 1302 1581 1341 Rhetor.
1607 1301 1671 1342 lib·

970 1361 1003 1383 v.
1016 1361 1092 1394 cap.
1109 1355 1141 1384 5.
1159 1362 1191 1393 p.
1206 1354 1281 1383 322.
1305 1351 1422 1384 Barea.
1446 1386 1450 1389 .

1225 1657 1316 1705 IV.

974 1760 1064 1792 mino
1082 1759 1207 1793 Caesari
1220 1758 1328 1799 ‹lare,'
1351 1762 1418 1798 est,
1442 1755 1494 1789 Ad
1511 1755 1682 1797 majesta·

975 1815 1044 1843 tem
1068 1811 1154 1842 sacri
1180 1810 1321 1842 nominis
1343 1809 1505 1853 allegare,
1521 1811 1558 1838 et
1572 1815 1675 1838 acce·

974 1861 1055 1892 dere
1078 1861 1120 1892 ad
1147 1861 1297 1902 templa:
1321 1864 1359 1892 ut
1379 1859 1493 1897 ἣδιστα
1518 1855 1676 1889 Martial-

974 1911 1083 1950 Epist.
1107 1911 1127 1942 l.
1155 1919 1233 1942 vm.
1265 1909 1308 1941 ad
1331 1909 1475 1941 eundem
1498 1908 1672 1940 Caesarem

973 1960 1103 1993 scribit.
1150 1961 1195 1992 Et
1210 1961 1367 1994 Julianus
1394 1959 1485 1999 Imp.
1507 1956 1550 1988 ad
1579 1955 1676 1989 Jam-

973 2012 1110 2051 micum,
1129 2010 1194 2042 ἀντ’
1219 2009 1410 2050 ἀναθήματος
1427 2007 1496 2046 ϊὴιτΔ
1513 2005 1679 2048 πρόῤῥησιν

972 2061 1147 2102 ἐκπέμπειν,
1171 2062 1236 2092 Pro
1250 2063 1338 2093 dono·
1349 2069 1437 2092 sacro
1455 2058 1675 2091 salutationem

971 2115 1106 2145 mittere.
1153 2112 1238 2145 Quis
1269 2116 1384 2143 autem
1414 2108 1562 2150 ambigat
1585 2107 1675 2138 ‘mas

261 2166 342 2204 Eius
368 2166 466 2206 epulis
490 2166 673 2207 honoratus]
699 2166 739 2197 In
763 2165 918 2198 omnibus
966 2165 1086 2205 jrstati
1114 2160 1340 2202 consecrare‚'
1363 2160 1515 2192 ἀναθεῖναι
1537 2157 1589 2190 καὶ
1612 2155 1676 2199 ἱρὸν

218 2216 293 2247 aliis
309 2216 483 2247 codicibus
499 2217 621 2248 menda
638 2222 691 2248 est
708 2227 716 2248 :
741 2226 818 2247 nam
836 2216 921 2256 legi-

219 2272 275 2298 tur
311 2267 459 2308 epistolis.
505 2267 669 2309 Papinius
700 2273 814 2298 autem
850 2268 921 2308 agit

217 2317 344 2357 gratias
368 2317 400 2347 in
424 2317 572 2348 secunda
595 2317 698 2358 Sylva
714 2326 780 2347 non
796 2317 922 2357 episto-

216 2367 271 2404 lis,
286 2368 343 2397 sed
360 2367 517 2398 convivio
528 2371 564 2398 et
573 2366 683 2408 epulis
699 2366 922 2407 Imperatoris

221 2417 340 2456 quibus
368 2415 586 2448 interfuerat.
630 2415 765 2447 Secundi
787 2416 922 2458 ordinis]

221 2467 412 2507 Equestris.
458 2467 545 2498 Nam
563 2465 691 2506 primus
718 2470 770 2497 est
793 2471 923 2496 senato.

220 2517 301 2548 rius.
332 2517 461 2547 Contra
476 2515 617 2556 noejus,
633 2515 666 2546 id
683 2522 748 2554 est,
763 2516 812 2546 ita
826 2524 924 2546 carus

220 2570 273 2598 est
287 2565 381 2603 mihi,
397 2571 433 2597 ut
448 2565 601 2607 quamvis
619 2565 679 2596 tibi
695 2564 739 2596 sit
752 2564 918 2596 condisci-

221 2616 333 2657 pulus,
361 2621 396 2646 et
423 2625 462 2646 eo
480 2616 555 2656 jure
573 2625 592 2646 a
612 2619 645 2646 te
669 2615 843 2656 diligatur,
869 2620 918 2647 ta-

221 2675 298 2697 men
325 2666 372 2696 ita
395 2672 527 2695 ametur
553 2669 590 2695 nt
616 2664 669 2696 isti
699 2665 837 2706 tuojuri
852 2675 919 2698 non

222 2718 354 2749 cedam.
380 2715 556 2754 Domitius.

267 2769 390 2803 Quanto
405 2767 459 2798 Ιιοε
467 2767 536 2808 plus
550 2769 595 2798 est
603 2776 693 2807 quam
705 2767 808 2808 edere]
823 2767 833 2786 ‘
847 2769 928 2801 Do-v

972 2214 1113 2257 γράφειν,
1139 2218 1176 2246 ut
1198 2214 1378 2246 citavimus
1400 2222 1445 2244 ex
1471 2211 1573 2244 Pind.
1592 2211 1674 2252 plus

975 2270 1064 2306 esse;
1089 2275 1187 2307 quam
1209 2264 1334 2296 ‘edere
1346 2263 1369 2295 ?'
1393 2261 1540 2295 ἐκδιδόναι
1550 2260 1675 2301 λάγους,

976 2318 1009 2348 in
1033 2317 1141 2358 Epist.
1174 2311 1397 2348 Alexandrini
1426 2314 1476 2346 M.
1508 2312 1551 2345 ad
1581 2310 1675 2344 Aris-

978 2372 1040 2400 tot.
1058 2368 1115 2399 ubi
1133 2365 1320 2407 ἑκδομένονς,
1334 2363 1459 2396 πάντων
1472 2361 1600 2402 κοινοὺς,
1615 2371 1675 2403 ap·

978 2419 1097 2460 pellat,
1121 2418 1144 2442 κ*
1163 2417 1282 2449 Editus
1295 2418 1304 2432 '
1346 2415 1462 2454 libros,
1499 2415 1509 2432 ‘
1525 2412 1676 2444 omnium

979 2467 1195 2500 communes.’
1232 2467 1333 2498 Plato
1349 2466 1383 2496 in
1397 2465 1535 2504 Timaeo,
1545 2461 1587 2495 εἷς
1599 2460 1676 2494 «ιι-άν-

977 2530 1033 2550 τας
1044 2516 1158 2556 λέγειν.
1195 2516 1266 2548 Cic.
1285 2515 1486 2556 interprete,
1502 2512 1677 2551 enuntiare,

980 2573 1016 2601 et
1030 2569 1167 2601 indicare
1176 2569 1214 2599 vin
1229 2568 1352 2606 tulgus.
1397 2565 1489 2598 Hinc
1500 2565 1619 2597 Plant.
1630 2579 1632 2581 ·
1642 2564 1677 2595 in

973 2619 1136 2651 Bacchid.
1158 2619 1168 2637 ‘
1185 2617 1296 2658 Vulgo
1312 2613 1565 2656 dispalescere!
1577 2612 1678 2645 Aino-

971 2668 1067 2709 λογίαι
1081 2668 1207 2709 legitur
1218 2661 1253 2698 in
1266 2666 1343 2699 ead.
1355 2666 1469 2706 Epist.
1483 2664 1588 2696 Mart.
1598 2673 1676 2696 cum

973 2720 1034 2757 ait,
1057 2717 1233 2758 ‘Libellos
1264 2725 1341 2747 suos
1375 2714 1524 2747 Domino
1549 2714 1679 2746 Caesari

973 2768 1179 2811 supplicare,
1196 2766 1272 2809 quia
1288 2766 1404 2801 Caesar
1422 2764 1461 2797 iis
1481 2763 1619 2806 famam,
1643 2763 1679 2806 id
