1846 3120
280 216 395 260 1566

776 222 818 254 P.
849 222 1038 254 PAP1N11
1069 222 1234 256 s'rA'l’u

285 322 506 372 Chironis,
525 318 669 375 patria
681 330 763 360 nec
783 317 940 371 degere
960 316 1124 359 Peleos
1143 317 1263 360 aula.

284 390 383 441 Eia,
404 390 592 441 irrumpe
612 386 750 436 DeoS‚
771 390 817 427 et
834 385 930 427 fata
945 384 1125 427 latentia
1142 385 1264 437 laxa,

285 456 634 509 Laurigerosque
649 453 786 506 ignes,
807 453 846 496 si
865 452 1056 508 quand0‚
1075 452 1356 496 avidissimus
1374 453 1528 496 hauri:

283 523 422 565 Arma
440 520 650 564 horrenda
670 520 751 564 tibi
768 533 1002 575 saevosque
1021 520 1266 562 remisimus
1286 533 1428 563 enses.

1641 519 1733 564 610

285 590 527 643 Nunquam
546 587 628 630 has
647 587 846 630 imbelles
867 587 994 641 galea
1006 587 1229 629 violabere
1246 588 1405 647 vittas:

284 657 358 699 Sis
375 655 499 706 felix,
520 668 784 710 numeroque
803 655 963 697 ducum
977 655 1254 710 praestantior
1272 655 1409 707 omni,

284 723 335 765 Si
351 735 554 776 magnum
577 722 746 763 Danais
763 734 843 776 per
861 728 907 763 te
927 721 1150 775 portendis
1169 720 1405 765 Achillem.

281 788 313 831 J
316 788 553 831 amdudum
573 787 750 841 trepido
763 786 1013 829 circumfert
1030 787 1194 830 lumina
1211 792 1349 840 motu,
1416 819 1419 822 ι

282 855 616 908 Intrantemque
637 853 783 894 Deum
803 854 943 908 primo
961 853 1126 908 pallore
1142 853 1304 896 fatetur

1641 854 1731 902 ⁵15

282 920 587 964 Thestorides:
616 933 726 963 mox
746 921 845 974 igne
865 933 999 975 genas
1016 925 1060 962 et
1079 922 1291 974 sanguine
1310 926 1519 976 torquens

282 987 382 1033 Nec
409 987 571 1037 socios,
590 992 846 1029 nec-castra
864 987 1000 1038 videt,
1020 987 1097 1028 sed
1117 1000 1267 1029 caecus
1286 993 1333 1030 et
1352 1001 1504 1031 amens

283 1055 419 1098 Nunc
438 1054 658 1108 Superum
676 1066 856 1108 magnos
875 1052 1103 1108 deprendit
1120 1053 1167 1095 in
1185 1054 1350 1098 aethere
1367 1059 1527 1107 coetu8‚

280 1195 344 1236 nis,
358 1205 413 1228 nec
425 1195 459 1226 in
474 1195 565 1234 reg-ia
579 1195 670 1227 Pelei
681 1195 795 1236 patris.
842 1194 905 1226 Eia
907 1199 1053 1236 ‚penetra
1068 1196 1216 1238 Superos,
1229 1200 1262 1229 et
1275 1197 1362 1237 aperi
1375 1196 1533 1233 recondita
1544 1195 1636 1237 sata,
1649 1199 1729 1230 een

280 1239 400 1279 quando
415 1237 612 1278 cupidissime
622 1237 755 1269 hausisti
760 1237 909 1278 flammas
919 1239 1085 1279 Apollinis,
1098 1249 1180 1271 nuno
1192 1249 1245 1271 eas
1255 1239 1348 1271 kauri
1357 1249 1427 1271 cum
1439 1249 1558 1272 mma
1565 1239 1733 1273 avait-ee.-

284 1281 484 1312 Coneedimus
498 1279 556 1311 tibi
570 1280 761 1311 vacationem
773 1279 813 1311 ab
828 1281 927 1311 atroci
943 1280 1030 1322 bello,
1042 1292 1097 1313 nee
1108 1290 1198 1322 geres
1209 1283 1371 1321 gladium.-
1385 1291 1539 1323 nunquam
1550 1280 1734 1323 profanabis

280 1322 337 1354 has
347 1322 488 1363 placidus
501 1321 618 1361 infukrs
630 1322 776 1362 imposita
789 1322 918 1354 casside.
961 1322 1014 1354 st
1018 1324 1218 1362 fortunatus
1239 1327 1272 1356 et
1290 1325 1410 1356 cunctis
1421 1324 1548 1356 ducib-u
1559 1324 1686 1361 clar-ior,
1699 1324 1730 1357 si

281 1368 337 1396 tua
350 1373 443 1405 opera
457 1364 636 1402 manifestas
649 1364 773 1395 Danais
792 1364 951 1404 ingentem
964 1366 1127 1398 ichillem.
1168 1367 1243 1398 Jam
1256 1367 1379 1407 pridem
1394 1365 1649 1408 Thestor-infilius

1665 1375 1728 1399 0⁸?-

280 1407 413 1445 cumsert
433 1407 535 1438 oculos
562 1407 708 1438 trementi
725 1409 823 1447 motu,
845 1409 876 1438 et
895 1407 1046 1455 patefacit
1062 1409 1163 1449 primo
1180 1409 1296 1449 pallore
1316 1409 1496 1441 subeuntem
1509 1409 1636 1442 Deum.-
1654 1417 1730 1440 m

280 1453 424 1489 torquens
438 1450 539 1480 oculos
549 1450 655 1489 plenos
670 1450 743 1487 igne
757 1452 789 1480 et
802 1450 954 1488 sanguine
975 1459 1029 1481 nec
1043 1451 1144 1482 cernit
1153 1452 1281 1482 comites
1292 1461 1348 1483 nec
1367 1455 1483 1491 castra,
1495 1452 1549 1484 sed
1559 1450 1735 1483 obsonum

282 1494 312 1522 et
333 1492 431 1532 impos
450 1492 499 1523 sui
520 1501 601 1523 nunc
614 1494 713 1523 mente
729 1491 814 1523 videi
829 1491 864 1523 in
878 1492 950 1522 coelo
961 1492 1120 1532 ingentem
1133 1493 1363 1526 multitudinem
1376 1493 1530 1533 Damon,
1549 1502 1631 1527 ιιωισ
1652 1493 1731 1524 allo-

281 1671 366 1703 sian.
380 1670 483 1704 Aldd.
501 1670 610 1704 Colin.
629 1670 761 1712 Gryph.
788 1670 895 1702 Basil
909 1671 1022 1702 Plant.
1043 1672 1150 1711 region

1153 1682 1170 1703 e
1187 1672 1277 1713 peti,·
1298 1639 1390 1704 Dan.
1405 1671 1487 1705 Put.
1503 1672 1625 1704 Petav.
1641 1671 1728 1703 Exe.

280 1714 385 1754 Burg.
401 1714 562 1746 Petrens.
577 1714 716 1744 Venett.
732 1713 831 1746 Rom.
848 1712 1078 1754 Lindenbrog.
1094 1682 1210 1747 eruc-‚p
1208 1719 1244 1746 et
1259 1718 1405 1747 recemt.
1427 1715 1536 1747 tellure
1545 1713 1730 1755 pest—⁵⁰8

281 1757 345 1788 Eia
359 1766 464 1798 rumpe
481 1757 566 1789 Deos
580 1756 666 1788 Exc.
680 1755 786 1797 Burg.
801 1759 838 1787 et
860 1755 942 1788 Put.
957 1756 1089 1788 latentia
1114 1766 1193 1789 vexa
1218 1757 1300 1789 Put.
1318 1760 1355 1790 et
1368 1757 1511 1790 'Venett-
1512 1758 1621 1788 -618
1640 1756 1729 1789 Exc-

930 1850 1074 1882 NOTAE

321 1938 385 1967 507
407 1934 535 1974 Peleos]
557 1933 737 1966 Genitivus
754 1933 907 1965 Graecus.

320 1987 384 2016 508
408 1984 483 2024 Eia,
503 1984 641 2024 irrumpe
656 1983 758 2023 Deos]
786 1982 894 2014 Theb.
918 1990 976 2016 ιιι.

279 2036 290 2053 ⁴
302 2034 392 2068 Quid
408 2043 462 2065 me
477 2033 599 2065 Persei
615 2036 749 2064 secreta
767 2032 810 2064 ad
831 2032 979 2064 culmina

277 2083 403 2116 montis
426 2082 485 2114 Ire
507 2082 614 2123 gradu
630 2082 778 2123 trepido,
792 2082 978 2122 Superum-

262 2135 345 2176 ‘que
369 2133 558 2173 irrumpere
586 2137 706 2168 emtus,
730 2131 856 2171 Egistis
866 2130 891 2162 ?'
924 2131 978 2163 Si-

276 2185 343 2216 lius
358 2182 500 2215 Italicus
515 2181 577 2213 lib.
594 2191 619 2214 1.
639 2181 649 2199 ‘
664 2180 798 2212 Astubi
814 2180 977 2222 quaesitas

279 2233 362 2265 artis
378 2232 422 2264 de
437 2241 531 2264 more
553 2235 691 2263 vetusto
713 2230 864 2262 Intravit
885 2239 978 2261 men-

280 2287 333 2315 tes
368 2279 560 2323 Superum?
603 2280 733 2312 Noster
776 2278 883 2312 Theb.
922 2288 980 2311 ιιι.

277 2336 287 2350 ’
303 2332 396 2365 Coelo
412 2334 559 2362 mentem
573 2328 783 2361 insertasse!

321 2384 386 2413 509
408 2379 613 2420 Laurigeros]
630 2379 671 2410 Id
688 2382 753 2419 est,
766 2377 979 2420 Apollineos.

279 2428 391 2471 Ignes]
414 2430 573 2461 Furores,
618 2428 683 2459 Vel
709 2427 851 2469 respicit
877 2427 919 2459 ad
944 2427 979 2459 id

279 2481 369 2522 quod
396 2479 487 2511 infra
513 2479 620 2511 dicit:
643 2476 858 2511 ‘Thuriferns
877 2477 979 2509 modo

280 2531 428 2563 consulit
462 2529 581 2561 anxius
619 2538 707 2568 aras,
737 2528 979 2559 Flammarum-

281 2590 348 2622 que
364 2580 480 2621 apices
497 2578 608 2620 rapit.'
651 2579 752 2614 Nam,
768 2581 806 2610 ut
820 2577 979 2610 observa-

282 2631 391 2662 vimus
408 2629 451 2661 ad
470 2638 529 2661 ιιι.
541 2628 648 2660 Theb.
663 2633 740 2661 erat
754 2627 910 2670 quaedsm
925 2636 980 2659 ars

282 2679 457 2712 divinandi
472 2688 590 2711 verum
606 2688 649 2710 ex
665 2677 759 2710 fumo
777 2688 859 2718 arae,
871 2682 908 2709 et
922 2687 981 2710 vo-

282 2729 426 2763 cabatur
447 2727 685 2768 καπνομσιντεία.
732 2728 789 2760 Sic
809 2727 921 2760 Theb.
944 2736 983 2762 x.

1033 1934 1172 1976 loquens
1195 1934 1306 1967 Poe‘ta
1331 1935 1376 1967 de
1394 1933 1524 1966 Tiresia
1548 1933 1618 1966 sit:
1642 1932 1726 1965 ‘Ine

1032 1989 1211 2017 coronatos
1240 1985 1313 2026 jam
1345 1982 1478 2026 pridem
1510 1982 1730 2024 amplectitur

1031 2035 1126 2076 ignes
1143 2035 1347 2071 VFatidicum
1381 2033 1520 2066 sorbens
1544 2031 1642 2064 vultu
1667 2030 1729 2064 fln-

1030 2089 1151 2126 grante
1167 2082 1350 2126 vaporem!

1074 2137 1138 2166 51⁰
1159 2134 1260 2166 Arma
1275 2132 1428 2165 horrenda
1449 2131 1521 2169 tibi,
1539 2131 1612 2173 ξω]
1634 2131 1727 2165 Hine

1031 2189 1175 2227 apparet
1191 2184 1300 2216 nullos
1316 2183 1481 2215 immunes
1497 2192 1517 2214 a
1531 2181 1624 2214 bello
1637 2181 1730 2224 apud

1033 2235 1186 2274 Graecos,
1201 2243 1269 2266 non
1284 2233 1376 2274 ipsos
1389 2232 1494 2264 etiam
1510 2230 1717 2264 sacerdotes.

1074 2287 1135 2316 511
1166 2283 1327 2316 Vinlabere
1348 2281 1460 2322 vittas]
1489 2281 1588 2312 More
1602 2280 1728 2314 Groeco

1033 2332 1264 2365 accusativum
1294 2331 1422 2373 posuit.
1467 2329 1510 2362 Id
1547 2333 1614 2371 est,
1644 2339 1729 2362 uun-

1033 2392 1134 2425 quam
1150 2382 1366 2414 violabuntur
1382 2380 1479 2412 vittae
1497 2384 1564 2411 tuae
1580 2389 1600 2410 a
1616 2379 1729 2419 galea.

1074 2435 1137 2464 514
1159 2431 1349 2463 Jumdudum
1369 2429 1503 2471 trepido,
1524 2426 1595 2470 ξω]
1628 2427 1729 2460 Hanc

1032 2482 1255 2564 minationem
1271 2479 1380 2513 efficit
1398 2480 1433 2512 in
1448 2478 1582 2512 vatibus
1597 2478 1729 2510 ἐνθουσι-

1031 2535 1073 2557 ασ
1113 2536 1138 2557 ς.

1075 2577 1137 2606 515
1160 2572 1278 2613 Deum]
1301 2571 1508 2614 Apollinem.

1074 2626 1138 2655 516
1163 2622 1372 2662 Thestorides]
1395 2621 1537 2654 Calchas
1557 2619 1731 2652 Thestoris

1032 2675 1134 2708 filius.
1178 2673 1300 2714 Genus]
1333 2673 1435 2705 Hanc
1457 2679 1576 2703 vocem
1604 2669 1730 2712 saepius

1034 2727 1178 2767 usurpat
1190 2722 1356 2765 Papinius
1370 2730 1432 2764 pro
1447 2720 1567 2754 oculis.
