1846 3120
301 252 414 296 1630

300 361 356 389 est
370 367 379 389 ι
401 357 448 389 Et
462 356 539 388 huie
559 357 654 398 operi
669 365 728 389 seu
744 356 869 399 effigiei
883 358 997 390 Palla-

300 407 353 439 dis
380 415 444 447 par
465 406 584 445 sedes;
615 415 779 449 nusquam
800 407 996 449 optabilior,

300 467 467 499 nusquam
484 458 612 498 gratior
629 459 717 490 Dete
739 459 839 491 aula:
869 467 933 491 nec
961 463 998 491 tu

299 508 384 549 ipse,
411 512 510 548 pater
534 508 620 540 Deae
643 508 796 549 Jupiter,
818 509 878 548 sie,
900 512 999 541 tanta

300 556 534 599 amplitudine,
549 559 672 600 gratia,
689 559 906 601 lubentiaquc
921 563 997 592 eam

298 608 420 648 ferres,
454 613 602 641 teneres.
646 610 849 651 Quanquam
878 614 914 642 et
944 615 1005 641 re-‘

299 660 439 691 tento-si
456 668 518 700 pro
534 660 579 691 sie
601 668 668 691 non
683 659 850 691 absurdus
865 659 910 691 sit
925 668 999 691 sen-

298 719 364 740 sus.
411 709 486 741 Nec
502 709 633 741 dulcior
647 718 787 750 usquam
798 707 898 751 sedes
912 709 996 741 Deae

298 760 386 791 lecta
403 762 468 799 est,
484 768 547 791 nec
560 760 744 799 legeretur,
760 758 790 790 si
802 759 875 800 ipse
890 758 998 791 Pater

297 817 372 840 eam
388 814 535 841 teneres.
561 809 661 840 Groa.
673 808 783 840 Diatr.

342 862 385 891 42
409 860 455 890 Et
479 859 529 891 σαι·
551 868 584 890 se
606 859 699 890 toties
726 857 871 899 Temese]
897 858 997 890 Levi-

298 909 376 940 cula
404 909 682 950 interpunctione
713 908 846 940 illustro
875 908 997 940 obscu-

298 968 372 990 rum
402 958 514 991 locum
542 958 656 990 hausta
684 958 828 990 metallis.
873 958 995 990 Mens.

298 1013 404 1041 tautae
429 1008 527 1041 molis
553 1007 660 1041 fuisse
683 1008 876 1046 Colossum,
900 1011 938 1039 nt
961 1007 996 1039 in

296 1059 371 1101 ipsa
402 1059 580 1101 chlamyde
605 1059 719 1091 omnia
745 1065 823 1090 aera-
841 1058 998 1090 Temesia

297 1111 478 1142 videantur
504 1113 714 1151 consumpta.
757 1110 822 1141 Est
852 1110 996 1141 Temese

297 1160 475 1201 antiquum
491 1159 654 1201 oppidum
678 1159 798 1201 Cypri,
818 1157 996 1200 praestanti

297 1220 367 1242 aare
381 1210 530 1250 celebre,
545 1214 584 1242 ut
597 1210 788 1252 Stephanus
800 1210 844 1242 de
855 1208 996 1241 urbibus

296 1263 459 1292 testatur.
483 1261 632 1292 Bernare.

340 1314 381 1343 51
408 1310 536 1343 Criuem
550 1310 627 1343 terit
641 1310 758 1350 nagida
774 1308 893 1350 Rhem']
918 1309 995 1341 Hoc

297 1361 407 1393 Rheni
432 1361 647 1392 simulacrum
678 1365 739 1391 sua‘
768 1363 886 1399 aetate,
916 1362 995 1390 ante

296 1421 403 1444 annos
432 1411 490 1443 hos
515 1416 667 1450 centum,
688 1411 805 1442 Romae
839 1409 997 1450 superfu-

294 1462 363 1494 isse
372 1462 494 1494 scribit
507 1461 778 1493 Bartholomaeus
792 1461 996 1501 Manlianus,

295 1513 444 1554 Topogr.
459 1511 560 1543 Urbis
577 1511 638 1543 lib.
657 1519 714 1543 ιιι.
730 1520 808 1552 cap.
823 1513 856 1543 3.
872 1511 994 1551 Finge-

294 1562 423 1595 bantur
448 1566 561 1594 autern
583 1561 647 1593 hoc
670 1560 770 1593 modo
792 1560 994 1592 domitarum

295 1612 544 1654 provinciarum
560 1611 740 1643 simulacra
755 1610 900 1652 pedibus
917 1610 995 1642 sub-

288 1663 388 1703 jecta
401 1661 580 1693 Victorum
606 1661 849 1693 Romanorum.
895 1661 994 1692 Clau-

294 1712 427 1752 dianus,
444 1710 509 1743 fine
525 1711 622 1743 Sexti
639 1711 741 1743 cons.
754 1711 845 1743 Hon.
872 1710 882 1728 ‘
896 1710 995 1743 Colla

295 1761 462 1795 triumfati
490 1762 668 1803 proculcat
694 1761 868 1793 Honorius
892 1760 996 1793 Isti-i?

293 1812 385 1844 Vide
411 1811 495 1843 ibid.
519 1812 770 1859 Commentaria
804 1816 933 1852 nostra,
956 1814 995 1843 et

295 1863 483 1895 Adversar.
507 1862 566 1895 lib.
592 1864 695 1895 xtrv.
717 1873 791 1906 cap.
809 1866 863 1896 18.
909 1863 994 1895 Ovi-

295 1914 370 1945 dius
385 1913 490 1944 Trist.
507 1922 559 1945 tv.
577 1914 630 1946 El.
646 1917 678 1945 2.
693 1913 737 1944 de
751 1913 938 1946 simulacris
957 1913 994 1945 iu

292 1962 446 1995 Triumfo
463 1962 576 1994 ductis
591 1973 598 1993 2
622 1964 632 1980 ‘
650 1963 810 1995 Crinibus
823 1972 865 1994 eu
889 1963 993 1994 etiam

292 2012 404 2045 fertur
421 2012 606 2044 Germania
622 2012 743 2053 passis,
762 2012 808 2044 Et
830 2011 926 2044 ducis
943 2012 992 2043 in-

293 2062 378 2094 victi
394 2062 455 2093 sub
473 2062 560 2102 pede
576 2065 695 2094 moesta
710 2061 832 2095 sedet.¹
854 2063 968 2094 Barth.

336 2116 378 2144 52
402 2113 515 2154 Arima]
540 2112 752 2153 Adrasteus3
769 2122 870 2154 quem
897 2113 992 2153 Nep-

294 2166 396 2194 tunus
420 2162 569 2193 Adrasto
589 2163 740 2194 donavit.
785 2162 882 2194 Idem
897 2161 994 2194 dedit

291 2215 422 2247 Junoni
450 2215 622 2246 Xanthum
636 2218 675 2246 et
689 2214 881 2256 Cyllarum:
907 2222 992 2255 quos

292 2264 351 2295 illa
368 2264 463 2296 dedit
479 2257 618 2296 Castori
637 2268 674 2295 et
701 2264 847 2295 Polluci.
894 2264 991 2296 Ario·

292 2314 344 2345 nis
360 2314 515 2346 meminit
533 2314 718 2355 Papinius'
710 2323 745 2345 m
759 2314 943 2354 Thebaide,
956 2319 992 2346 et

292 2364 507 2406 Propertius,
563 2365 654 2396 Nam
683 2364 825 2406 insignis
863 2364 930 2397 fuit
952 2369 991 2398 et

291 2414 413 2446 formae
427 2419 462 2446 et
474 2415 672 2446 celeritatis.
702 2415 872 2447 Domitius.

326 2467 376 2496 63
401 2465 534 2496 Ledoeus
546 2465 585 2496 ab
599 2466 665 2496 oede
672 2464 863 2506 propinqua]
881 2465 990 2499 Notat

293 2514 403 2547 aedem
418 2525 493 2556 quae
515 2515 546 2546 iu
564 2514 638 2546 foro
654 2515 787 2547 Polluci
801 2519 840 2546 et
854 2515 991 2547 Castori

291 2565 428 2606 quidem
460 2565 587 2605 dicata,
608 2570 741 2597 tantum
764 2565 914 2597 Castoris
941 2569 989 2597 ta-

291 2624 368 2646 men
394 2615 590 2656 vocabatur,
618 2620 657 2647 ut
676 2625 722 2648 ex
737 2616 915 2654 Suetonio,
930 2617 990 2649 Di-

291 2675 370 2706 one,
391 2665 534 2706 aliisque
557 2666 682 2697 nemini
707 2666 872 2707 ignotum.
917 2667 991 2709 Ego

290 2715 471 2753 observavi
487 2725 553 2747 non
574 2715 748 2757 indignum
771 2718 914 2758 monitu,
937 2717 991 2750 vel

283 2766 479 2807 juventutis
506 2775 709 2806 causa,·non
738 2767 846 2799 aedem
870 2769 990 2807 solum,

291 2815 354 2848 sed
369 2819 404 2849 ct
419 2816 514 2858 ipsos
539 2813 666 2849 fratres
692 2816 853 2850 Castores
869 2817 991 2853 dictos.

764 263 904 294 NOTAE
937 259 1201 295 vammum
1237 265 1288 296 nt

1043 359 1154 391 Lucas
1169 359 1387 401 Evangelista
1409 358 1490 392 Act.
1513 368 1590 412 cap.
1606 363 1756 393 xxvtn.

1043 409 1054 427 ‘
1073 409 1159 442 Post
1173 418 1307 442 menses
1333 415 1446 442 autem
1471 413 1543 442 tres
1566 404 1742 460 navigavi·
1788 412 1792 417 '

1044 468 1118 491 mus
1133 460 1167 491 in
1182 460 1261 491 navi
1277 458 1523 499 Alexandrina,
1537 455 1616 502 quie
1635 459 1679 492 iu.
1690 458 1746 491 in-

1045 509 1119 540 sula
1130 509 1352 549 hiemaverat,
1367 508 1423 541 cui
1434 513 1511 541 erat
1520 509 1751 552 lusignan-m·

1045 559 1180 591 torum!
1222 558 1302 591 Vid.
1330 556 1479 591 Plinium
1504 554 1568 592 lib.
1600 554 1744 603 111·me

1044 613 1099 642 43.
1116 610 1302 642 Arnobium
1321 610 1410 643 Αᾱι.
1426 604 1532 643 Geni.
1544 609 1607 644 tib.
1618 615 1644 643 ι,
1660 610 1755 644 Bm·

1044 663 1141 693 nam

1087 713 1131 744 54
1156 712 1315 753 Cyllarus]
1337 709 1463 743 Confer
1478 714 1555 743 culn
1578 709 1643 742 hoe
1658 710 1761 742 ibeo·-

1046 761 1168 793 Senec.
1194 760 1396 802 Hippolyto.
1418 757 1608 792 Stesichor.
1631 757 1666 792 in
1692 758 1755 791 fus⁴

1047 810 1208 843 nebribus
1244 810 1354 842 Peliae
1392 809 1491 847 ludis,
1524 810 1576 842 Μ.
1612 806 1759 842 Rimari·

1048 860 1299 892 Commentaria
1326 860 1370 892 ad
1399 858 1550 902 Martial-
1572 859 1633 892 lib.
1661 863 1744 893 vin.

1047 910 1153 952 epigr.
1169 913 1222 943 21.
1267 911 1444 943 Passerat.
1470 910 1514 943 ad
1542 910 1650 952 Pmp.
1679 908 1744 943 tib.

1047 969 1103 992 ιιι.
1134 961 1230 1001 Eleg.
1260 963 1293 993 Y.
1313 961 1406 993 Hic
1435 960 1554 993 amari
1586 964 1759 1002 mmss

1047 1012 1179 1044 mutabit
1207 1012 1358 1054 habenas]
1393 1012 1488 1045 Libri
1516 1011 1636 1045 omnes
1659 1014 1756 1058 qnes-

1046 1062 1128 1102 vidi,
1157 1063 1291 1095 mutavit
1311 1063 1456 1103 nubem,
1483 1061 1575 1106 quod
1597 1061 1746 1094 fidenter

1046 1112 1188 1145 mutavi.
1230 1113 1375 1145 Sensus.
1394 1113 1526 1154 Equum
1540 1112 1630 1144 hunc
1640 1103 1756 1144 Mar*

1045 1162 1147 1194 imum
1164 1162 1222 1194 uni
1232 1162 1432 1195 Domitiano
1444 1159 1663 1202 serviturum,
1675 1166 1745 1195 nun
1755 1178 1763 1190 -.

1046 1210 1192 1251 duobus,
1206 1213 1258 1244 uti
1276 1213 1448 1253 Cyllarus,
1472 1212 1530 1254 qui
1555 1212 1691 1244 Castori
1708 1215 1760 1244 ett

1045 1261 1180 1294 Polluci
1222 1262 1352 1295 serviit.
1405 1262 1594 1294 Postreuris
1629 1260 1758 1295 verbis*-

1045 1312 1195 1345 fabulam
1225 1313 1376 1355 respicit,
1401 1323 1468 1356 qua
1483 1307 1762 1356 fingitun'qnou*

1045 1373 1122 1396 cum
1146 1363 1356 1406 Argonautae
1382 1365 1590 1406 tempestate
1611 1369 1647 1396 et
1665 1370 1743 1406 pro-

1045 1413 1141 1446 cellis
1169 1415 1393 1456 agitarentur,
1420 1415 1578 1456 Orpheus
1603 1418 1762 1456 arrepta>

1044 1465 1120 1506 lyra
1148 1473 1272 1497 canere
1298 1465 1415 1506 coepit.
1439 1474 1506 1507 quo
1529 1466 1632 1498 cantu
1646 1468 1742 1497 mare

1045 1521 1217 1558 pacatum,
1244 1521 1280 1549 et
1295 1516 1407 1549 sidera
1421 1515 1489 1548 duo
1503 1515 1607 1558 super
1622 1506 1742 1549 caste-
1747 1523 1750 1526 ⁴

1045 1567 1090 1599 ris
1120 1571 1155 1599 et
1187 1564 1338 1599 Pollucis
1374 1564 1492 1609 capita
1527 1564 1743 1599 affulserunt.

1045 1617 1198 1649 Ber-nari.

1086 1670 1128 1699 58
1151 1667 1216 1700 Sed
1227 1666 1336 1708 genio]
1357 1665 1456 1699 Nam·
1463 1664 1611 1709 (inquit)
1628 1664 1741 1699 ·-llben
1755 1688 1759 1689 γ

1044 1721 1098 1749 ter
1123 1716 1239 1749 ferunt
1266 1716 1515 1758 Domitianum,
1548 1718 1648 1759 quem
1673 1715 1762 1749 loci.

1044 1766 1180 1809 genium
1196 1770 1232 1799 et
1247 1774 1369 1799 numen
1382 1770 1518 1808 putant.
1547 1763 1720 1799 Domttim.
1744 1768 1747 1769 ⁷

1082 1820 1128 1849 62
1153 1816 1268 1849 Forma
1283 1817 1347 1849 Dei
1355 1816 1512 1858 presens]
1530 1817 1670 1850 >Netum
1686 1820 1742 1849 est
1757 1828 1759 1830 ’

1043 1876 1086 1899 ex
1116 1875 1183 1899 uuo
1208 1863 1419 1909 Tranquillo,
1453 1866 1621 1899 misellum
1649 1866 1740 1898 hunc

1040 1915 1740 1959 homuncionem(Domitianumdie.)cum

1041 1967 1310 2000 Procuratorum
1335 1974 1471 2005 suorum
1501 1967 1637 2002 nomine
1670 1967 1740 2001 for·

1039 2018 1163 2050 malem
1196 2018 1347 2051 dietsret
1373 2018 1564 2060 epistolam,
1596 2019 1646 2051 sic
1672 2027 1740 2051 οω-

1042 2068 1155 2110 pisse:
1182 2069 1195 2087 ‘
1209 2068 1377 2101 Dominus
1394 2070 1544 2101 emens
1557 2072 1676 2115 noster
1690 2067 1739 2101 sie

1041 2117 1116 2150 fieri
1125 2117 1251 2160 jubet,'
1281 2119 1370 2150 unde
1387 2117 1581 2151 institutum
1596 2118 1738 2161 posthac

1041 2172 1136 2201 utne
1151 2169 1281 2211 scripto
1297 2168 1435 2211 quidem
1451 2174 1492 2202 at:
1510 2175 1666 2202 sermone
1681 2179 1740 2202 cu·

1035 2218 1196 2260 jusquam
1230 2219 1462 2260 appellaretur
1497 2218 1619 2251 alitem
1654 2218 1738 2260 quid

1041 2268 1266 2300 consecutus?
1280 2268 1378 2310 quod
1398 2267 1538 2301 tandem
1561 2278 1582 2300 a
1602 2267 1737 2300 libertis

1041 2322 1076 2349 et
1101 2318 1347 2359 gladiatoribus
1375 2317 1570 2351 vulneribus
1603 2322 1737 2360 septem

1041 2368 1263 2410 trucidatus,
1274 2368 1431 2411 populari
1463 2365 1640 2410 sandapila
1675 2378 1738 2416 per

1040 2415 1247 2459 vespillones
1263 2423 1475 2460 exportatus,
1485 2428 1504 2451 a
1516 2419 1645 2452 Senatu
1657 2429 1737 2452 con-

1041 2468 1311 2501 tumeliosissimo
1327 2473 1428 2511 atque
1445 2469 1665 2502 acerbissimo
1681 2479 1736 2502 sc-

1039 2517 1279 2550 clamationum
1307 2526 1434 2559 genere
1470 2519 1641 2551 laceratus
1677 2516 1741 2560 si't,

1039 2568 1203 2610 imagines
1233 2568 1305 2610 ejus
1330 2569 1475 2601 Senatus
1495 2569 1650 2602 consulto
1675 2569 1734 2602 de-

1039 2622 1173 2659 tractae,
1186 2618 1277 2650 erasi
1300 2618 1403 2660 tituli,
1422 2615 1596 2661 omnisque
1611 2623 1736 2652 memo-

1040 2667 1092 2700 ria
1120 2668 1254 2702 abolita.
1308 2662 1490 2701 Enimvero
1514 2678 1579 2702 nec
1606 2668 1735 2702 factum

1039 2726 1184 2760 unquam
1206 2718 1320 2761 (certo
1336 2717 1429 2760 raro)
1454 2717 1536 2761 quin
1555 2717 1661 2752 divini
1676 2730 1734 2752 no·

1039 2767 1138 2800 minis
1168 2773 1389 2810 usurpatores
1412 2767 1530 2811 poenas
1564 2767 1735 2811 spectabi-

1038 2819 1089 2851 les
1104 2828 1172 2852 nou
1186 2819 1312 2852 luerint
1325 2823 1361 2852 et
1373 2822 1519 2862 apertas.
1540 2819 1689 2853 Reman-t.
