1846 3120
313 261 428 305 1⁵02
806 270 847 301 r.
879 270 1067 302 mmm:
1100 270 1267 304 s'rA'rn

312 366 506 421 Expirat
519 367 727 420 protritus
748 378 862 419 ager,
881 380 961 409 nec
981 368 1159 421 pulvere
1179 379 1332 409 crasso

315 434 544 475 Armorum
562 434 643 474 lux
662 433 778 474 victa
795 434 926 488 perit,
947 435 1026 476 sed
1045 435 1090 476 in
1108 436 1274 477 aethera
1290 435 1467 488 longum

312 500 554 552 Frangitur,
576 504 621 542 et
640 501 799 542 mediis
819 502 971 544 ardent
990 504 1035 543 in
1050 503 1239 544 nubibus
1259 502 1418 544 hastae.
1673 501 1760 545 660

312 566 507 607 Noctem
523 566 654 617 adeo,
675 567 965 622 placidasque
985 569 1110 623 operi
1122 569 1309 623 junxere
1328 569 1546 618 tenebraS,
1634 576 1637 577 ’

311 633 629 688 Certamenque
648 635 837 677 immane
853 636 973 687 viris,
992 650 1079 690 quo
1101 637 1276 678 concita
1295 636 1477 678 tendant

310 699 513 754 Agmina,
534 702 635 755 quis
657 703 775 745 visas
796 703 1043 757 proclamet
1061 705 1118 745 ab
1139 716 1291 757 aggere
1309 703 1503 754 Thebas,

310 767 452 823 Cujus
470 770 514 809 in
532 768 706 823 Ogygio
723 774 811 811 stet
827 770 1034 824 princeps
1053 771 1209 811 lancea
1225 781 1366 810 muro.
1690 824 1694 827 μ
1741 801 1747 822 3
1756 804 1759 807 .

309 833 373 875 At
392 836 547 888 procul
565 836 730 889 ingenti
751 835 1007 889 Neptunius
1028 837 1203 889 agmina
1221 836 1420 878 Theseus
1599 844 1602 846 ’
1673 838 1761 882 665

308 900 532 955 Angustat
550 903 722 956 clypeo,
737 903 1020 957 propriaeque
1039 904 1222 947 exordia
1240 904 1400 953 laudiS,

309 967 499 1009 Centum
518 970 650 1010 urbes
669 970 857 1011 umbone
875 971 998 1023 gerit,
1020 966 1285 1025 centenaque
1305 971 1449 1014 Cretae

307 1034 502 1087 Moenia3
531 1049 667 1089 seque
685 1036 828 1090 ipsum
845 1038 1083 1078 monstrosi
1104 1038 1367 1090 ambagibus
1387 1037 1498 1080 antri

309 1099 506 1155 Hispida
527 1106 802 1157 torquentem
823 1103 1036 1145 luctantis
1056 1103 1174 1145 colla
1188 1104 1381 1157 juvenci,
1656 1149 1659 1151 ,
1746 1142 1749 1146 .

265 1201 267 1203 .
307 1167 600 1222 Alternasque
621 1182 777 1211 manus
797 1171 980 1221 circum,
1000 1175 1043 1212 et
1056 1170 1227 1212 nodosa
1245 1171 1449 1224 ligantem
1671 1173 1758 1216 6¹70

306 1234 509 1285 Brachia,
531 1241 576 1277 et
597 1236 789 1278 abducto
807 1238 1018 1281 vitantem
1038 1251 1200 1279 cornua
1220 1238 1361 1280 vultu.

304 1302 461 1343 Terror
481 1302 613 1344 habet
627 1304 834 1358 populos,
850 1317 951 1347 cum
972 1307 1128 1358 septus
1141 1305 1330 1358 imagine
1350 1307 1476 1347 torva

301 1420 444 1453 solvitur.
493 1422 560 1453 Nec
575 1424 717 1463 splendor
730 1432 886 1454 armorum
900 1432 920 1454 a
943 1424 1035 1454 denso
1053 1423 1178 1463 pulvere
1191 1427 1353 1464 superatae
1367 1423 1558 1463 obscuratur,
1580 1425 1634 1456 sed
1650 1432 1756 1466 reper-

301 1464 418 1496 entitur
431 1465 465 1495 in
479 1467 641 1496 extensum
655 1465 769 1503 aet-em,
791 1468 823 1496 et
837 1465 935 1496 hastae
948 1466 1050 1496 lucent
1063 1465 1097 1496 in
1111 1465 1220 1496 mediis
1232 1466 1374 1497 nubibus.
1420 1467 1608 1498 Continuant
1624 1466 1688 1498 iter
1700 1473 1754 1507 per

302 1509 421 1538 noctem
435 1509 466 1537 et
479 1507 618 1547 placidas
633 1507 782 1539 tenebras.
827 1507 953 1539 Milites
970 1508 1053 1538 inter
1075 1517 1108 1539 se
1130 1510 1263 1544 certant,
1285 1508 1355 1548 quis
1375 1509 1502 1540 celerius
1522 1508 1756 1549 progrediatur,

300 1547 369 1586 quis
383 1548 501 1588 primus
516 1551 667 1581 exclamet
680 1560 712 1581 se
726 1549 765 1580 ab
780 1559 897 1589 aggere
910 1550 1012 1581 videre
1027 1550 1155 1589 Thebae,
1175 1550 1261 1588 cajus
1274 1551 1380 1581 lancea
1393 1551 1493 1591 prima
1505 1551 1621 1585 haereat
1633 1551 1667 1581 in
1680 1559 1754 1582 moe-

301 1589 393 1620 nibus
417 1591 566 1632 Ogygiis.
611 1592 658 1623 At
682 1592 825 1630 Theseus,
852 1592 994 1632 Neptuni
1007 1592 1110 1633 filius,
1135 1591 1267 1624 includit
1290 1593 1416 1632 agmina
1441 1594 1596 1634 insculpta
1620 1592 1755 1624 terribili

300 1636 398 1670 scuto,
420 1637 451 1664 et
462 1634 533 1672 sert
547 1634 582 1665 in
596 1634 721 1666 umbone
732 1638 853 1666 centum
864 1635 978 1674 oppida
992 1638 1023 1666 et
1043 1637 1186 1666 centenos
1198 1644 1300 1666 muros
1317 1636 1432 1675 Cretoe,
1446 1635 1542 1667 initia
1555 1645 1620 1666 ma
1632 1635 1733 1666 laudis
1741 1642 1754 1670 ‚⁶

301 1675 412 1715 etipse
425 1680 668 1716 repraesentatur
691 1678 726 1707 in
750 1676 908 1717 erroribus
928 1676 1101 1716 portentosi
1124 1686 1230 1717 specue
1249 1681 1392 1717 torquens
1415 1680 1444 1708 el
1461 1678 1676 1717 constringens
1689 1677 1756 1708 aas

300 1717 441 1749 manibus
455 1718 632 1755 etfortz'bus
646 1719 780 1750 brachiis
793 1719 945 1750 hirsutam
959 1719 1107 1750 cervicem
1124 1720 1209 1750 tauri
1223 1723 1332 1751 contra
1346 1719 1526 1759 obnitentis,
1547 1723 1579 1752 et
1589 1718 1755 1761 deflectent

299 1760 430 1800 vultum,
452 1764 487 1792 ut
500 1760 566 1799 ejus
578 1770 693 1793 cornua
707 1762 851 1794 evitaret.
898 1762 977 1792 Cam
999 1760 1263 1802 inim-emmim,
1286 1765 1386 1794 tectae
1400 1762 1482 1795 truci
1500 1761 1675 1798 Mithauri
1689 1762 1754 1808 ζῇ,-
1775 1768 1777 1770 ·

913 1839 993 1860 Μ
996 1836 1154 1852 “coeo-ee

301 1904 425 1937 Petav.
453 1906 576 1938 Behot.
601 1909 633 1939 2.
657 1905 885 1946 Lindenbrog.
908 1907 1009 1938 Cruc.
1031 1906 1175 1938 Gevart.
1197 1909 1233 1936 et
1253 1907 1504 1937 roceum—658
1526 1903 1610 1937 Put.
1627 1891 1752 1944 pulvere

299 1951 528 1985 grassa—664
553 1948 652 1988 Cujus
665 1949 698 1980 in
716 1949 844 1990 Ogygio
866 1950 1007 1990 princeps
1026 1951 1088 1980 stet
1111 1948 1216 1979 lancea
1241 1947 1401 1981 Heinsius
1418 1947 1461 1978 ad
1477 1946 1581 1979 Ovid.
1597 1947 1690 1979 Fast.
1708 1955 1750 1979 ιι.

301 1991 487 2022 714.-666
512 1991 592 2022 Put.
607 2000 648 2023 ex
661 1991 769 2023 ordine
783 1992 1003 2023 laurita—671
1027 1990 1070 2022 Iu
1083 1990 1203 2022 eodem
1220 1990 1307 2022 libro
1322 1991 1472 2022 vitantem
1484 1999 1599 2021 cornua
1613 1989 1753 2022 lactu.—

959 2075 1104 2107 NOTIE

349 2140 411 2168 661
438 2138 550 2180 Operi]
572 2138 707 2172 Itineri.
1060 2149 1137 2180 cap.
1161 2142 1192 2171 3.
1215 2139 1288 2171 haec
1303 2140 1372 2171 ait:
1396 2140 1407 2159 ⁴
1422 2139 1535 2171 Sentis
1555 2139 1657 2177 enim,
1672 2149 1756 2181 qun-

322 2207 325 2209 ·
349 2190 415 2220 662
438 2189 508 2224 Quo
521 2190 642 2221 concita
656 2191 785 2222 tendant
800 2189 942 2230 agmina]
965 2189 1007 2221 Id
1059 2190 1148 2221 libus
1177 2189 1269 2230 apud
1299 2190 1434 2231 Trojam
1468 2194 1655 2231 pugnatum
1685 2196 1752 2229 est,

305 2242 372 2278 est,
387 2243 426 2270 ut
442 2239 579 2280 agmina
594 2241 704 2272 citato
721 2241 855 2272 incessu
869 2246 1007 2272 conten·
1061 2239 1321 2272 continebantur
1335 2239 1499 2280 imagines
1512 2250 1520 2270 :
1535 2239 1627 2271 uude
1644 2243 1680 2273 et
1693 2249 1753 2271 uo-

307 2288 403 2320 dant.
1060 2298 1139 2322 men
1153 2288 1303 2320 habuere
1318 2289 1528 2329 clypeorum.
1560 2288 1668 2329 Origo
1683 2289 1753 2329 ple-

349 2342 414 2372 664
441 2340 584 2382 Ogygio]
606 2341 778 2374 Thebano.
1057 2348 1103 2371 na
1117 2338 1266 2378 virtutis,
1278 2337 1404 2370 faciem
1420 2337 1518 2369 reddi
1534 2337 1568 2368 in
1584 2342 1682 2369 scuto
1697 2347 1755 2370 cu-

348 2392 411 2421 665
436 2390 631 2431 Neptunius]
655 2392 820 2432 Neptuno
834 2391 983 2432 genitus.
1049 2389 1190 2431 jusque,
1205 2388 1264 2430 qui
1274 2387 1379 2419 fuerit
1394 2397 1435 2420 eo
1450 2386 1552 2420 usus?
1594 2388 1754 2420 Morum-

346 2441 413 2470 666
434 2439 611 2479 Aug-uetat]
645 2440 687 2472 Id
713 2446 779 2481 est,
795 2441 940 2473 includit
955 2443 1003 2472 iu·
1056 2440 1087 2472 si
1098 2439 1280 2480 ambagibus
1302 2439 1404 2480 antri]
1441 2439 1690 2480 Labyrinthum
1703 2440 1753 2472 in-

305 2490 440 2529 sculpta
454 2490 546 2522 brevi
562 2493 698 2533 clypeo.
1057 2491 1193 2530 telligit.
1704 2516 1707 2518 v

349 2543 411 2571 667
431 2541 566 2573 Centum
579 2542 669 2573 urbes
682 2542 808 2574 umbone
820 2543 919 2583 gerit,
934 2552 1002 2574 ceu-
1098 2542 1162 2571 669
1183 2539 1332 2580 Juvenci]
1349 2539 1551 2579 Minotauri,
1567 2548 1667 2581 quem
1683 2538 1752 2570 suf-

304 2594 435 2630 temque
467 2591 571 2623 Cretae
603 2592 740 2632 Moenia]
777 2593 883 2632 Creta
912 2592 1000 2624 enim
1055 2591 1184 2624 focavit
1197 2592 1359 2624 Theseus.

307 2645 444 2671 centum
461 2641 563 2672 urbes
589 2642 749 2683 habebat,
765 2642 857 2676 unde
878 2641 1002 2674 ἑκατόν·
1096 2645 1160 2675 6⁷2
1183 2643 1298 2683 Sepias
1321 2642 1458 2682 imagine
1478 2641 1585 2682 torva]
1617 2640 1660 2672 Id
1684 2645 1751 2682 est,

305 2695 395 2722 πολις
409 2689 512 2723 dicta.
653 2694 659 2698 '
1055 2698 1171 2734 septus
1187 2695 1296 2732 scuto,
1313 2692 1346 2723 in
1362 2702 1428 2734 quo
1444 2690 1681 2724 continebatur
1699 2690 1751 2733 ip-

349 2742 414 2771 668
445 2740 545 2781 Seque
567 2740 682 2781 ipsum]
719 2741 772 2772 Ex
798 2751 891 2773 more
921 2745 1003 2773 tunc
1056 2743 1122 2775 sius
1132 2742 1258 2783 imago.

306 2791 469 2832 temporis
479 2797 651 2832 usurpato.
675 2791 807 2823 Plinius
818 2792 876 2824 lib.
889 2801 1004 2826 xxxv.
