1846 3120
622 232 962 267 Aeflihnmnos
997 235 1092 267 Lm.
1123 235 1156 266 1.

1504 203 1618 269 1568

157 329 307 373 Cruda
324 328 574 372 rudimenta
591 333 638 372 et
658 334 834 372 teneros
858 330 1116 373 formaverit
1141 342 1282 373 annos

158 397 406 442 Centaurus
420 398 440 439 ‘l
470 397 606 452 patrii
626 395 808 453 pr'opior
827 398 902 440 cui
922 398 1046 441 linea
1064 398 1201 440 coeli'l

149 459 363 518 'Quemve
381 465 516 508 alium
532 465 709 521 Stygios
729 465 878 508 tulerit
896 470 1068 516 secreta
1089 478 1165 521 per
1185 480 1337 510 amnes

155 532 347 577 Nereis?
382 536 428 576 et
448 532 657 587 pulchros
677 534 793 575 ferro
813 533 1126 587 perstrinxerit
1143 536 1298 576 artus?

156 599 274 643 Eme
292 599 447 643 (ἔπι-αἰῶ
467 600 628 643 castris
643 600 822 652 iterant,
838 599 1109 655 traduntque
1130 601 1347 645 cohortes.

154 659 287 710 cedit
302 667 433 709 turba
451 666 627 718 ducum,
646 667 856 723 vincique
876 667 996 710 haud
1015 672 1182 711 moesta
1200 668 1374 712 fatetur.

155 734 234 778 Sie
253 747 358 777 cum
377 733 588 776 bellantes
607 734 843 788 Phlegraea
861 735 909 777 in
928 738 1077 778 castra
1096 736 1262 779 coirent

146 800 405 853 *Coelicolae,
416 801 600 857 jamque
620 800 859 858 Odrysiam
879 802 1104 846 Gradivus
1127 803 1173 846 in
1188 803 1359 858 hastam

1531 804 1618 849 485

133 927 136 930 ,
154 869 372 924 Surgeret,
393 873 441 912 et
459 869 657 926 Libycos
676 871 877 914 Tritonia
895 872 1077 914 tolleret
1094 885 1272 927 angues,

110 1002 127 1035 ',
152 1000 223 1032 ule
240 999 369 1031 duriora
385 999 521 1038 heaut
544 1001 685 1042 exordia,
705 1005 738 1034 et
761 1001 849 1042 cuias
864 1002 1041 1035 Centaurus
1054 1002 1194 1045 finxerit
1216 1006 1353 1035 teneram
1364 1005 1513 1035 atatem?
1535 1001 1618 1038 Quis

148 1050 265 1124 aaut
359 1043 367 1050 ·
414 1044 552 1085 altingit

153 1126 344 1161 metm

572 1048 738 1086 palernum
759 1046 888 1077 caelum?
920 1045 1058 1082 Quemne
1071 1046 1206 1078 alterum
1221 1046 1340 1078 Nereis
1350 1046 1431 1077 clam
1444 1045 1618 1087 portaverit

333 1085 481 1128 Stygios,
492 1090 525 1119 et
535 1088 624 1127 cnjus
630 1087 770 1127 formasa
779 1088 915 1120 membra
929 1088 1162 1130 praemuniam-it
1173 1091 1284 1121 contra
1290 1087 1420 1128 serrum
1429 1092 1443 1121 ?
1458 1087 1618 1129 Manipuli

354 1133 500 1171 repetunt
521 1140 580 1172 per
593 1135 711 1169 castra,
731 1131 898 1173 dicuntque
910 1132 972 1164 sibi
985 1131 1129 1164 invicem.
1175 1132 1312 1164 Caterva
1335 1132 1447 1163 ducum
1470 1131 1563 1171 cedit,
1584 1133 1617 1162 et

151 1178 240 1211 equo
251 1170 355 1204 animo
367 1173 532 1214 confitetur
545 1173 584 1205 ab
597 1173 721 1206 Achille
734 1175 888 1215 superari.
933 1174 990 1206 Sic
1011 1184 1080 1206 cum
1101 1174 1219 1206 coelites
1240 1175 1388 1206 bellaturi
1410 1176 1617 1206 convenerunt

151 1212 187 1245 ἐκ
199 1216 305 1246 mera
319 1215 481 1257 Phlegrae,
503 1219 535 1248 el
549 1216 622 1256 J‘am
645 1217 739 1249 Mars
760 1217 899 1249 vibraret
919 1217 1043 1249 hastam
1061 1217 1247 1259 Odrysiam,
1271 1221 1302 1250 et
1319 1217 1469 1250 Minerva
1482 1218 1618 1257 erigeret

760 1332 883 1346 ΜΝ
886 1333 1006 1346 '‘m“

150 1407 238 1441 Exc.
264 1406 369 1449 Burg.
391 1418 412 1441 a
436 1408 568 1452 Stygios
589 1410 698 1443 tulerit
717 1411 871 1444 secretius
892 1422 1010 1444 amnes.
1039 1411 1147 1444 Aldd.
1169 1411 1279 1444 Colin.
1303 1410 1436 1452 Gryph.
1453 1413 1489 1442 et
1511 1409 1618 1441 Basil.

150 1451 193 1496 ad
216 1449 360 1493 Stygio»,
380 1450 599 1494 improbante
621 1454 886 1488 Barthio.·÷481
911 1454 1057 1487 Codices
1079 1454 1349 1495 Lindenhrogii:
1371 1452 1590 1495 praestruxerit
1603 1462 1617 1489 ;

149 1497 192 1525 ut
218 1501 270 1525 ex*
291 1494 401 1527 veteri
425 1495 547 1528 codice
575 1497 662 1539 legit
685 1497 815 1530 Tollius
844 1497 889 1530 ad
917 1497 1048 1530 Auson.
1075 1507 1156 1539 pag.
1185 1499 1261 1529 229.
1289 1506 1388 1540 quem
1417 1496 1618 1529 vide.·-484

150 1532 208 1568 Sic
233 1544 305 1568 cum
329 1538 482 1578 pallentes
506 1539 598 1572 Dan.
629 1540 713 1572 Put.
742 1541 867 1573 Petu.
895 1541 1130 1582 Lindenbrog.
1161 1546 1198 1572 et
1228 1540 1333 1572 Cruc.
1377 1539 1435 1572 Sic
1464 1548 1534 1571 cum
1558 1548 1617 1579 pa·

148 1579 251 1612 lantes
277 1580 386 1623 Lang.
414 1581 518 1615 Lanr.
543 1582 678 1615 Buslid.
703 1583 855 1626 Lipsian.
882 1583 986 1617 Aldd.
1012 1584 1122 1616 Colin.
1148 1583 1283 1625 Gryph.
1305 1583 1414 1615 Basil.
1439 1586 1476 1615 et
1499 1582 1617 1613 Plant.

811 1678 954 1713 No'rAE

150 1757 233 1802 yet-⁹
289 1758 389 1799 Civ'tw
401 1758 441 1792 ab
453 1763 526 1792 oria
544 1760 652 1793 Cruda
665 1761 855 1802 rudimenta,

149 1807 222 1851 ζα]
244 1808 334 1842 Vide
349 1818 391 1842 ιι.
409 1808 534 1843 Achill.
549 1810 720 1852 quomodo
736 1810 853 1843 Achil-

149 1859 201 1899 lea
215 1857 330 1891 fuerat
345 1869 367 1891 a
380 1859 528 1892 Chirone
544 1859 727 1894 educatus.

189 1911 256 1943 ⁴79
284 1909 397 1943 Patra·
429 1903 558 1952 propior
585 1910 638 1943 cui
659 1910 742 1943 linea
769 1910 854 1953 coeli]

147 1959 376 1995 Commendat
396 1959 566 1994 Achillem
587 1971 608 1994 a
623 1970 762 2003 genere.
806 1961 854 1994 A·

149 2010 267 2044 chilles
301 2011 392 2044 enim
429 2016 507 2044 erat
541 2022 713 2055 pronepos
744 2012 853 2046 Jovis.

148 2060 266 2104 unm]
295 2055 366 2095 Hic
382 2071 446 2104 pra
460 2066 558 2095 recta
572 2062 661 2094 serie
676 2063 853 2105 cognatio-

149 2112 202 2145 nis
218 2112 477 2145 ascendentium
493 2112 643 2153 scilicet,
654 2123 694 2146 ac
709 2113 855 2146 descen-

149 2163 318 2196 donnum.
340 2162 398 2196 lta
410 2163 515 2196 etiam
528 2163 616 2195 hanc
629 2173 744 2196 vocem
758 2173 854 2196 usur-

148 2220 213 2258 pat
219 2215 349 2248 Statius
358 2214 394 2247 in
403 2214 584 2257 Lacrymis
595 2215 745 2248 Etrusci.
758 2215 769 2233 ‘
776 2215 807 2248 N
810 2225 854 2247 on

147 2266 212 2299 tibi
234 2267 327 2299 clara
349 2264 502 2308 quidem,
524 2265 639 2297 senior
665 2265 854 2307 placidissi-

147 2309 216 2357 ιιιιο,
228 2316 343 2360 gentis
358 2316 479 2356 Linea,
498 2325 564 2348 nec
580 2316 717 2358 proavis
729 2316 854 2349 demis-

149 2375 224 2400 sum
237 2364 408 2400 stemms.'

187 2421 254 2451 (80
288 2418 427 2455 Quemne
453 2418 551 2450 alium
582 2417 717 2459 Stygios
742 2418 854 2450 tulerit

146 2473 267 2508 secreta
278 2478 337 2511 per
350 2478 457 2501 amnes
472 2469 603 2511 Nereis]
628 2468 718 2501 Vide
734 2479 852 2511 supra.

189 2522 253 2553 481
277 2519 378 2553 Ferro
399 2519 626 2561 perstrinxerit
649 2521 755 2562 artus]
786 2521 852 2552 Re-

145 2570 274 2616 spexit,
310 2574 351 2603 ut
377 2570 428 2602 ait
451 2570 694 2607 Britannicus,
720 2579 851 2603 morem

145 2621 334 2658 lavantium
351 2629 389 2653 se
411 2621 446 2653 in
468 2620 609 2663 balneis,
634 2620 692 2663 qui
712 2620 852 2663 strigili-

145 2670 210 2716 bus
225 2671 414 2705 utebantur
434 2671 477 2704 ad
493 2671 651 2704 sudorem
666 2671 850 2713 detergen-

146 2722 241 2768 dum.
283 2722 535 2764 Per-strinxerit]
552 2722 850 2762 Deraserit;nam

147 2774 158 2793 ‘
171 2773 359 2826 stringere'
381 2760 441 2808 ‘est
466 2773 600 2816 radere,
622 2777 662 2807 ut
683 2772 733 2806 ait
755 2773 850 2806 Mar-

908 1761 1027 1793 cellus.
1072 1759 1207 1793 Plinius
1235 1759 1360 1794 Junior
1393 1759 1438 1791 de
1474 1759 1616 1791 Balneis

907 1812 1050 1853 loquens
1088 1810 1138 1842 sic
1173 1810 1295 1843 scribit
1330 1809 1375 1842 de
1413 1810 1581 1842 avunculo
1607 1821 1616 1843 z

908 1863 1025 1894 ‘Dum
1054 1861 1285 1902 distringitur,
1314 1859 1532 1902 raditurque,
1559 1870 1618 1892 au-

908 1912 1029 1945 diebat
1044 1911 1174 1954 aliquid
1189 1915 1249 1943 aut
1264 1910 1444 1943 dictabat.’
1466 1911 1519 1942 Ex
1530 1911 1618 1943 Per-

908 1956 1008 2005 gamo
1035 1963 1127 1994 mitti
1149 1961 1299 2003 strigiles
1328 1959 1440 1993 refert
1470 1961 1618 1994 Martia-

908 2014 970 2046 lis:
992 2014 1002 2032 ‘
1018 2013 1210 2055 Pergamus
1233 2011 1293 2044 bas
1316 2011 1410 2044 misit
1431 2021 1537 2044 curvo
1567 2012 1618 2044 di-

909 2065 1080 2106 stringere
1095 2063 1214 2096 ferro.'
1252 2064 1488 2097 Maturantius
1501 2069 1619 2097 autem

908 2115 994 2156 legit
1022 2113 1258 2156 proestruxerit,
1292 2118 1329 2146 et
1367 2114 1618 2157 interpretatur

906 2167 918 2182 ‘
931 2163 1215 2207 praemuniverit!
1260 2164 1375 2206 Ferro]
1392 2165 1509 2198 Dandi
1522 2175 1617 2207 casu,

908 2216 942 2248 id
960 2220 1026 2252 est,
1041 2221 1164 2248 contra
1178 2214 1322 2255 ferrum,
1333 2220 1373 2248 ut
1397 2221 1490 2248 esset
1507 2216 1617 2249 invio-

906 2266 1022 2299 labilis
1039 2265 1147 2298 ferro.
1191 2265 1294 2299 Quod
1310 2270 1449 2298 secutus
1464 2276 1551 2300 sum.

949 2319 1014 2350 484
1038 2316 1209 2356 Phlegraea
1218 2316 1252 2348 in
1266 2316 1388 2359 castra]
1403 2316 1492 2349 Vide
1504 2316 1615 2350 Theb.

906 2375 947 2398 n.
962 2369 1038 2398 595.
1092 2366 1213 2398 Innuit
1229 2365 1342 2398 Poeta
1357 2376 1506 2408 pugnam
1521 2367 1614 2400 Deo—

905 2427 981 2449 rum
1005 2426 1084 2449 cum
1111 2416 1306 2459 gigantibus
1320 2417 1357 2449 in
1372 2418 1447 2450 loco
1463 2418 1614 2461 Phlegra

907 2467 1016 2501 dicto.

947 2521 1011 2550 485
1039 2516 1225 2559 Odrysiam]
1247 2517 1448 2559 Thraciam
1471 2518 1614 2562 Odrysii

906 2568 998 2600 enim
1015 2577 1100 2609 gens
1115 2567 1274 2600 Thracia.

947 2621 1014 2651 486
1035 2617 1187 2660 Libycos]
1221 2618 1420 2651 Medusaeos
1435 2619 1507 2652 sive
1523 2619 1613 2653 Gor-

903 2680 1042 2713 goneos.
1085 2669 1175 2702 Vide
1197 2679 1303 2714 supra
1318 2680 1368 2703 vs.
1383 2673 1458 2705 300.
1506 2672 1610 2704 Trito·

902 2720 973 2763 m'a]
996 2720 1154 2754 Minerva
1168 2730 1189 2754 a
1202 2721 1346 2754 Tritone
1362 2721 1498 2764 palude.
1521 2722 1613 2755 Vide

902 2771 1011 2806 Theb.
1027 2780 1069 2804 n.
1086 2773 1161 2804 ¹18⁵.
