1846 3120
303 225 417 270 1466
789 242 830 272 Ρ.
867 242 1057 274 ΡΛΡιΝιι
1091 244 1257 277 srA‘rn

301 335 413 386 Vos,
432 337 511 388 ait,
531 336 713 379 Actaeas
733 337 866 388 acies,
890 339 1258 396 Marathoniaque
1279 356 1398 387 arma

301 402 476 454 Elicste,
499 405 747 459 aspiretque
761 406 836 460 pio
851 406 1024 455 fortuna
1042 408 1195 451 labori.

303 470 380 512 Me
400 472 530 513 sinite
553 472 762 528 Ogygias,
779 478 911 517 tantae
933 489 1032 530 quae
1052 478 1149 519 sola
1168 477 1304 520 ruinae

305 537 456 580 Causa
475 538 553 590 fui,
575 545 806 593 penetrare
825 541 996 594 domos,
1015 546 1059 585 et
1079 544 1261 586 fulmina
1280 546 1399 599 regni

302 605 451 646 Prima
470 606 564 660 pati
581 619 591 650 :
622 620 703 649 nec
723 608 857 650 surda
875 609 980 651 ferae
1001 611 1274 665 pulsabimus
1295 614 1416 656 urbis
1661 614 1747 659 200

301 672 498 715 Limina:
529 678 630 715 sunt
651 675 744 717 illic
764 677 911 718 soceri
929 678 1049 730 mihi,
1070 684 1259 734 suntque
1280 693 1450 724 sorores

301 741 533 796 eonjugis,
553 745 598 783 et
613 742 788 785 Thebas
809 744 928 786 haud
948 745 1188 799 ignoranda
1207 748 1385 790 subibo.

300 809 373 850 Ne
395 813 567 850 tantum
587 815 794 852 revocate
814 811 973 865 gradus
991 826 1001 854 ι
1031 812 1109 854 illo
1129 813 1316 868 impetus
1336 816 1499 869 ingens,

298 875 629 931 Auguriumque
650 878 799 921 animi.
861 879 906 921 N
907 892 958 921 ec
978 880 1132 934 plura:
1162 894 1385 936 unumque
1403 883 1648 928 Menoetem

297 942 441 999 (Olim
461 943 530 986 hic
551 944 729 998 virginei
747 951 897 988 custos
915 948 1188 1003 monitorque
1209 949 1411 1005 pudoris)
1545 997 1547 999 ,
1657 952 1744 997 205

299 1011 449 1066 Eligit,
472 1016 518 1053 et
535 1024 787 1066 quanquam
806 1014 943 1064 rudis,
962 1004 1095 1069 atque
1115 1016 1266 1069 ignara
1284 1018 1493 1070 locorum,

298 1079 559 1134 Praecipitcs
579 1093 770 1133 gressus,
792 1094 880 1135 qua
899 1087 1077 1125 venerat
1097 1083 1295 1135 Ornitus,
1316 1085 1449 1128 affert.

297 1147 447 1201 Atque
466 1147 546 1188 ubi
566 1148 665 1189 visa
685 1148 843 1201 procul
864 1149 1012 1191 socias
1031 1150 1214 1204 liquisse
1235 1153 1463 1204 malorum,

298 1214 441 1264 Anne,
463 1215 539 1264 ait,
555 1214 740 1256 hostiles
762 1228 845 1268 ego
866 1219 907 1257 te
927 1216 1103 1259 labente
1123 1231 1202 1272 per
1221 1231 1365 1272 agrOS‚
1513 1276 1514 1279 Ἴ
1735 1259 1738 1262 .

299 1282 404 1323 Heu
426 1281 565 1332 dolor,
587 1284 831 1336 expectem,
852 1296 1057 1336 quaenam
1075 1286 1287 1327 sententia
1307 1286 1416 1328 lenti
1656 1291 1741 1334 210
1774 1327 1778 1331 .

294 1349 525 1391 Theseos?
556 1362 612 1391 an
632 1349 746 1391 bello
767 1362 988 1403 proceres,
1009 1364 1065 1393 an
1081 1352 1231 1401 dexter
1251 1366 1443 1409 aruspex

228 1485 232 1488 ”
292 1497 441 1521 conversa
455 1492 496 1523 ad
511 1492 609 1524 socias
627 1492 764 1524 Graias:
793 1492 868 1532 Vos,
881 1494 996 1535 inquit,
1015 1495 1116 1527 excite
1130 1497 1233 1537 copias
1246 1498 1460 1539 Athenienses,
1480 1508 1518 1530 ac
1529 1509 1618 1532 arm
1630 1499 1741 1531 Mara·

295 1530 416 1570 monia,
437 1537 469 1565 et
486 1533 620 1572 fortuna
627 1535 737 1574 faveat
751 1535 813 1576 piis
828 1536 966 1578 inceptis.
1010 1538 1187 1570 Patiamini
1198 1550 1257 1580 me,
1278 1551 1346 1582 quoe
1353 1541 1408 1580 fui
1420 1551 1513 1573 causa
1525 1545 1622 1574 tanta*
1634 1541 1742 1580 emh,

293 1573 397 1606 subire
421 1577 501 1608 aedes
529 1577 696 1618 Thebanus,
718 1582 749 1610 et
772 1579 925 1610 sustinere
943 1579 1079 1620 primum
1093 1582 1239 1622 impetum
1253 1584 1438 1624 tyrannidis.
1482 1585 1552 1616 Nec
1567 1584 1742 1626 percutiam

293 1618 404 1648 surdas
418 1618 509 1656 fores
525 1620 665 1651 barbaroe
677 1621 827 1657 civitatis,
850 1621 943 1653 habeo
958 1622 1024 1653 illic
1036 1633 1163 1664 soceros,
1183 1625 1277 1656 habeo
1289 1636 1410 1659 sorores
1424 1626 1544 1667 mariti,
1566 1637 1621 1659 nec
1633 1628 1741 1667 incog-

292 1659 361 1690 nita
380 1659 541 1700 ingrediar
555 1663 681 1695 Thebas.
725 1664 833 1695 Solum
846 1674 885 1695 ne
900 1664 1033 1696 cohibete
1044 1675 1170 1705 gressus
1183 1677 1273 1699 meos.
1318 1669 1378 1700 Iuo
1397 1672 1515 1701 secreta
1540 1669 1572 1701 vi
1590 1669 1742 1712 impellor.

287 1711 330 1732 *ac
341 1712 426 1734 mens
437 1705 510 1744 quid
521 1705 591 1737 boni
606 1706 683 1737 mihi
695 1707 860 1747 praesagit.
903 1708 972 1738 Nec
983 1709 1072 1748 plura
1083 1709 1180 1740 dixit.
1223 1710 1366 1743 Assumit
1375 1722 1468 1743 unum
1482 1712 1662 1755 Menate-i,
1689 1711 1742 1745 hio

292 1744 366 1776 olim
372 1746 483 1783 suerat
495 1751 597 1779 custos
608 1752 640 1780 et
650 1749 784 1780 monitor
798 1749 962 1788 virginalis
977 1751 1194 1792 verecundioe,)
1209 1756 1239 1784 et
1252 1753 1326 1785 licet
1340 1755 1499 1795 imperita,
1514 1765 1551 1787 ac
1563 1755 1606 1786 ἐπι

294 1787 441 1826 locorum,
463 1791 616 1822 convertit
629 1792 755 1832 rapidos
773 1793 904 1831 gradus,
925 1803 985 1832 qua
1004 1793 1137 1825 Ornitus
1151 1799 1288 1827 venerat.
1332 1798 1435 1838 Atque
1455 1797 1598 1830 cumsibi
1610 1797 1679 1839 vis!
1691 1800 1740 1831 a?

292 1830 383 1870 longe
395 1834 578 1872 processisse
593 1844 612 1865 a
625 1834 787 1865 comitibus
799 1834 1011 1866 calamitatum
1020 1846 1031 1866 .·
1053 1837 1155 1877 Anne,
1170 1837 1284 1878 iuquit,
1298 1848 1367 1879 ego,
1390 1843 1421 1871 te
1432 1839 1559 1879 jacente
1576 1840 1612 1871 in
1623 1838 1740 1880 eumin

292 1871 440 1916 inimicis,
461 1876 617 1918 opperiar,
639 1877 697 1908 heu
712 1877 809 1917 dolor,
830 1887 897 1918 quoe
910 1877 954 1908 sit
969 1887 1053 1909 meus
1067 1879 1152 1910 tardi
1169 1880 1300 1913 Thesei?
1320 1882 1373 1914 Δη
1382 1883 1549 1924 primm-q,
1569 1891 1611 1914 aa
1621 1878 1738 1921 fuum

898 1985 1136 1999 eeeeeeeeeeee

291 2061 530 2096 branae.—-199
552 2065 655 2096 Causa
669 2064 724 2104 sui
745 2066 883 2099 Behott.
900 2070 928 2099 1.
944 2070 1085 2110 2.—2o7
1110 2069 1243 2101 Ornitus
1256 2070 1358 2109 auffert
1381 2070 1463 2102 Pnt.
1481 2074 1517 2102 et
1531 2070 1654 2102 Behot.
1670 2073 1701 2103 1.
1717 2080 1738 2102 s.

292 2115 338 2136 m.
362 2115 431 2138 sec.
457 2108 491 2138 in
514 2117 580 2148 quo
602 2108 695 2148 prins
719 2110 925 2150 exscriptum
951 2111 1059 2152 affert.
1105 2111 1114 2128 ‘
1130 2112 1221 2152 Lege
1245 2122 1320 2144 cum
1343 2113 1475 2145 duobus
1490 2113 1627 2154 optimis
1642 2112 1736 2145 libris

290 2147 395 2189 effert,
413 2159 431 2180 a
448 2149 501 2180 via
517 2150 684 2189 nimirum,
697 2161 797 2192 qnam
812 2157 938 2184 ceterae
954 2154 1111 2185 mulieres
1125 2154 1332 2194 institerant,
1346 2165 1421 2187 sese
1438 2154 1552 2188 aufert
1566 2156 1600 2188 in
1615 2154 1737 2188 aliam!

293 2190 519 2223 Barth—208
541 2193 550 2210 ‘
566 2192 676 2224 Iidem
692 2193 766 2225 libri
782 2204 791 2225 ε
812 2195 912 2226 socias
923 2195 1048 2236 liquisse
1060 2197 1209 2228 dolorum.
1245 2198 1456 2230 Tantundem
1474 2198 1522 2230 rei
1544 2198 1623 2230 est!
1637 2198 1738 2230 Idem.

290 2236 398 2265 —210
420 2238 429 2252 ¹
447 2235 540 2267 Male
556 2237 706 2267 nonnulli
721 2236 811 2278 libri,
826 2237 882 2279 qui
896 2238 968 2270 lecti
982 2239 1060 2281 [pro
1077 2239 1169 2281 lenti]
1184 2240 1239 2272 hic
1261 2239 1423 2273 inducere
1439 2240 1580 2274 volunt:
1593 2241 1735 2273 Idem.—

942 2344 1083 2378 NOTAE

289 2427 471 2468 complexa
487 2427 639 2460 dolorem
662 2428 857 2461 Perfruitur
875 2430 985 2471 laery-
1038 2430 1072 2462 id
1090 2435 1156 2471 est,
1172 2430 1357 2471 diffluente,
1372 2428 1604 2472 putrescente.

290 2481 366 2518 mis,
380 2483 416 2508 et
430 2482 521 2508 amat
538 2488 597 2518 pro
609 2479 751 2520 conjuge
768 2479 922 2512 luctum.’
1081 2483 1144 2512 211
1168 2482 1221 2513 An
1242 2481 1318 2513 bello
1337 2483 1496 2524 proceres]
1522 2483 1616 2515 Nihil
1643 2483 1733 2517 enim

334 2531 396 2560 196
419 2528 560 2569 Actoeas]
592 2528 832 2562 Athenienses.
875 2531 985 2562 Mara-
1039 2530 1128 2571 apud
1146 2529 1372 2564 Athenienses
1385 2532 1456 2564 sine
1473 2537 1612 2565 senatus
1622 2534 1732 2566 consi-

287 2578 412 2618 thoma]
439 2577 566 2618 Attica,
595 2589 615 2610 a
631 2580 834 2612 Marathone
851 2580 885 2612 in
902 2591 985 2622 agro
1039 2581 1083 2612 lio
1100 2581 1332 2622 suscipiebant
1345 2592 1453 2623 reges.
1487 2582 1650 2624 Ampex]
1664 2584 1732 2616 Ve-

287 2628 409 2660 Attieo
426 2628 514 2666 loco,
536 2628 568 2659 in
583 2638 649 2670 quo
674 2629 901 2662 Athenienses
917 2632 984 2663 cla·
1039 2634 1130 2663 teres
1147 2631 1235 2662 bella
1250 2641 1316 2663 non
1334 2633 1579 2674 suscipiebant,
1591 2634 1652 2666 uisi
1665 2634 1734 2676 pri-

289 2679 458 2709 rissimam
485 2678 528 2709 de
553 2679 668 2711 Persis
698 2679 876 2713 victoriam
898 2681 985 2713 duce
1037 2691 1076 2713 ns
1088 2682 1165 2714 Diis
1182 2683 1345 2714 consultis
1363 2693 1424 2724 per
1439 2684 1652 2716 victimarum
1674 2694 1734 2716 ex-

283 2728 451 2761 Miltiade
467 2728 583 2770 adepti
596 2733 688 2761 sunt.
1038 2735 1086 2772 ta,
1103 2736 1140 2764 et
1158 2732 1308 2774 acceptis
1324 2732 1524 2775 Aruspicnm
1546 2735 1731 2777 responsis,

329 2779 394 2811 209
415 2778 569 2820 Lubente]
585 2778 639 2812 An
656 2779 777 2813 tabente
795 2790 815 2813 a
831 2780 842 2799 ‘
852 2780 953 2814 tabeo
962 2780 985 2813 ?’
1038 2791 1081 2814 an
1097 2781 1284 2815 Dii-fausta
1300 2783 1399 2825 signa
1414 2783 1655 2818 ostendissent.
