1884 3120
444 237 484 269 P.
516 237 711 270 nemu
744 237 910 270 'snm
944 227 1315 272 sYLv.‘1,113.1v.
1344 231 1390 274 8.

183 340 243 365 rm·
267 330 315 364 de
338 330 491 374 Republ-
506 332 698 365 anedamr⁸
714 332 892 367 Passerat.

184 382 229 416 ad
244 383 406 425 Propert.
421 382 479 416 lib.
494 392 554 416 ιιι.
569 383 667 425 Eleg.
682 385 735 416 14.
751 384 869 416 Barth.

225 434 270 466 ⁸⁵
288 433 437 475 'Cumque
454 433 515 466 tibi
529 433 670 476 vagitu]
694 434 821 467 Quidni
838 444 892 467 se·

181 483 319 526 qui-rur
334 476 452 526 potius
468 484 687 517 Lutetianam
701 485 891 518 editionem

182 538 369 576 vetustam,
387 544 466 577 qum
485 533 526 567 τὸ
543 535 669 576 vagiret
685 535 816 568 rectius
831 545 891 568 ex-

181 584 316 627 primit,
325 589 364 618 et
373 584 558 627 κακήφατον
569 586 813 629 complosionis
823 588 892 629 syl·

181 635 253 669 lab.
267 644 309 669 ac
322 636 494 678 ταυκισμὸν
509 637 613 671 tollit.
635 637 764 671 Mor-eil.

225 683 270 720 δῦ
285 685 448 720 ‘metuas
469 687 595 729 ingenti
619 697 682 720 mm
699 689 799 729 venit,
820 688 891 731 Usa]

183 736 420 782 ἠήικτῃόρος
433 738 524 772 ludit
537 739 582 772 ad
603 738 774 772 laureatas
789 740 891 782 Epis·

182 789 284 831 tolus,
304 796 390 833 quus
414 789 650 833 Imperatores
676 795 755 833 post
780 791 890 823 victo-

182 839 269 873 riam
282 839 329 874 ad
341 838 507 873 Senatum
523 840 722 874 mittebant.
757 841 889 882 Theog-

181 891 335 933 nidenm,
355 892 418 931 ‘155³
432 890 610 934 ῦῦεῃεσίης
630 891 719 935 ῥῃδίη
741 891 891 932 ἀγγελίη.

181 941 338 975 Actorum
369 943 498 985 pulchre
528 943 663 975 nundus
691 946 739 975 est
764 943 889 983 facilis.

182 991 345 1026 hkmz'
441 994 444 996 ’

225 1046 270 1078 44
293 1045 396 1082 Quem
424 1055 487 1077 non
520 1046 576 1078 hoc
601 1046 728 1087 agmine
765 1046 891 1088 vincas]

182 1093 194 1113 ⁴
218 1092 373 1136 Agmen’
401 1095 445 1128 de
472 1095 598 1137 tribus,
626 1105 694 1129 non
727 1102 796 1129 tam
828 1098 889 1139 hy-

182 1145 372 1188 perbonos,
390 1153 498 1189 quam
509 1146 729 1189 Pythagorea
746 1148 890 1190 phrasis.

182 1195 270 1238 Ejus
303 1201 454 1229 assertor
494 1202 548 1230 est
577 1196 807 1231 Aristoteles:
843 1198 890 1231 Τὰ

181 1246 252 1289 τρία
264 1246 379 1289 πάντα,
394 1247 446 1281 καὶ
472 1247 511 1281 τὸ
534 1247 602 1291 τρὶς
622 1248 736 1292 πάντῃ.
752 1248 891 1293 καθάπερ

180 1295 244 1341 ’γ’ἆρ
257 1303 338 1340 φησι
351 1298 404 1332 καὶ
418 1299 449 1332 οἱ
462 1299 672 1342 Πυθαγόρειοι·
695 1299 739 1333 Τὸ
751 1302 816 1333 πᾶν
837 1301 889 1334 καὶ

180 1350 223 1383 τὰ
241 1349 348 1383 πάντα
369 1351 437 1383 τοῖς
461 1350 561 1393 τρισὶν
586 1351 723 1394 ὥρισται,
748 1363 780 1384 κ.
801 1364 831 1384 τ.
853 1358 887 1385 λ.

182 1400 263 1435 Hac
277 1401 351 1435 basi
365 1402 488 1434 nititur
508 1403 519 1421 ‘
532 1402 597 1435 Jus
611 1402 812 1445 tergeminae
829 1403 888 1436 lae-

181 1450 291 1486 tabue
308 1452 440 1496 protis:
453 1453 553 1486 laem.

223 1506 271 1537 46
289 1503 431 1537 Abantia
450 1501 574 1544 classic]
597 1503 638 1535 Id
655 1508 709 1536 est
723 1503 889 1536 Euboica.

181 1553 347 1596 Carystus
363 1557 444 1586 ante
459 1553 679 1586 Chalcodetis
694 1554 890 1595 dicebatur,

182 1603 242 1637 vel*
259 1604 402 1643 Macris,
425 1609 465 1637 nt
490 1604 688 1646 'Dionysius
712 1611 826 1647 putat,
853 1609 890 1639 et

182 1652 364 1700 Euphorus
380 1656 501 1689 tradit.
546 1656 720 1689 Aristides
732 1658 889 1690 Macram

179 1706 240 1739 stt.
286 1706 526 1740 chalcidemns
545 1707 745 1740 Chalcidem
766 1719 787 1741 a
804 1714 888 1749 χαλ·

179 1755 248 1800 ιὼς,
263 1756 355 1800 qood
371 1756 540 1800 significat
559 1768 615 1796 σε,
636 1758 727 1802 quod
748 1759 793 1791 ibi
819 1760 888 1801 pri·

179 1817 272 1841 mum
301 1808 398 1840 alunt
425 1813 615 1851 repertum.
660 1809 888 1842 Menechmus

179 1857 326 1891 eoadem
354 1857 541 1892 Abantiam
578 1859 629 1892 ait
664 1861 887 1902 appellatam.

181 1907 358 1942 nonen-us
387 1918 560 1953 nunqnam
589 1910 774 1952 Euboicos,
799 1921 888 1944 sem·

179 1958 412 2002 perAbames
422 1961 596 2003 appellat:
616 1971 802 2003 eorumque
816 1963 887 1994 lau·

180 2010 242 2043 dat
278 2010 403 2044 robun
436 2016 476 2044 nt
500 2011 585 2044 illud
601 2023 608 2043 ε
644 2013 656 2030 ⁴
673 2012 804 2054 pariter
829 2022 887 2046 co-

179 2061 348 2094 nitamur
377 2061 559 2095 Abantes!
604 2063 814 2096 Aristoteles
842 2073 887 2096 ex

179 2111 259 2151 Aba
272 2112 402 2155 oppido
417 2112 580 2146 Phocidis
589 2114 739 2146 Thraces
753 2114 887 2147 venisse

179 2161 314 2203 scribit,
327 2163 386 2205 qui
403 2162 569 2196 Eoboeam
583 2169 782 2196 tennerunt.
817 2164 888 2197 Alii

179 2212 225 2245 ab
237 2213 376 2246 Abante
389 2213 495 2247 beroe
511 2215 723 2257 appellatam
739 2219 887 2257 putant:

178 2269 217 2298 ut
251 2265 356 2298 etiam
382 2265 546 2299 Euboeam
581 2265 626 2298 ab
661 2266 793 2300 Euboea
815 2277 888 2299 mu-

178 2315 263 2349 liere
278 2317 404 2349 indolis
419 2317 580 2350 heroicae.
602 2318 728 2350 Domit.

220 2369 266 2400 ⁴9
278 2367 437 2410 Eumelis]
450 2366 493 2400 Id
507 2372 562 2400 est
577 2367 800 2410 Parthenope
818 2368 887 2401 En-

178 2418 258 2450 m'eli
271 2417 365 2451 filia:
389 2428 466 2451 nain
478 2419 716 2461 Parthenope,
729 2425 769 2452 ut
784 2419 888 2461 poeta

179 2469 300 2512 sentit,
325 2469 460 2502 Eumeli
484 2469 555 2502 filia
576 2470 728 2503 Coloniae
752 2469 888 2502 Chalci-

179 2521 295 2554 densis
311 2520 392 2558 dux,
409 2521 518 2553 solum
536 2521 804 2562 Neapolitanum
821 2521 887 2553 ele-

178 2571 245 2614 git,
261 2575 381 2603 secuta
395 2571 572 2613 augurium
586 2571 767 2612 columbae,
782 2572 817 2603 in
830 2581 888 2603 cu-

173 2623 233 2665 jus
250 2622 299 2654 rei
314 2625 573 2654 monumentum
588 2621 760 2664 Apollinis
773 2626 889 2655 statua

178 2672 306 2706 effecta
321 2677 389 2715 est,
405 2671 568 2705 columba
590 2672 625 2704 in
640 2673 730 2704 laevo
745 2672 887 2705 humero

178 2723 376 2756 incidente:
394 2723 444 2756 ita
459 2726 497 2755 ut
514 2732 586 2754 eam
600 2723 788 2765 respiceret
801 2723 885 2755 Par-

180 2774 346 2814 thenope,
359 2777 396 2805 et
411 2773 556 2805 adorare
573 2773 761 2805 videretur.
785 2773 885 2805 Idem.

182 2831 186 2838 ¹
218 2826 263 2856 ‘⁵1
294 2823 441 2857 Votivom
463 2824 554 2857 taciti
572 2823 766 2866 quassamus]
791 2823 886 2856 Prae-

1535 233 1651 277 1741

942 337 998 367 ter
1010 343 1084 367 rem
1099 340 1180 368 sunt
1197 345 1272 378 quae
1286 335 1331 368 de
1347 335 1442 372 votis.
1449 337 1559 371 tacite
1571 348 1654 372 con-

943 384 1056 425 ceptis
1068 385 1124 417 hic
1137 385 1318 418 adnotavit
1328 387 1546 422 Bernartius.
1560 389 1652 422 Nam

944 435 1080 468 Cereris
1103 436 1312 469 Sacerdotes
1336 438 1347 455 ‘
1364 437 1508 471 tacitos'
1532 441 1654 482 appel-

941 486 1003 527 lat,
1018 486 1100 528 quia
1123 486 1198 528 ejus
1215 497 1315 519 sacra
1338 488 1593 530 religiosissimo
1607 490 1652 523 si-

939 536 1048 570 lentio
1078 537 1294 570 colebantur.
1349 537 1474 571 Cicero
1500 538 1535 571 in
1563 540 1653 573 Ver-

940 595 1012 619 rem
1030 585 1110 620 Act.
1125 596 1159 619 v.
1175 588 1186 606 ‘
1198 588 1324 630 Tuque
1340 589 1447 621 Ceres
1463 594 1500 623 et
1514 590 1653 630 Libera,

940 646 1083 680 quarum
1101 647 1212 680 sacra,
1235 639 1326 672 sicut
1346 639 1529 682 opiniones
1545 642 1653 675 horni-

941 698 1022 722 num
1066 699 1107 722 ac
1148 689 1334 732 religiones
1375 690 1507 733 ferunt,
1549 693 1652 736 longe

941 741 1096 773 maximis
1112 744 1215 783 atque
1230 742 1475 775 occultissimis
1498 753 1651 777 ceremo-

941 791 1005 824 niis
1018 792 1264 825 continentur?
1287 793 1335 825 Et
1343 793 1558 826 notissimum
1571 804 1651 837 pro,-

941 842 1097 875 verbium
1127 847 1193 883 est,
1230 842 1368 875 Ἀττικοὶ
1408 843 1578 886 damtuna,
1607 845 1652 877 de

941 893 982 924 iis
1014 894 1072 936 qui
1103 903 1231 927 arcana
1257 904 1320 927 sua
1346 894 1485 939 silentio
1514 899 1654 939 tegunt.

943 944 1076 976 Get-art.

983 998 1024 1026 64
1049 995 1123 1027 Hos
1147 1005 1218 1028 cum
1242 995 1330 1037 plebe
1351 1006 1408 1028 sua
1432 997 1557 1040 Patr-iz]
1581 997 1651 1031 Hic

940 1054 1024 1077 ecce
1050 1046 1214 1078 ‘Patrios
1241 1046 1412 1080 Penates’
1439 1052 1551 1091 vocat,
1566 1059 1651 1091 quos

941 1097 1044 1137 paulo
1066 1102 1148 1129 ante
1171 1099 1181 1115 ‘
1199 1098 1298 1130 Deos
1316 1098 1474 1130 Patrios'
1495 1100 1650 1141 appella-

941 1146 1004 1187 vit,
1044 1146 1103 1179 illo
1131 1157 1255 1181 versu:
1294 1152 1304 1166 ⁶
1327 1148 1386 1180 Dii
1412 1149 1539 1190 Patrii,
1564 1159 1650 1192 quos

941 1197 1120 1238 auguriis,’
1143 1199 1206 1231 διο.
1251 1197 1355 1230 Unde
1381 1203 1479 1240 patet
1501 1201 1652 1242 graviter

939 1256 1056 1279 errare
1071 1249 1163 1281 Had.
1181 1248 1335 1287 Junium,
1351 1250 1407 1292 qui
1425 1260 1502 1293 cap.
1520 1254 1574 1284 14.
1597 1253 1651 1284 sui

940 1299 1201 1333 Nomenclamn
1238 1301 1441 1343 Dionysium
1481 1302 1652 1344 Halycar-

938 1358 1031 1383 nass.
1048 1352 1344 1383 accuratissimum
1360 1352 1574 1394 Scriptorem
1597 1363 1651 1386 re-

940 1401 1137 1444 prehendit,
1166 1403 1258 1445 quod
1281 1404 1291 1420 ‘
1309 1403 1406 1435 Deos
1422 1403 1589 1444 Patrios‚'
1613 1409 1652 1436 et

938 1452 949 1470 ‘
977 1452 1155 1492 Penates:
1197 1452 1338 1485 eosdem
1378 1462 1454 1485 esse
1494 1453 1650 1487 dixisset.

940 1501 1030 1534 Nam
1046 1503 1102 1535 hic
1114 1503 1216 1536 Statii
1231 1504 1323 1535 locus
1336 1503 1496 1545 Dionysii
1512 1509 1652 1537 senten-

939 1553 1022 1585 tiam
1053 1555 1192 1587 omnino
1223 1555 1418 1587 confirmat.
1466 1555 1514 1587 Ut
1543 1556 1650 1587 etiam

939 1604 1134 1638 Martianus
1166 1605 1330 1648 Capella:
1366 1606 1376 1624 ‘
1401 1606 1488 1638 Post
1517 1606 1652 1648 ipsum:

938 1654 1061 1698 inquit,
1082 1659 1092 1675 ⁶
1108 1656 1231 1690 Jovem
1249 1657 1306 1688 Dii
1323 1661 1507 1689 consentes
1529 1661 1566 1688 et
1582 1657 1651 1689 Pe-

939 1711 1052 1748 nates,
1082 1707 1140 1750 qui
1168 1711 1204 1739 et
1239 1707 1352 1740 Pan-ii
1381 1712 1419 1740 et
1451 1705 1652 1740 Genethlii.'

939 1756 1040 1789 Idem.

982 1810 1025 1839 59
1050 1808 1175 1849 Quippe
1203 1812 1236 1840 et
1264 1808 1351 1850 opes]
1374 1808 1559 1851 AEtiologia
1584 1814 1653 1842 est.

939 1858 1079 1890 Etenim
1095 1859 1190 1891 beati
1206 1864 1286 1891 sunt
1309 1859 1408 1891 liberi
1425 1860 1654 1901 Menecratis,

938 1908 1050 1949 ἀγαθοὶ
1071 1908 1135 1951 γὰρ
1155 1908 1244 1942 ὄντες
1259 1909 1483 1951 εὐδαιμονοῦσι,
1499 1910 1650 1952 quando-

940 1960 1078 2002 quidem
1107 1968 1225 1992 eornm
1253 1961 1375 1993 virtuti
1402 1960 1542 1994 fortuna
1569 1971 1652 1994 con·

933 2010 1057 2052 juncta
1073 2016 1138 2044 est.
1162 2012 1358 2045 Quiritatur
1368 2012 1543 2054 Theognis
1557 2012 1650 2055 quod

938 2072 1013 2094 aevo
1030 2073 1092 2095 suo
1113 2063 1147 2095 in
1172 2063 1311 2096 delectu
1329 2064 1526 2105 conjugum,
1548 2063 1652 2104 origo,

938 2113 1113 2156 prosapia,
1136 2123 1244 2155 genus
1268 2113 1449 2145 sorderet:
1472 2123 1556 2155 opes,
1572 2113 1650 2154 dos,

938 2173 1060 2196 census
1077 2163 1407 2206 praeponderarent:
1426 2163 1459 2195 in
1475 2163 1551 2194 aliis
1566 2172 1650 2194 vero

939 2214 1042 2246 rebus
1065 2215 1076 2233 ‘
1093 2215 1261 2256 originem
1272 2218 1280 2231 ’
1297 2213 1455 2256 praeferri
1477 2214 1487 2231 ‘
1500 2213 1650 2255 opibus!

939 2265 1066 2297 Morell.
1087 2270 1091 2274 '
1105 2265 1201 2297 Hom·
1216 2265 1358 2306 lampade
1369 2264 1487 2306 prima,
1501 2263 1574 2306 Bra]
1589 2263 1648 2295 In-

938 2316 1086 2348 tricatus
1118 2317 1228 2358 locus,
1265 2321 1301 2348 et
1331 2316 1387 2348 cui
1417 2325 1517 2358 opem
1554 2314 1648 2348 ferre

938 2366 1067 2399 frustra
1090 2367 1255 2400 hactenns
1278 2366 1393 2400 consti
1416 2366 1554 2399 maximi
1572 2365 1649 2398 viri.

939 2417 1160 2450 Casanbonus
1180 2418 1222 2450 ad
1239 2418 1381 2450 Sueton.
1401 2416 1549 2458 Angust-
1571 2425 1647 2458 cap.

937 2471 992 2500 38.
1018 2468 1078 2500 ubi
1101 2468 1191 2500 hunc
1214 2469 1326 2500 locum
1349 2468 1503 2507 adducit,
1518 2466 1647 2508 ubique

936 2519 992 2551 hos
1006 2518 1111 2561 legit:
1135 2519 1192 2551 hos
1205 2519 1349 2560 lampade
1367 2517 1471 2559 prima
1486 2517 1648 2549 Patricius

936 2570 1058 2602 intr-m
1077 2569 1188 2608 fores:
1220 2569 1276 2600 hos
1297 2569 1379 2610 pube
1402 2567 1459 2600 sub
1484 2567 1567 2609 ipsa,
1592 2570 1647 2609 ξε.

937 2619 1121 2652 Eruditiss.
1150 2629 1233 2651 vero
1260 2618 1437 2651 Livineius
1464 2618 1646 2658 utrobique

936 2670 995 2702 hac
1010 2670 1116 2712 legit:
1140 2670 1198 2702 hnc
1223 2670 1364 2711 lampade
1388 2668 1503 2711 prima,
1529 2672 1565 2699 et
1589 2668 1647 2699 hac

935 2721 1015 2762 pube
1035 2720 1091 2752 sub
1112 2720 1195 2761 ipsa.
1240 2719 1309 2751 Alii
1334 2719 1435 2751 aliter
1460 2718 1553 2750 varie
1576 2718 1646 2748 dis-

939 2771 1098 2812 tinguunt
1123 2776 1160 2803 et
1181 2772 1313 2812 legunt.
1358 2770 1425 2802 Sed
1453 2778 1551 2800 nemo
1569 2767 1644 2798 illo·

939 2831 1012 2854 rum
1025 2821 1212 2862 intellexit,
1226 2821 1307 2863 quid
1324 2819 1407 2853 illud
1421 2819 1562 2859 lampade
1578 2818 1645 2858 pri·
