1846 3120
279 234 393 278 1588

781 245 822 275 Ρ.
852 242 1045 275 PAPlNll
1081 241 1246 274 STA'rn

280 343 475 398 Saepius,
496 344 541 383 et
559 339 693 382 fronti
709 339 877 382 crinale
896 342 1125 393 reponeret
1143 350 1296 380 aurum
1312 351 1324 390 ;

280 410 502 464 Argolicis
524 408 712 450 ducibus
725 407 820 462 jam
842 411 947 448 tunc
968 406 1189 461 patuisset
1206 405 1416 448 Achilles.

280 477 347 519 Ut
366 477 544 531 placata
562 475 702 518 fames
721 475 866 529 epulis
887 475 958 516 bis
978 482 1130 528 terque
1149 475 1358 529 repostis,

278 544 384 586 Rex
402 545 519 599 prior
539 543 793 598 alloquitur,
815 542 1076 597 paterisque
1095 542 1295 583 hortatur
1317 540 1540 584 Achivos:

1656 536 1743 580 100

278 612 467 654 Invideo
488 611 666 662 vestris,
685 607 890 666 (fateor)
906 609 1067 651 decora
1084 608 1254 664 inclyta
1278 608 1418 662 gentis

280 679 521 734 Argolicae,
543 679 729 733 coeptis:
761 679 931 720 utinam
947 677 1056 719 mihi
1075 677 1227 719 fortior
1246 681 1373 726 aetas,

280 748 487 803 Quaeque
506 748 606 800 fuit,
629 748 835 802 Dolopas
855 759 957 788 cum
977 746 1136 801 Scyria
1154 745 1305 787 littora
1325 743 1510 786 adortos

269 872 342 913 jam
360 875 435 904 tunc
459 872 586 911 agnitus
601 872 720 911 fuisset
734 882 754 903 a
775 870 969 912 principibus
984 868 1129 910 Argivis.
1179 870 1224 901 Ut
1237 869 1343 908 sums
1356 869 1465 899 sedata
1471 866 1541 907 suit
1555 863 1685 906 dapibus
1697 863 1746 902 bis

278 919 386 957 terque
399 915 517 954 allatis,
542 924 600 946 rex
620 916 707 954 prior
729 913 861 956 affatur,
885 917 914 945 et
931 913 1050 944 excitat
1064 912 1201 944 Achivos
1215 913 1257 943 ad
1282 911 1465 942 bibendum.-
1489 909 1618 940 Invideo
1631 907 1746 941 veniris

279 957 399 998 coeptis,
411 957 532 997 fateor,
557 957 689 989 celebria
712 959 896 988 ornamenta
926 955 1065 987 nationis
1090 954 1241 995 Argiva-.-
1272 954 1393 986 utinam
1416 951 1494 984 mihi
1515 953 1618 983 essent
1638 948 1746 982 robus-

280 1001 376 1033 tiores
390 1001 477 1042 anni,
490 1004 522 1032 et
536 1000 590 1043 qui
596 1000 743 1040 suerunt,
758 1009 827 1032 cum
840 999 951 1039 subegi
971 1001 1002 1029 et
1013 996 1182 1039 profligant·
1197 997 1230 1029 in
1244 997 1326 1028 mari
1342 996 1478 1037 Dolopes
1491 1001 1656 1036 aggressos
1665 991 1745 1034 Sey-

902 1083 966 1096 ”o
971 1083 1134 1106 ΟΜὟ

279 1155 370 1193 taque
384 1153 643 1191 tempora—100
666 1150 741 1182 Rex
758 1149 848 1190 prius
872 1148 1042 1189 alloquitur
1057 1148 1144 1179 Exc.
1161 1147 1267 1187 Burg.
1290 1149 1345 1187 pat

280 1195 369 1225 Dan.
386 1193 469 1225 Put.
492 1193 616 1224 Petav.
635 1193 742 1233 Lang.
768 1193 871 1224 Laur.
890 1190 1023 1223 Buslid.
1045 1190 1197 1231 Lipsian.
1212 1189 1317 1220 Aldd.
1341 1189 1451 1220 Colin.
1479 1187 1579 1228 Gryp

1346 1145 1465 1186 ermae
1476 1126 1594 1176 invitae
1607 1118 1746 1176 Aesim

1581 1186 1614 1218 h.
1641 1185 1745 1221 Basil.

280 1237 396 1269 Plant.
413 1236 557 1268 Gevart.
571 1235 726 1268 Grasser.
747 1234 978 1275 Lindenbrog.
996 1238 1030 1265 et
1048 1233 1150 1265 Cruc.
1171 1231 1351 1273 paterisque
1365 1231 1511 1263 hortatur
1525 1227 1662 1262 Achiuo·
1675 1228 1743 1261 Pe-

938 1318 1081 1351 NOTAE

321 1388 363 1418 9⁷
389 1384 519 1417 Gm'nale
546 1387 709 1426 reponeret
734 1382 861 1423 aurum]
899 1382 982 1417 Qni-

279 1435 360 1468 dam
374 1434 519 1468 fasciam
535 1443 674 1467 auream
687 1433 901 1475 intelligunt,
916 1442 985 1475 qua

280 1486 394 1519 crines
423 1484 635 1526 religantur:
664 1483 788 1516 fascias
809 1484 900 1515 enirn
926 1493 985 1515 au·

278 1545 355 1569 reas
372 1535 555 1578 gestabant
570 1535 605 1566 in
625 1533 739 1574 fronte
762 1534 914 1576 virgines
929 1542 987 1565 no-

278 1586 418 1621 biliores
434 1586 543 1618 instar
559 1584 775 1617 diadematis.
820 1584 890 1617 Alii
905 1594 986 1616 acus

278 1641 427 1674 crinales
442 1639 729 1680 interpretantur,
738 1636 858 1679 quibus
875 1636 909 1667 in
922 1634 984 1667 foe-

277 1691 377 1724 minis
393 1689 621 1722 ornandorum
647 1687 793 1720 crinium
820 1694 985 1728 compago

277 1741 504 1781 retineretur,
519 1749 563 1771 ne
577 1738 689 1771 laxius
698 1735 859 1776 fluerent,
875 1742 912 1768 nt
926 1736 985 1768 ha-

275 1792 338 1824 bet
354 1790 506 1823 Isidorus
532 1789 591 1821 lib.
607 1798 691 1821 xm.
714 1788 771 1820 vel
795 1787 929 1829 quibus,
945 1790 984 1818 ut

281 1841 395 1882 hodie,
409 1846 516 1882 caput
531 1840 738 1880 scalperent.

321 1894 364 1924 99
387 1891 502 1932 Epulis
522 1891 568 1922 bis
591 1893 698 1930 terque
721 1887 870 1930 repostis]
901 1888 983 1920 Gal-

274 1942 343 1974 lice
368 1952 388 1972 a
412 1941 491 1972 trois
522 1941 664 1972 services.
707 1940 821 1971 Vocat
855 1939 984 1970 Noster

274 1990 387 2024 Theb.
404 2000 430 2023 1.
451 1993 526 2022 639.
552 1992 561 2008 ‘
580 1989 747 2022 Ordinem
761 1987 910 2020 mensas!
936 1988 982 2020 Et

276 2046 376 2075 notat
392 2041 591 2073 divisionem
610 2050 730 2080 coenae‚
756 2049 832 2082 quae
855 2038 983 2071 veteri-

279 2093 345 2125 bus
387 2092 529 2133 triplex,
572 2090 813 2130 ‘Antecoena,'
841 2088 983 2129 ‘coena‚’

278 2148 314 2176 et
344 2144 545 2184 ‘pomorum
567 2174 570 2175 ⁷
588 2140 730 2173 mensa)
787 2139 981 2172 Antecoena

275 2198 352 2226 erat
378 2193 498 2224 missus
511 2192 655 2232 primns,
671 2190 779 2232 quiet
793 2192 801 2207 ‘
812 2190 960 2231 gustatio
970 2188 980 2203 ’

277 2252 337 2276 seu
354 2243 365 2261 ⁴
377 2241 523 2284 gustus,'
546 2247 650 2284 atque
674 2241 778 2272 etiam
805 2242 815 2259 ‘
834 2239 981 2281 promul-

276 2293 343 2325 sis'
368 2292 576 2332 vocabatnr3
600 2291 691 2334 qnod
719 2290 861 2332 primam
887 2290 980 2322 sitim

278 2343 412 2385 antiqui
422 2342 495 2374 fere
504 2343 612 2374 mulso
625 2342 805 2375 sedabant.
828 2342 838 2360 ‘
850 2340 982 2381 Coena,'

277 2394 400 2426 missus
428 2393 596 2425 secundus
622 2397 710 2432 erat,
728 2394 762 2424 in
779 2402 846 2435 quo
859 2393 981 2434 praeci-

279 2443 339 2485 pui
355 2443 435 2475 cibi.
478 2443 488 2462 ⁶
502 2443 626 2475 Mensa
642 2453 818 2485 pomorum
831 2442 841 2457 ’
858 2443 981 2475 missus

277 2493 413 2534 tertius,
438 2493 473 2524 in
498 2502 565 2535 quo
592 2493 747 2525 bellaria.
794 2492 884 2524 Vide
900 2492 981 2533 Lip-

276 2543 364 2576 sium
379 2543 605 2589 Antiquarum
622 2543 823 2576 Lectionum
837 2543 897 2575 lib.
910 2551 968 2574 111.

320 2596 384 2625 100
423 2591 611 2635 Pateriaque
654 2595 801 2626 hortatur
834 2592 982 2635 [invitat]

278 2643 432 2684 Achivos]
453 2643 601 2676 Quidam
618 2644 756 2676 codices
769 2644 981 2677 habentium·-

276 2697 375 2727 tatur.
421 2694 551 2726 Noster
573 2694 608 2725 in
630 2694 783 2726 Hercule
800 2695 981 2736 Epitrape-

278 2744 329 2776 zio
341 2743 517 2775 Vindicis:
544 2744 554 2761 ‘
567 2743 624 2776 Sic
636 2745 730 2776 mitis
746 2745 872 2781 vultus,
886 2745 979 2777 velu-

278 2794 305 2826 ti
320 2794 363 2827 de
379 2798 520 2836 pectore
531 2794 873 2836 gaudens‚Hortetur
888 2804 980 2827 men-

1037 1380 1115 1413 sas!
1159 1381 1269 1413 Vetus
1292 1380 1396 1413 etiam
1420 1377 1630 1412 Scholiastes
1645 1377 1744 1420 ponit

1038 1433 1140 1464 etiam
1155 1432 1312 1468 hortatur,
1337 1435 1375 1463 et
1398 1431 1448 1462 sie
1468 1429 1629 1471 explieat.
1649 1427 1741 1461 hunc

1037 1482 1172 1513 locum:
1197 1482 1208 1500 ‘
1225 1482 1301 1513 Rex
1312 1479 1528 1524 Lycomedes
1545 1479 1639 1520 prior
1660 1477 1744 1511 alto-

1038 1532 1155 1574 quitur
1164 1532 1321 1573 Ulyssem
1334 1534 1370 1562 et
1380 1529 1605 1569 Diomedem,
1615 1531 1660 1563 et:>
1667 1529 1744 1560 lior-

1038 1585 1134 1615 tatur
1161 1581 1239 1614 illos
1262 1581 1406 1623 pateris,
1427 1583 1464 1612 ut
1491 1578 1574 1612 satis
1601 1576 1744 1611 bibant?

1037 1634 1085 1665 Et
1110 1636 1208 1665 notat
1229 1641 1357 1665 morem
1379 1640 1446 1674 quo
1463 1632 1606 1675 *veteres
1625 1628 1660 1661 in
1674 1627 1744 1662 flue

1039 1694 1147 1717 coenae
1162 1687 1302 1725 pateras
1329 1682 1410 1715 vino
1425 1681 1634 1723 implebant,
1643 1683 1682 1713 et
1693 1679 1744 1723 sie

1037 1735 1216 1769 bibebant.
1244 1734 1407 1776 Virgilius
1418 1732 1553 1766 AEneid.
1566 1740 1593 1764 1.
1618 1735 1629 1750 ¹
1640 1730 1744 1764 Post-

1039 1796 1140 1828 quam
1156 1786 1267 1827 prima
1281 1785 1380 1827 quies
1406 1783 1530 1825 epulis,
1547 1790 1743 1824 mensaeque

1037 1841 1192 1878 remotae,
1220 1837 1380 1868 Crateras
1411 1843 1549 1876 magnos
1573 1837 1744 1875 statuunt,

1038 1898 1080 1921 ac
1096 1888 1174 1920 vina
1193 1885 1386 1919 coronantss
1428 1885 1500 1917 Hic
1514 1891 1621 1925 porw
1640 1883 1745 1917 Statii

1036 1938 1132 1971 locus
1157 1942 1317 1979 spectare
1346 1935 1462 1968 forsan
1484 1933 1622 1966 videtur
1645 1932 1745 1968 Grn-

1036 1998 1152 2020 eorum
1173 1996 1317 2027 morem,
1332 1986 1390 2029 qui
1411 1983 1596 2017 minoribus
1611 1983 1743 2026 poculis

1037 2038 1160 2080 primo,
1183 2036 1307 2069 deinde
1331 2035 1516 2077 majoribus
1555 2043 1592 2067 se
1619 2032 1743 2067 invita-

1036 2088 1133 2120 ban't.
1179 2087 1304 2119 Cicero
1325 2087 1360 2118 in
1385 2086 1530 2118 Verrem
1546 2092 1608 2117 nr.
1631 2083 1738 2116 ‘Dis-

1036 2138 1209 2172 cumbitur
1225 2149 1234 2170 ε
1255 2138 1295 2170 fit
1306 2147 1417 2170 sermo
1436 2137 1528 2169 inter
1547 2146 1605 2168 eos
1629 2139 1668 2168 et
1690 2135 1750 2168 in:

1035 2190 1170 2230 vitatio,
1193 2193 1232 2220 ut
1264 2188 1391 2221 Graeco
1417 2197 1511 2219 more
1538 2186 1741 2219 biberetur:

1035 2241 1161 2282 hospes
1174 2239 1346 2271 hortatur.
1382 2238 1537 2270 Poscant
1551 2234 1739 2278 majoribus

1036 2290 1180 2332 poculis.
1205 2287 1412 2321 Celebratur
1423 2287 1572 2319 omnium
1583 2294 1741 2318 sermone

1035 2341 1227 2382 laetitiaque
1261 2335 1481 2371 convivium?
1533 2335 1743 2369 Anacharsis

1035 2390 1128 2433 apud
1155 2390 1345 2430 Diogenem
1373 2386 1550 2420 Laenium
1575 2385 1745 2428 θαυμάζειν

1035 2439 1112 2483 φησὶ
1126 2442 1191 2472 πῶς
1213 2438 1370 2477 Ἕλληνες
1384 2436 1549 2480 ἀρχόμενοι
1561 2436 1618 2477 μὲν
1640 2437 1674 2469 ἑν
1691 2448 1742 2477 μι-

1035 2493 1118 2534 κροῖς
1131 2490 1264 2531 πίνουσι,
1277 2487 1469 2528 πλησθέντες
1482 2487 1516 2521 δὲ
1531 2488 1568 2520 ἐν
1577 2486 1741 2528 μεγάλοις.

1036 2542 1158 2575 Mirari
1175 2551 1208 2575 se
1230 2541 1328 2582 dixit,
1349 2549 1405 2572 cur
1422 2540 1530 2572 Groeci
1552 2539 1644 2571 initio
1668 2548 1741 2570 een·

1034 2594 1112 2627 vivii
1135 2593 1242 2634 parvis
1259 2591 1377 2634 poculis
1397 2593 1574 2631 Μαρκίαν,
1593 2589 1647 2622 ubi
1667 2598 1742 2622 vero

1034 2643 1173 2677 soeturati
1189 2647 1303 2684 essent,
1318 2641 1495 2682 majoribus.

1078 2696 1141 2726 102
1163 2692 1340 2733 Argolicae]
1365 2691 1510 2723 Graecae.

1079 2745 1141 2775 103
1165 2741 1320 2784 Dolopas]
1343 2741 1495 2782 Dolopes
1527 2748 1611 2781 gens
1634 2738 1741 2772 ’Βιθι-

1033 2794 1137 2827 salies
1151 2793 1186 2826 in
1202 2791 1367 2825 extremis
1377 2790 1503 2825 finibus
1519 2788 1740 2823 Phthiotidis.
