1884 3120
435 231 477 262 Ρ.
509 230 702 272 nemu
736 229 905 263 s'rA'rn
931 231 1218 267 syrannus.
1250 232 1318 263 ιν.
1346 223 1391 266 9.

186 325 255 366 vis)
280 324 432 368 Dialogo
447 325 497 359 *de
518 325 713 364 Oratore&
733 326 744 345 ‘
757 327 891 369 Legisti

185 376 329 423 utiquess
343 376 470 420 inquit,
485 377 549 410 §et-
563 377 662 411 Calvi
677 382 715 413 et
730 377 831 410 Bruti
847 377 892 411 ad

187 427 389 469 Ciceronem
410 428 531 460 missas
554 427 743 469 Epistulas,
758 437 802 465 ex
817 429 892 470 qui-

186 477 251 521 bus
266 477 370 518 facile
391 482 448 510 est
471 478 732 520 deprehendere
749 477 893 511 Calvum

185 530 326 574 (ιρίᾶοιιι
341 531 467 571 misum
504 530 663 567 Ciceroni
701 538 893 571 exanguem

185 585 227 626 ct.
244 581 592 625 ιιιτίιιμιιμΒιῖιιιιιιιι
606 585 732 619 ¹antem
748 581 894 613 otiosum

186 634 291 674 atque
320 629 559 673 disjunctum!
603 631 681 665 Quo
701 630 894 671 ,locorLip-

185 680 335 723 εἰιιιριο
359 680 556 721 fotiosnmf
579 681 669 713 male
694 685 704 699 ⁸
719 679 895 713 odiosum’

186 730 467 764 substituendum
505 735 617 773 putat.
659 731 750 764 Nam
786 731 895 763 ‘otio-

186 782 419 826 sum'jpanm
442 786 558 823 vocat,
583 786 622 815 ιιι
643 782 773 820 Statius
799 782 895 815 illum

186 833 416 878 fooeitantem
433 833 443 848 ⁷
457 837 566 866 taxat.
609 833 667 866 Sic
689 832 895 869 Quintilian.

185 883 256 918 lib.
274 893 303 926 ι,
324 893 403 926 cap.
430 886 463 917 1.
488 884 652 918 (otiosas
682 883 896 917 sententias’

186 938 288 977 vocat
315 934 476 976 vulgares
505 939 543 973 et
574 933 750 966 taediosas.
794 933 895 966 Idem

185 984 246 1020 lib.
261 994 344 1018 vm.
356 995 434 1025 cap.
445 987 478 1017 2.
502 985 513 1003 ‘
527 984 576 1017 At
589 994 654 1026 ego
665 984 811 1027 otiosum
824 993 895 1016 ser-

185 1045 321 1068 monem
353 1035 510 1076 dixerim,
538 1045 640 1078 quem
665 1034 805 1067 auditor
834 1044 896 1066 suo

186 1086 328 1129 ingenio
349 1095 416 1118 uon
444 1085 630 1127 intelligit!
675 1083 896 1118 ‘oscitatio'

186 1140 304 1169 autem
332 1136 395 1168 otii
418 1136 472 1167 vel
497 1135 734 1168 somnolentiae
761 1134 896 1177 signum

187 1191 253 1220 eat.
278 1187 410 1220 Germ-t.

229 1240 272 1270 21
295 1236 499 1279 mutonis]
534 1236 681 1269 Libellio
708 1235 897 1277 bibliopola

190 1289 297 1321 miser
311 1293 349 1321 et
366 1297 512 1330 pauper.
534 1287 657 1319 Domit-

229 1340 274 1371 22
299 1338 435 1381 Gaiano]
455 1337 466 1355 ‘
481 1336 646 1370 Caianum
657 1346 766 1369 assem
780 1335 790 1352 '
806 1337 897 1368 vilis-

187 1390 312 1426 simum
327 1388 428 1430 dicit,
453 1387 497 1421 ab
524 1397 630 1420 avaro
649 1393 685 1420 et
709 1387 897 1430 desperato

187 1450 278 1484 pene
299 1439 466 1482 Principe
491 1439 611 1481 utique
635 1437 741 1471 etiam
763 1437 898 1470 assibus

187 1491 306 1524 demto
321 1490 488 1534 pondere,
501 1495 540 1522 ut
554 1489 692 1522 viliores
706 1493 821 1521 essent
835 1499 900 1521 cae-

189 1542 288 1583 teris,
312 1551 391 1575 cum
415 1541 552 1583 perdita
568 1550 630 1573 sua
652 1539 898 1582 prodigalitate

188 1598 323 1627 tantam
354 1592 537 1635 pecuniam
575 1591 732 1632 Caligula
761 1601 898 1633 pessum

188 1643 356 1677 dedisset.
379 1643 498 1676 Barth.

230 1697 275 1728 2⁴
298 1693 406 1735 Pilea]
439 1693 528 1726 Nam
555 1693 648 1735 pilea
670 1691 899 1725 mittebantur

187 1745 224 1777 in
248 1743 486 1777 Saturnalibus
516 1742 612 1775 facta
642 1742 829 1784 aliquando
855 1751 899 1774 ex

188 1796 334 1829 lacernis
351 1795 492 1829 attritis.
512 1795 619 1828 Mart.
646 1794 789 1826 mittens
814 1793 899 1835 pile-

188 1857 267 1881 um:
289 1847 350 1880 ‘Si
371 1856 505 1889 possem
532 1850 623 1878 totas
649 1854 812 1886 cuperem
837 1844 899 1875 mi-

187 1899 274 1932 sisse
294 1899 480 1938 lacernam
503 1897 607 1930 Nunc
632 1899 768 1928 tantum
793 1894 901 1938 capiti

187 1959 332 1982 munera
346 1949 447 1982 mitto
462 1947 547 1981 tuo.’
590 1947 633 1979 Id
649 1951 704 1979 est
720 1946 829 1978 solum
847 1945 898 1987 pi-

187 2000 280 2033 leum
297 2005 432 2042 partem
447 1999 608 2031 lacerna.
632 1997 756 2030 Domit.

231 2053 276 2084 26
300 2050 429 2083 Clima
447 2048 628 2090 Thebaicae]
662 2048 753 2080 Nam
769 2047 899 2079 chartae

167 2101 418 2146 ‘mittebantur
443 2101 478 2132 in
505 2098 762 2140 Saturnalibus,
784 2103 823 2129 ut
846 2102 902 2130 est

189 2152 282 2195 apud
302 2152 512 2185 Martialem.
538 2150 712 2184 Tloebaicoe.
735 2160 755 2182 a
774 2149 900 2181 Thebis

190 2203 349 2246 AEgypti.
369 2207 449 2236 sunt
471 2202 528 2244 qui
552 2202 706 2234 chartam
722 2199 823 2233 ficum
841 2209 901 2242 pu·

190 2259 281 2290 tent.
328 2254 467 2296 Cm-icoe]
492 2253 616 2286 Carica
637 2262 744 2294 genus
766 2251 836 2292 fici,
861 2255 902 2284 ut

191 2310 246 2338 eat
272 2309 441 2344 coctana;
474 2308 597 2336 auctor
621 2303 769 2335 Plinius.
814 2303 902 2334 Pru·

192 2365 313 2389 norum
328 2359 365 2388 et
381 2359 602 2388 coctanorum
618 2354 812 2396 peculiaria
825 2354 902 2386 haec

192 2411 274 2440 suut
289 2406 410 2448 Syriae.
432 2406 533 2438 Idem.

236 2459 279 2489 32
304 2456 472 2499 Cyniphiis
483 2455 617 2498 campis]
633 2455 724 2488 Nam
739 2460 819 2488 sunt
835 2460 902 2488 tes-

193 2507 333 2540 tudines
350 2512 535 2539 terrestres
557 2506 594 2537 in
618 2505 781 2547 operibus
806 2506 903 2537 cher-

194 2557 278 2590 sinae
289 2556 492 2599 appellatae,
505 2565 525 2587 a
539 2554 768 2598 xipcosffluod
786 2559 905 2587 terram

194 2607 383 2651 significat.
429 2607 470 2639 ln
497 2605 626 2639 Africae
652 2606 813 2647 desertis,
827 2616 904 2648 quae

196 2659 344 2691 maxime
376 2657 489 2689 arenis
522 2656 719 2689 sitientibus
755 2657 905 2698 squalet,

196 2710 325 2750 rosido,
337 2714 375 2742 ιιι
389 2708 558 2749 creditur,
572 2707 714 2739 humore
727 2707 902 2739 viventes:

196 2771 261 2794 nec
279 2760 371 2792 aliud
388 2758 435 2791 ibi
453 2759 614 2801 provenit
631 2757 767 2790 animal.
791 2757 891 2790 Idem.

241 2813 283 2845 24
306 2811 470 2845 Debiliece
482 2810 596 2853 perna]
625 2810 682 2842 Sic
699 2809 795 2844 dicta
812 2820 831 2842 a
846 2819 907 2851 pe-

1537 226 1650 270 1743

944 328 989 360 de
1011 328 1099 367 suls,
1117 332 1157 361 ut
1179 328 1288 367 refert
1313 330 1424 363 Varro
1439 330 1490 363 -de
1517 331 1652 374 Lingua

944 379 1070 412 Latina
1098 379 1158 412 lib.
1187 389 1222 411 v.
1252 379 1398 413 Plautus
1425 381 1654 425 Carbonaria,

921 453 924 457 ,
945 430 1074 463 citantc
1090 431 1194 462 Festo
1209 431 1363 464 dictione
1384 433 1532 474 Spetile.
1553 435 1564 452 ⁴
1577 435 1652 475 Ego

944 490 1254 522 pernam,‚sumen‚
1280 492 1411 524 sueres,
1431 484 1568 526 spetile,
1582 485 1653 518 cal-

944 530 1027 571 lum,
1043 530 1203 571 glandia!
1218 532 1382 566 Ber-nari.

952 606 959 610 .
988 583 1029 612 35
1052 581 1225 624 Lucanica]
1247 582 1375 615 Carnes
1398 588 1479 616 sunt
1494 585 1655 618 minutim

945 631 1053 671 tritae,
1069 637 1104 664 et
1116 641 1194 664 cnm
1211 633 1332 674 pipere
1347 634 1498 667 subactae
1512 646 1522 667 ε
1549 636 1654 669 Isieia

944 681 1050 715 etiam
1067 682 1183 724 dictae,
1198 687 1237 714 ut
1261 683 1363 716 docet
1384 695 1446 717 nos
1464 684 1652 720 Athenaeus

946 732 1006 764 lib.
1028 741 1083 767 lx.
1123 732 1170 765 At
1192 733 1346 766 Isidorus
1360 735 1420 767 lib.
1436 744 1500 769 xx,
1523 737 1599 779 cap.
1621 740 1654 770 2.

946 782 991 815 de
1016 784 1126 815 Escis.
1148 785 1158 802 ‘
1173 784 1355 818 Lucanicae
1375 785 1506 825 dictae,’
1529 787 1654 829 inquit,

949 834 959 852 ‘
971 833 1063 875 quod
1088 834 1182 875 prius
1204 835 1238 866 in
1265 836 1418 868 Lucania
1432 836 1535 869 factae
1549 838 1654 871 sunt!

947 885 1046 917 Idem.
1082 885 1334 928 Gratessalisci]
1348 887 1480 919 Venter
1496 886 1653 927 faliscus,

946 934 1135 968 farciminis
1148 940 1254 978 genus
1267 938 1444 969 inventum
1458 938 1603 979 primum
1612 939 1654 970 -in

946 985 1104 1032 Faliscis,
1120 991 1159 1018 nt
1174 987 1228 1019 ait*
1238 988 1362 1019 Varro.
1396 988 1519 1020 Graves
1534 989 1654 1030 appel·

946 1036 994 1068 lat
1011 1036 1194 1077 Papinius,
1210 1037 1299 1079 quod
1316 1047 1395 1069 cum
1415 1042 1555 1070 ventres
1571 1039 1654 1079 siut,

947 1090 985 1119 et
999 1085 1084 1119 facti
1097 1087 1231 1127 gravidi
1246 1087 1440 1121 videantur.
1463 1088 1588 1120 Domit.

990 1141 1034 1170 36
1060 1138 1260 1181 Oxyporum]
1298 1138 1517 1171 Condimenti
1546 1149 1655 1181 genus

946 1188 1038 1231 quod
1054 1188 1241 1230 oxy'garum
1261 1190 1416 1231 appellat
1433 1190 1534 1222 etiam
1552 1190 1655 1222 Colu-

946 1239 1062 1272 mella.
1099 1239 1238 1281 Apitius
1253 1239 1369 1271 cimini
1385 1240 1493 1271 unciis
1506 1240 1655 1280 duabus,

946 1289 1135 1331 gingiberis
1152 1291 1252 1321 uncia
1262 1300 1342 1330 una,
1357 1295 1445 1322 rutae
1460 1290 1576 1322 viridis
1591 1300 1656 1322 un-

948 1341 1001 1372 cia
1014 1350 1094 1382 una,
1108 1341 1183 1372 aliis
1199 1345 1373 1382 praeterea
1387 1340 1488 1373 rebus
1502 1341 1657 1374 conficit.

949 1391 1049 1424 Idem.

991 1445 1034 1474 37
1058 1441 1178 1482 Panes]
1208 1441 1410 1483 Aphronitri,
1430 1441 1463 1473 id
1489 1446 1554 1481 est,
1577 1452 1657 1484 spu-

950 1502 1006 1525 ma
1021 1492 1114 1533 nitri‚
1127 1492 1225 1534 ἀφρὸς
1239 1493 1329 1524 enim
1343 1502 1452 1533 spuma
1473 1497 1539 1529 est,
1553 1498 1590 1525 et
1605 1492 1658 1525 ni-

951 1547 1042 1575 trum
1065 1553 1219 1584 spumam
1246 1543 1375 1575 emittit
1397 1553 1475 1575 cum
1497 1553 1552 1575 ros
1567 1543 1658 1576 ceci-

950 1594 1015 1636 dit,
1032 1599 1070 1626 ut
1086 1594 1189 1626 docet
1216 1594 1400 1627 Domitius.
1443 1593 1513 1626 Sed
1537 1592 1657 1626 confer

950 1645 999 1677 Is.
1015 1644 1208 1677 Casaubon.
1222 1644 1265 1676 ad
1281 1644 1424 1677 Sueton.
1437 1645 1568 1676 Neron.
1581 1654 1660 1686 cap.

951 1698 1006 1727 20.

995 1748 1038 1777 38
1061 1746 1206 1787 Psythiis
1232 1746 1314 1787 suis]
1347 1745 1540 1778 ‘Psithias'
1570 1745 1660 1778 vites

952 1796 1044 1828 inter
1073 1797 1253 1830 Graeculas
1283 1801 1443 1830 recenset
1469 1797 1661 1828 Columella

950 1847 1008 1880 lib.
1025 1856 1084 1880 111.
1100 1858 1178 1890 cap.
1193 1851 1226 1881 2.
1270 1847 1498 1880 Scribendum
1522 1858 1557 1879 v.
1582 1848 1660 1879 Psi-

951 1899 1041 1940 thiis,
1065 1909 1134 1931 non
1161 1899 1317 1942 Psythiis.
1364 1899 1534 1930 Recoctum
1558 1897 1661 1937 dicit,

951 1950 1031 1993 quia
1046 1951 1238 1992 exiguitate
1253 1951 1428 1983 acinorum
1456 1954 1492 1981 et
1514 1948 1660 1980 raritate

952 2002 1165 2042 uvarum,de
1192 2003 1312 2044 quibus
1335 2001 1535 2038 Columella,
1558 2001 1660 2041 coqui

953 2056 989 2085 et
1005 2052 1139 2084 condiri
1162 2062 1248 2094 opus
1272 2051 1445 2083 habu'erit.
1488 2052 1498 2068 ‘
1511 2050 1638 2082 Passas
1652 2049 1662 2063 ’

954 2103 1042 2134 tales
1055 2111 1138 2134 uvas
1155 2101 1190 2133 in
1208 2102 1286 2133 vino
1299 2111 1359 2133 suo
1373 2100 1507 2132 Psithio
1521 2099 1663 2141 recoqui

953 2153 1073 2185 solitas
1089 2152 1186 2184 dicit.
1230 2152 1379 2188 Passum,
1401 2151 1518 2182 vinum
1537 2150 1664 2182 iutelli-

955 2204 1017 2245 git,
1040 2204 1115 2236 uvis
1140 2203 1208 2235 suis
1233 2203 1347 2235 denuo
1374 2201 1518 2242 ingestis
1538 2199 1664 2232 decoc-

954 2259 1038 2287 tum.
1081 2255 1123 2287 Id
1147 2254 1317 2297 quomodo
1338 2252 1411 2293 fiat,
1426 2252 1532 2284 docet
1547 2251 1664 2283 Palla-

954 2306 1031 2338 dius
1047 2306 1082 2337 in
1100 2305 1260 2344 Octobri,
1275 2314 1351 2346 cap.
1368 2307 1420 2335 19.
1442 2302 1562 2335 Barth.

996 2358 1040 2388 42
1068 2356 1154 2388 Uvas
1170 2354 1299 2395 ollares]
1334 2355 1376 2387 In
1397 2354 1472 2386 ollis
1497 2356 1665 2394 servatas,

954 2406 1046 2450 quod
1060 2405 1136 2438 fieri
1150 2405 1255 2437 docet
1271 2405 1474 2437 Columella.
1497 2403 1622 2435 Domit.

998 2459 1040 2489 eta
1064 2457 1104 2488 In
1118 2456 1190 2488 orbe
1209 2456 1364 2497 Cumano]
1400 2455 1443 2486 In
1465 2459 1541 2486 rota
1555 2453 1667 2495 figuli-

956 2516 1012 2539 na.
1057 2507 1222 2547 Cumana,
1245 2516 1321 2538 nam
1347 2506 1476 2548 patinae
1503 2505 1666 2537 Cumanae

955 2556 1082 2589 fictiles
1115 2556 1343 2598 praestabant,
1371 2555 1462 2597 quod
1497 2559 1535 2586 et
1568 2555 1662 2587 Plin.

958 2608 1081 2641 scribit
1096 2613 1133 2640 et
1149 2609 1182 2639 in
1198 2608 1305 2639 Mart.
1322 2607 1484 2639 diximus.
1507 2606 1608 2638 Idem.

999 2660 1043 2689 ⁴4
1065 2657 1255 2699 Synthesin]
1287 2656 1464 2698 Synthesis
1482 2659 1518 2687 et
1534 2665 1592 2687 vas
1606 2654 1668 2686 fic-

958 2707 1018 2739 tile
1032 2705 1218 2748 significat‚
1242 2711 1278 2738 et
1303 2711 1436 2738 vestem
1462 2703 1670 2736 saturnaliti-

959 2767 1025 2797 am,
1040 2757 1083 2788 de
1106 2766 1174 2798 qna
1196 2756 1238 2787 ad
1263 2756 1416 2788 Martial.
1432 2754 1605 2789 diximus:
1631 2757 1669 2783 et

957 2807 1175 2850 Tranquillus
1193 2806 1467 2849 synthesinatum
1494 2804 1668 2837 Neronem
