1846 3120
261 241 374 284 1521
756 250 798 280 P.
828 249 1021 281 nemu
1057 247 1222 281 s'rA'rn

260 347 451 401 Aspicit.
511 346 697 387 Oceano
718 345 924 387 veniebat
944 347 1001 388 ab
1020 346 1205 400 hospite,
1225 343 1393 390 mensis

261 415 431 469 Laetus,
448 416 492 455 et
512 425 719 466 aequoreo
740 412 926 454 diffusus
945 417 1120 454 nectare
1141 413 1306 464 vultus,

260 481 390 523 Unde
410 480 603 533 hyemeS,
624 479 825 533 ventique
848 480 994 529 silent,
1016 484 1236 534 cantuque
1257 481 1403 534 quieto

259 547 480 601 Armigeri
500 547 706 587 Tritones
726 551 843 596 eunt,
866 546 1200 600 scopulosaque
1223 551 1337 597 cete,
1577 559 1581 563 “
1651 545 1712 592 55

258 614 559 669 Tyrrhenique
579 626 728 666 greges
746 614 1000 666 circumque
1022 613 1222 668 infraque
1243 618 1438 657 rotantur

259 682 386 734 Rege
407 681 600 722 salutato
618 692 629 720 :
658 679 847 732 placidis
868 681 968 733 ipse
989 680 1155 722 arduus
1178 681 1305 723 undis

257 748 449 795 Eminet,
470 751 515 788 et
534 746 696 800 triplici
718 746 809 787 telo
818 746 949 800 jubet
964 748 1028 788 ire
1042 747 1233 800 jugales.

257 816 331 857 Illi
353 814 617 868 spumiferos
637 814 879 866 glomerant
899 827 926 855 a
947 819 1128 869 pectore
1148 816 1324 867 fluctus,

256 884 381 925 Pone
401 884 566 930 natant,
587 880 825 934 delentque
846 882 1007 935 pedum
1030 882 1222 936 vestigia
1239 884 1395 926 cauda.
1504 930 1508 934 A
1531 886 1538 892 '
1651 882 1710 930 6⁶

251 1006 370 1040 regem.
417 1001 479 1033 Ille
491 1001 631 1034 veniebat
645 1000 683 1032 ab
695 1001 829 1039 Oceano,
840 1001 922 1042 apud
935 1010 1024 1041 quem
1037 1000 1176 1042 epulatus
1187 1002 1312 1042 fuerat,
1324 1002 1516 1035 exhilaratus
1528 999 1668 1044 dapibus,
1677 998 1711 1034 et'

254 1043 370 1075 habens
383 1043 535 1086 diffusum
549 1043 669 1075 vultum
683 1047 804 1076 nectare
819 1053 978 1083 aequoreo:
995 1045 1075 1074 unde
1086 1046 1228 1084 procelloe
1243 1049 1274 1076 et
1288 1046 1374 1077 venti
1384 1045 1546 1083 memmae
1557 1040 1710 1084 arndeo&

254 1085 401 1117 Tritones
416 1090 528 1118 natant
543 1086 654 1118 leniter
668 1089 823 1125 canentes,
837 1089 867 1117 et
882 1089 947 1117 cete
961 1085 1120 1124 immunia,
1136 1091 1166 1119 et
1184 1087 1337 1128 Tyrrheni
1359 1098 1473 1128 greges
1495 1088 1660 1125 volvuntur
1673 1085 1709 1118 in

248 1137 364 1168 gyrum
377 1129 493 1160 circum
509 1133 541 1161 et
553 1128 650 1168 infra,
665 1130 800 1159 salutato
815 1137 901 1167 rege.
951 1128 1023 1168 Ipse
1036 1128 1176 1160 sublimis
1191 1132 1280 1161 extat
1293 1139 1387 1171 supra
1402 1131 1588 1172 tranquillus
1600 1127 1709 1172 n'qw,

253 1174 285 1201 et
297 1171 434 1203 tridente
448 1174 541 1210 urget
555 1180 625 1202 suos
639 1181 738 1212 equos.
785 1170 838 1202 Illi
852 1171 975 1201 volvunt
998 1181 1017 1201 a
1041 1175 1162 1211 pectore
1176 1175 1351 1213 spumantes
1365 1172 1474 1214 undas,
1487 1176 1571 1205 retro
1584 1173 1708 1217 nutant,

857 1264 1038 1276 ”””””
1039 1264 1100 1276 m

251 1318 359 1359 Burg.
376 1319 604 1360 Lindenbrog.
622 1320 723 1351 Cruc.
740 1323 776 1351 et
791 1324 1026 1352 meeum-53
1052 1322 1139 1353 Dan.
1156 1322 1262 1363 Lang.
1285 1323 1388 1354 Laur.
1404 1321 1536 1354 Buslid.
1553 1321 1705 1363 Lipsinn.

250 1360 389 1393 Venett.
404 1361 508 1393 Aldd.
526 1362 633 1394 Colin.
650 1361 783 1403 Gryph.
797 1362 902 1393 Basu.
921 1363 1034 1394 Plant.
1054 1364 1282 1405 Lindenbrog.
1299 1366 1398 1396 Cruc-
1411 1365 1553 1398 Gevart.
1570 1370 1606 1396 et
1621 1362 1704 1397 Am?

250 1404 328 1435 stel.
343 1403 478 1445 diffusus
491 1407 614 1436 nectare
627 1405 746 1436 vultum
763 1415 775 1441 ,-
798 1405 879 1436 Pur.
893 1405 1013 1438 Petav.
1026 1406 1184 1439 Petrens.
1201 1408 1285 1439 Exc.
1298 1408 1404 1448 Burg.
1418 1407 1572 1439 Gronov.
1583 1405 1705 1440 Barth.

249 1446 357 1478 Veen.
373 1451 409 1478 et
423 1448 551 1488 Delph.
573 1446 710 1488 diffusus
719 1450 841 1479 nectare
854 1447 1056 1480 vulcus-55
1070 1448 1225 1489 Armiferi
1241 1450 1371 1482 tritones
1385 1449 1495 1482 codex
1507 1448 1702 1481 Vossianus.

905 1542 1046 1575 NOTAE

289 1613 331 1649 52
349 1617 487 1658 Oceano]
506 1617 662 1649 Oceanus
675 1613 760 1649 Coeli
777 1622 812 1649 et
827 1616 943 1649 Vestae
1002 1619 1148 1651 Tritones
1158 1623 1243 1651 eunt.
1258 1618 1260 1620 ’
1287 1617 1466 1659 Armiger-i]
1481 1604 1573 1652 Q'uia
1586 1604 1703 1651 ferunt

246 1666 347 1706 filius,
370 1667 463 1698 Deus
484 1667 642 1707 marinus,
656 1667 798 1698 maritus
814 1667 944 1708 Tethy-
999 1667 1184 1699 tridentem
1211 1668 1380 1709 Neptuni.
1425 1668 1594 1709 Scapulam
1621 1667 1702 1709 cete]

246 1727 297 1756 os,
320 1717 411 1758 apud
441 1726 541 1758 quem
568 1717 766 1757 Neptunum
792 1717 841 1748 ire
862 1726 945 1758 epu—

244 1769 349 1800 latum
367 1767 482 1799 ferunt
513 1766 654 1798 Poetae:
680 1767 817 1807 proprie
830 1772 943 1798 tamen

246 1818 378 1851 Oceani
400 1818 535 1849 nomine
565 1817 772 1858 intelligitur,
795 1818 944 1848 vastissi-

245 1880 335 1901 mum
352 1869 434 1900 illud
452 1878 557 1907 mare,
579 1867 667 1908 quod
694 1872 802 1898 totum
825 1867 941 1898 orbem

242 1924 409 1951 terrarum
427 1918 544 1950 ambit.
590 1916 725 1957 Mensis]
747 1916 789 1948 Id
807 1922 872 1955 est,
888 1917 946 1947 da-

244 1969 356 2010 pibus,
371 1978 447 2010 quae
470 1968 504 1998 in
521 1966 642 1998 mensis
659 1970 887 2007 apponuntur.

285 2022 325 2050 54
355 2018 459 2058 Unde]
482 2018 536 2048 Ex
559 2025 625 2057 qua
639 2016 826 2047 hilaritate.
869 2016 945 2047 Ma-

244 2068 413 2101 turantius
437 2066 543 2099 refert
568 2066 607 2097 τὸ
623 2068 701 2097 unde
717 2066 760 2097 ad
775 2066 942 2108 AEthiopi·

240 2129 307 2150 am.
361 2118 460 2149 Illam
485 2120 580 2149 certe
607 2117 779 2157 regionem
804 2116 940 2148 minime

240 2167 373 2199 fulmini
386 2166 566 2199 obnoxiam
582 2176 657 2198 esse
681 2166 786 2198 tradit
804 2167 939 2198 Plutar-

239 2218 323 2249 chus
353 2217 397 2248 de
420 2213 688 2258 Super-stitione.
732 2217 809 2250 Quo
839 2226 941 2250 sensu

238 2268 331 2306 unde,
346 2266 381 2297 id
397 2271 461 2305 est,
479 2276 545 2307 qua
559 2270 667 2306 parte.

280 2319 322 2347 55
345 2315 509 2355 Armigeri
528 2316 687 2357 Tritones]
708 2315 826 2347 Triton
844 2316 940 2347 Deus

237 2366 398 2402 marinus,
425 2366 578 2406 Neptuni
607 2370 642 2397 et
665 2365 809 2397 Salaciae
831 2365 938 2407 Nym-

238 2417 314 2456 phae
330 2416 433 2456 filius,
450 2426 551 2458 quem
566 2416 685 2448 Poetae
702 2416 822 2448 dicunt
844 2416 939 2458 Nep-

236 2466 309 2496 tuni
322 2466 505 2497 tubiciuem
515 2475 600 2497 esse.
616 2467 672 2497 De
684 2465 880 2497 Tritonibus
891 2466 940 2503 ita

234 2517 384 2558 loquitur
392 2517 524 2548 Plinius
533 2517 590 2549 lib.
599 2527 653 2549 rx.
663 2521 774 2558 cap.5.
787 2517 940 2549 ‘Tiberio

234 2566 380 2607 principi
418 2567 589 2609 nuntiauit
617 2566 936 2608 Ulyssiponensium

231 2616 374 2656 legatio,
390 2615 434 2647 ob
458 2616 492 2647 id
516 2617 629 2655 missa,
646 2617 751 2647 visum
768 2616 935 2648 auditum-

235 2676 301 2706 que
318 2667 350 2696 in
368 2667 510 2707 quodam
528 2676 633 2706 specu
655 2667 785 2698 concha
810 2676 936 2698 canen-

236 2720 304 2747 tem
332 2716 508 2747 Tritonem
527 2726 579 2755 ea,
595 2725 660 2757 qua
686 2717 852 2757 noscitur,
867 2715 934 2748 for-

234 2766 312 2797 ma!
358 2766 458 2798 Unde
475 2776 577 2807 supra
595 2767 741 2798 dicitur:
772 2767 934 2806 Armigcri

1000 1717 1086 1750 Cete
1102 1719 1134 1749 in
1149 1719 1232 1750 mari
1244 1718 1387 1760 majores
1399 1718 1526 1759 pisces,
1539 1722 1578 1749 ut
1594 1717 1699 1750 bulae-

999 1778 1064 1800 nae.
1109 1767 1292 1810 Scopulosa]
1308 1769 1397 1802 Quia
1411 1767 1643 1810 magnitudine
1656 1777 1700 1800 ¹ae

999 1820 1088 1851 mole
1105 1820 1260 1860 scopulos
1273 1819 1460 1850 imitantur.
1495 1817 1630 1849 Plinius
1646 1826 1700 1850 res

1000 1868 1068 1900 fert
1084 1869 1141 1901 lib.
1154 1878 1203 1901 rx.
1217 1879 1292 1910 cap.
1304 1871 1341 1900 6.
1358 1867 1402 1899 de
1416 1867 1566 1909 Balagnis
1579 1871 1615 1898 et
1630 1866 1699 1899 Or-

1000 1919 1059 1959 cis,
1071 1918 1145 1958 ejus
1169 1918 1304 1957 bellum,
1319 1917 1374 1949 cui
1400 1916 1577 1948 dicebatur
1591 1925 1698 1958 expo-

999 1968 1067 1999 sita
1097 1967 1202 1999 fnisse
1225 1966 1459 2006 Andromeda,
1480 1975 1558 1998 ossa
1578 1966 1697 2000 Romae

999 2022 1184 2059 apportata
1209 2027 1251 2049 ex
1277 2017 1403 2058 oppido
1422 2016 1558 2049 Judaeae
1575 2017 1697 2058 vJoppe

996 2068 1188 2100 ostendisse
1215 2069 1306 2100 inter
1330 2067 1462 2111 reliqua
1477 2067 1639 2101 miracula
1661 2068 1696 2100 in

996 2118 1161 2150 aedilitate
1187 2128 1246 2150 sua
1270 2118 1320 2149 M.
1346 2118 1523 2158 Scaurum,
1547 2117 1695 2157 longitue

995 2168 1073 2200 dine
1091 2168 1215 2209 pedum
1243 2170 1298 2199 40.
1325 2167 1505 2199 altitudine
1522 2172 1694 2202 costarum

994 2217 1131 2249 Indicos
1146 2218 1350 2258 elephantos
1366 2215 1571 2258 excedente,
1582 2217 1693 2258 ‚spinae

994 2269 1219 2300 crassitudine
1236 2267 1476 2309 sesquipedali.

1036 2322 1079 2350 56
1103 2318 1315 2360 Tyrrhenique
1335 2319 1462 2359 greges]
1476 2317 1518 2349 Id
1535 2322 1600 2358 est,
1612 2318 1693 2351 Deir

992 2368 1125 2408 phines,
1139 2369 1172 2400 in
1189 2378 1272 2410 quos
1292 2367 1395 2399 fuisse
1416 2377 1597 2400 conversos
1612 2378 1693 2400 nnn·

993 2421 1044 2449 tas
1083 2418 1277 2459 Tyrrhenos
1308 2428 1327 2448 a
1359 2418 1512 2458 Baccho,
1543 2418 1693 2460 produnt

993 2466 1125 2499 Poetae.
1167 2467 1257 2498 Vide
1274 2467 1392 2499 Ovidii
1408 2468 1564 2500 Met-111.
1625 2473 1627 2476 ’

1036 2520 1078 2549 67
1103 2518 1205 2558 Rege]
1230 2518 1407 2558 Neptuno.
1677 2544 1682 2549 ,

1032 2570 1073 2599 58
1098 2567 1231 2608 Triplici
1256 2567 1332 2608 telo]
1362 2568 1520 2608 Fascius,
1548 2577 1609 2601 seu
1632 2568 1691 2600 tri·

989 2616 1106 2656 dente,
1118 2617 1244 2657 insigni
1258 2617 1345 2657 ejus.
1387 2617 1536 2658 Jugales]
1555 2618 1689 2651 Phocus

989 2676 1047 2698 seu
1062 2666 1333 2707 Hippocampos.

1032 2718 1075 2747 60
1099 2715 1184 2747 Pone
1197 2714 1323 2756 natant]
1346 2715 1388 2747 Id
1400 2719 1464 2756 est,
1478 2716 1609 2761 caudas
1624 2717 1686 2748 De-

989 2768 1108 2808 teneque
1145 2767 1254 2807 pedum
1284 2766 1416 2807 vestigia
1450 2766 1562 2806 cauda]
1598 2767 1687 2805 Nam

1815 2759 1846 2836 rste?
1824 2714 1846 2750 ulc-
1825 2698 1835 2705 ³
