1846 3120
254 264 365 306 1120

748 273 790 305 P.
824 272 1013 304 nemu
1047 266 1212 305 s'rA'lut

255 368 316 410 Et
335 367 472 409 facies
493 379 782 421 quaecumque
802 368 938 410 libet:
968 368 1112 410 bonus
1133 369 1284 410 omnia
1304 367 1425 411 credi

255 435 436 484 Auctor,
458 439 504 476 et
522 434 738 476 horrificis
758 435 985 489 lymphare
1004 436 1255 477 incursibus
1275 436 1420 477 urbes.

255 501 304 542 Si
323 501 520 554 geminos
541 501 678 551 soles,
697 502 958 555 ruituraque
977 502 1166 543 suadeat
1186 507 1319 552 astra,

253 567 352 609 Aut
371 570 521 609 nutare
542 567 701 617 solum,
725 573 803 608 aut
822 572 990 610 veteres
1011 568 1276 610 descendere
1297 569 1464 624 sylvas,

257 633 330 675 Ah
350 634 500 675 miseri
520 634 686 675 vidisse
707 638 876 688 putent.
931 633 1060 677 Tunc
1082 648 1182 677 acre
1202 637 1395 678 novabat

1622 534 1708 611 115

258 701 484 754 Ingenium
501 714 514 743 ε
542 700 658 742 falso
679 701 939 743 Nemeaeum
960 703 1143 757 pulvere
1160 715 1367 756 campum

258 767 421 822 Erigit:
453 768 628 810 attoniti
646 768 925 809 tenebrosam
945 781 973 810 a
993 770 1158 810 vertice
1177 769 1339 810 nubem

260 834 519 888 Respexere
538 834 699 876 duces:
728 834 846 877 falso
867 835 1058 880 clamore
1079 835 1318 877 tumultum

260 899 423 955 Auget,
445 905 489 942 et
507 913 627 942 arma
644 902 800 951 virum,
819 901 1060 955 pulsusque
1078 902 1276 943 imitatur
1295 913 1526 955 equorum,

258 968 604 1022 'terribilemque
627 981 761 1021 vagas
782 968 997 1010 ululatum
1017 969 1185 1023 spargit
1202 969 1248 1010 in
1268 980 1431 1010 aurass

1622 901 1708 944 12⁰

259 1081 290 1110 et
304 1077 412 1116 forma
433 1086 627 1118 quaecumque
649 1077 678 1108 ei
709 1076 821 1117 placet.
876 1076 1010 1110 Idoneus
1030 1081 1138 1110 auctor
1159 1080 1207 1109 est
1226 1078 1267 1109 ad
1287 1077 1444 1108 suadenda
1465 1076 1580 1116 omnia,
1601 1075 1713 1118 quiqu

259 1123 360 1151 vertat
375 1120 409 1150 in
423 1120 541 1151 rabiem
555 1119 699 1151 civitates
715 1120 866 1151 horrendo
889 1121 1034 1153 transitu.
1079 1120 1118 1152 Si
1140 1121 1270 1152 suadeat
1283 1119 1436 1160 duplicem
1461 1128 1528 1150 esse
1546 1119 1652 1159 solem,
1680 1121 1712 1150 et

259 1162 364 1193 sidera
379 1172 500 1202 casura,
513 1172 549 1193 ac
565 1166 679 1193 terram
695 1165 839 1198 tremere,
854 1166 908 1195 aut
924 1164 987 1195 loco
1001 1162 1119 1195 moveri
1132 1162 1262 1204 antiqua
1275 1171 1412 1199 nemora,
1427 1161 1468 1193 al·
1481 1161 1619 1205 infelices
1629 1160 1713 1201 arbi-

260 1207 383 1235 trentur
396 1204 461 1235 hoec
476 1205 644 1245 aspexisse.
687 1204 772 1236 Tunc
784 1205 908 1236 acuebat
924 1206 1061 1237 vividum
1073 1205 1245 1246 ingenium.
1279 1203 1410 1236 Attouit
1421 1203 1578 1236 simulate
1587 1199 1715 1244 palam

259 1255 398 1287 eampum
413 1247 588 1278 Nemoeum.
636 1247 835 1278 Consternati
858 1247 1016 1288 principes
1030 1248 1173 1280 viderunt
1186 1257 1279 1288 supra
1292 1250 1383 1287 caput
1394 1255 1521 1287 opacam
1532 1245 1713 1286 caliginem.

261 1288 443 1331 Amplificat
452 1288 715 1328 perturbationem
727 1290 885 1321 simulatis
898 1290 1079 1327 ululatibus,
1094 1293 1126 1322 et
1139 1290 1305 1321 aemulatur
1314 1298 1402 1321 arma
1417 1289 1565 1330 militum,
1577 1291 1610 1320 et
1623 1297 1714 1328 equo-

261 1340 330 1361 rum
354 1341 474 1372 cursus,
497 1330 691 1372 effunditque
720 1331 907 1364 horrendum
932 1334 1093 1364 clamorem
1121 1333 1155 1364 in
1181 1342 1312 1364 vacuum
1339 1331 1451 1363 aerem.
1494 1330 1718 1364 Perceuuneur·

263 1483 316 1513 tat
330 1480 724 1522 Lindenbrogius.—-ll2
740 1481 893 1522 Optimae
909 1481 1041 1513 Barthii
1056 1482 1283 1513 membranae:
1300 1490 1504 1522 quascumque
1517 1479 1614 1518 libem
1630 1479 1714 1512 Put.

260 1532 477 1564 quamcumque
500 1523 694 1555 libem—11⁵
718 1524 784 1555 Aut
800 1527 921 1555 mutare
934 1524 1032 1555 solum
1048 1524 1154 1564 Lang.
1172 1525 1272 1555 Laur.
1289 1523 1422 1555 Buslid.
1438 1523 1590 1564 Lipsian.
1606 1522 1713 1554 Aldd.

264 1566 373 1597 Colin.
391 1565 525 1606 Gryph.
546 1566 650 1598 Basil.
675 1570 712 1596 et
735 1566 962 1598 Plant.——116
984 1566 1042 1598 Ha
1065 1567 1172 1598 miseri
1196 1565 1426 1607 Lindenbrog.
1454 1570 1491 1597 et
1515 1565 1618 1598 Ornc.
1639 1567 1714 1596 tunc

257 1611 327 1640 arte
341 1607 473 1639 novabat
492 1607 625 1640 Buslid.
647 1611 721 1640 tunc
740 1617 802 1639 oere
824 1608 957 1640 novabat
981 1612 1127 1649 uterque
1149 1609 1382 1640 nehem-11⁷
1407 1609 1557 1639 Nemeum
1574 1606 1713 1639 Behott.

262 1653 293 1681 1.
309 1653 450 1682 2.-120
474 1651 580 1691 Lang.
597 1650 697 1682 Laut.
719 1650 850 1683 Buslid.
867 1651 957 1682 Dan.
973 1651 1056 1682 Put.
1076 1651 1202 1682 Petav.
1219 1650 1320 1682 Aldd.
1335 1649 1444 1682 Colin.
1459 1649 1592 1691 Gryph.
1607 1649 1727 1682 Ennius

256 1692 372 1724 Plant.
386 1692 618 1733 Lindenbrog.
635 1693 736 1724 Cruc.
752 1697 789 1724 et
801 1693 946 1724 Gevart.
962 1703 1126 1734 cursusque
1135 1703 1150 1731 ,⁶
1175 1692 1324 1734 Lipsian.
1340 1692 1494 1724 nonnulli
1524 1690 1717 1731 Barthiani,

261 1735 398 1767 Beliott.
409 1738 440 1767 1.
454 1738 488 1768 2.
505 1734 650 1768 Amstel.
666 1735 816 1767 Gronov.
831 1735 952 1769 Barth.
967 1735 1075 1767 Veen.
1092 1740 1129 1768 et
1143 1736 1270 1777 Delph.
1289 1735 1453 1776 pulsusque
1464 1745 1479 1773 ‚·
1499 1734 1597 1766 etsie
1609 1733 1714 1766 etiam
1749 1745 1751 1747 ·

917 1824 1061 1857 NOTAE

307 1891 370 1920 112
393 1889 502 1920 Bonus
516 1889 619 1921 omnia
632 1889 717 1922 credi
738 1889 871 1930 Auctor]
893 1890 960 1921 Pa-

263 1948 326 1969 vor
341 1942 393 1969 est
408 1938 549 1970 idoneus
564 1944 685 1972 auctor
705 1940 747 1971 ad
763 1940 873 1971 omnia
888 1948 961 1971 cre-

265 1986 398 2018 denda:
422 1997 489 2028 quo
506 1987 655 2020 faciente
677 1988 895 2029 impossibilia
911 1988 961 2019 in-

263 2036 399 2068 terdum
426 2037 529 2068 etiam
553 2037 743 2068 credimus:
767 2038 850 2068 nihil
871 2037 960 2069 enim

264 2091 317 2119 est
334 2087 424 2129 quod
439 2097 507 2119 non
523 2087 644 2119 credat
657 2088 756 2118 homo
773 2087 805 2118 in
824 2097 962 2128 pavore.

266 2138 423 2168 Lucanus
438 2137 495 2168 lib.
514 2145 554 2168 n.
586 2137 596 2152 ‘
608 2137 665 2168 Sic
680 2137 823 2178 quisque
836 2147 961 2178 paven-

264 2187 308 2219 do
323 2188 395 2218 Dat
411 2187 499 2219 vires
512 2185 632 2218 famae:
650 2187 809 2228 nulloque
822 2192 962 2219 auctore

265 2238 429 2269 malorum
450 2238 537 2271 Quae
557 2237 688 2269 finxere
705 2237 848 2270 timent!
893 2238 961 2270 De-

267 2288 442 2329 scriptioni
471 2288 548 2319 huic
582 2287 725 2319 Pavoris
749 2287 858 2328 junge
886 2298 962 2330 quae

270 2338 356 2370 dicit
370 2338 534 2379 Virgilius
549 2337 625 2369 AEn.
651 2346 703 2369 ιν.
728 2338 771 2368 de
794 2338 909 2375 Fama,
926 2342 963 2370 et

264 2387 309 2419 de
332 2387 455 2419 eadem
483 2388 640 2419 Valerius
665 2388 807 2420 Flaccus
831 2387 962 2430 Argon.

265 2438 324 2470 lib.
339 2448 378 2470 n.

310 2491 372 2520 113
396 2488 586 2530 Lymphare]
609 2487 649 2519 Id
668 2497 731 2528 est,
753 2489 785 2519 in
812 2487 962 2520 furorem

267 2543 415 2577 vertere,
441 2539 547 2570 verbo
577 2539 727 2570 deducto
756 2549 776 2570 a
798 2540 963 2581 Nymphis

268 2598 328 2621 seu
359 2589 541 2630 Lymphis;
573 2589 663 2620 unde
691 2589 902 2630 Lymphatiei,
927 2594 965 2622 et

266 2639 435 2681 Lymphati
463 2640 604 2675 Latinis,
627 2640 761 2672 Graecis
783 2639 962 2681 νυμφόληπ-

264 2700 325 2720 τοι.
369 2689 512 2720 Festus:
537 2689 672 2730 ‘Vulgo
695 2693 808 2722 antem
838 2701 963 2724 memo-

266 2740 328 2770 ria».
343 2738 510 2779 proditum
523 2745 586 2775 est,
597 2740 800 2781 quicumque
810 2741 961 2781 speciem

268 2789 448 2830 quamdam
473 2799 491 2821 e
527 2789 637 2830 fonte,
667 2790 701 2821 id
731 2795 785 2823 est
814 2790 959 2833 effigiem

1016 1889 1186 1931 Nymphae
1223 1889 1386 1929 viderint,
1409 1887 1546 1920 furendi
1569 1896 1636 1919 non
1663 1886 1715 1918 fe-

1015 1940 1101 1972 cisse
1132 1939 1261 1972 finem:
1285 1940 1369 1981 quos
1393 1938 1508 1971 Graeei
1533 1936 1714 1979 νυμφολήπ-

1014 2001 1087 2022 τους
1102 1994 1238 2030 vocant,
1261 1990 1374 2021 Latini
1400 1988 1573 2031 lymphatos
1597 1986 1714 2029 appe!->

1014 2040 1110 2072 lant!

1060 2093 1122 2121 116
1144 2089 1198 2122 Au
1227 2089 1334 2121 miseri
1364 2089 1476 2121 vidisse
1497 2086 1623 2129 putent]
1656 2085 1712 2118 Ad

1016 2140 1205 2182 augendam
1227 2140 1467 2172 credulitatem
1486 2147 1648 2171 novarum
1663 2138 1718 2169 τέ-

1017 2200 1103 2231 rum,
1117 2191 1163 2222 ita
1179 2191 1273 2222 dicta
1288 2189 1502 2228 confirmant,
1514 2191 1640 2230 ntquae
1655 2185 1721 2229 ρι’-

1018 2251 1098 2273 vore
1114 2241 1335 2280 mentiuntur,
1349 2250 1386 2273 se
1397 2240 1522 2272 vidisse
1535 2236 1715 2270 affirment.

1018 2292 1148 2324 Noster
1158 2292 1262 2323 Theb.
1274 2299 1326 2324 iv,
1368 2291 1379 2308 ‘
1392 2290 1456 2323 Cui
1470 2299 1537 2322 non
1560 2293 1614 2321 est
1626 2289 1715 2320 scire

1017 2343 1158 2376 licentia
1169 2343 1307 2384 passim,
1316 2343 1363 2374 Et
1376 2341 1500 2374 vidisse
1515 2339 1607 2373 fuit?
1631 2339 1718 2372 Tim

1016 2403 1088 2425 acre
1101 2393 1232 2425 novabat
1246 2392 1426 2433 Ingenium]
1446 2392 1620 2434 Tanquam
1644 2389 1716 2431 gla-

1017 2444 1110 2476 dium
1125 2444 1168 2476 ad
1185 2448 1309 2484 cotem,
1323 2448 1362 2476 ut
1373 2442 1588 2485 excogitaret
1603 2440 1715 2482 aptio-

1018 2504 1072 2526 res
1087 2494 1204 2526 modos
1222 2493 1266 2526 ad
1287 2497 1454 2526 terrorem
1474 2491 1613 2534 Argivis
1637 2489 1722 2532 injiae

1017 2544 1184 2576 ciendum.
1504 2557 1507 2559 ·

1060 2597 1122 2627 117
1140 2596 1233 2627 Falso
1243 2595 1422 2628 Nemeaeum
1434 2594 1560 2635 maluere
1572 2595 1716 2632 eampum

1017 2644 1145 2685 Erigit]
1166 2645 1326 2677 Tacitus:
1360 2644 1370 2662 ‘
1383 2644 1549 2677 Extrema
1561 2645 1600 2674 et
1610 2640 1716 2683 plna

1015 2697 1187 2726 terrarum
1201 2694 1322 2727 umbra
1347 2693 1462 2727 hitmili
1487 2701 1556 2726 non
1575 2691 1715 2735 erigant

1013 2743 1199 2777 tenebra?
