1846 3120
285 225 398 274 1520

283 329 487 372 Solverat
507 329 692 371 OEbalio
712 329 903 371 classem
923 330 979 371 de
999 329 1146 372 littore
1166 335 1319 385 pastor
1340 367 1341 371 ,

285 397 760 447 Dardanum-incautas
778 397 934 439 blande
956 397 1200 452 populatus
1219 397 1459 454 Amyclas,
1522 427 1525 430 ψ

284 463 514 517 Plenaque
535 463 724 505 materni
743 464 930 507 reserens
954 465 1177 519 praesagia
1198 466 1340 509 somni

284 529 529 583 Culpatum
548 530 772 584 relegebat
790 531 889 581 iter,
910 543 1001 584 qua
1019 531 1199 573 condita
1218 536 1358 586 ponto

286 591 518 638 Fluctibu's
537 597 693 639 invisis
706 597 802 656 jam
823 597 985 640 Nereis
1006 598 1198 652 imperat
1222 599 1350 641 Helle
1367 613 1379 641 ι

284 663 397 705 Cum
417 663 573 705 Thetis
593 663 745 706 Idaeos
760 665 864 719 (heu
882 678 1112 719 nunquam
1129 678 1246 707 vana
1265 669 1496 721 parentum

282 728 501 784 Auguria!
508 727 527 783 )
547 731 736 784 expavit
755 732 892 773 vitreo
913 732 996 772 sub
1018 731 1188 784 gurgite
1208 744 1366 775 remos.

284 795 386 837 Nec
407 809 554 838 mora:
587 801 632 838 et
651 797 838 840 undosis
858 788 990 840 turba
1011 798 1248 840 comitante
1270 812 1470 847 sororum

776 237 817 267 Ρ.
851 236 1044 267 ΡΑΡΙΝῙΙ
1074 236 1246 268 STA'rn

1673 663 1740 711 '25

281 906 390 945 pastor
403 905 553 935 eduxerat
566 914 658 936 naves
672 914 712 936 ex
725 914 781 937 ora
793 904 932 945 OEbalia,
945 908 1072 944 gratam
1084 906 1224 945 proedum
1237 906 1385 946 auferens
1399 916 1441 938 ex
1453 905 1635 947 improvidi·
1644 906 1741 948 Any-

282 946 355 984 clis,
368 948 399 976 et
413 950 575 986 reportans
597 947 701 978 omina
715 947 882 987 adimpleta
897 947 1031 978 materni
1044 947 1165 986 emnil,
1180 949 1321 989 culpatus
1343 948 1546 988 renavigant
1565 956 1663 988 m,
1681 957 1739 990 quo

282 997 383 1019 mersa
395 988 488 1020 Helle
493 989 586 1027 sacta
600 990 711 1020 Nereis
724 990 900 1021 dominatur
915 990 1028 1020 odiosis
1039 989 1138 1030 aquis.
1187 990 1230 1022 Ue
1244 991 1348 1022 Thetis
1359 989 1532 1032 perterrita
1547 990 1670 1031 aspexit
1681 990 1738 1022 ub

278 1029 432 1070 profundo
447 1031 549 1062 lucido
564 1034 669 1062 tonsas
687 1031 852 1070 Trojano&
872 1032 950 1072 (heu
964 1041 1119 1072 nunquam
1131 1031 1226 1064 irrita
1240 1036 1375 1064 matrum
1386 1032 1547 1073 presagia
1556 1031 1588 1074 Ι)
1600 1042 1663 1064 non
1674 1041 1739 1064 mo·

281 1075 374 1103 ratur
384 1083 394 1103 .·
416 1076 446 1104 et
458 1073 520 1104 cilo
532 1073 611 1104 exiit
623 1083 664 1105 ex
674 1074 798 1115 aquosis
807 1073 965 1114 cubiculis,
986 1076 1111 1105 caterva
1121 1076 1260 1106 rarorum
1277 1075 1406 1117 stipata.
1437 1075 1610 1116 Replenm
1623 1075 1738 1107 conla-

888 1156 1126 1170 OO‘OOmOOOO

278 1209 446 1247 praesudet.
490 1209 584 1240 Nihil
607 1209 828 1242 mutandum!
843 1210 960 1242 Barth.
1004 1211 1088 1243 Put.
1111 1210 1216 1243 habet
1234 1212 1490 1252 prmaeium—2⁷.
1511 1212 1580 1244 Nec
1594 1222 1692 1253 mora,
1705 1217 1736 1245 et

282 1250 439 1282 undisonis
465 1252 552 1283 Exc.
578 1252 683 1293 Burg.
707 1256 743 1284 et
768 1252 877 1284 codex
900 1252 1109 1293 Vossianus;
1132 1254 1201 1286 Nec
1221 1258 1362 1296 moru,et
1387 1255 1512 1287 undosis
1536 1256 1629 1288 Dan.
1653 1255 1735 1289 Pur.

939 1327 1083 1361 NOTAE

324 1390 367 1419 20
386 1388 530 1429 OEbalio]
555 1389 596 1421 Id
618 1391 881 1430 est‚Laconico.
903 1391 986 1426 Pas-
1034 1392 1091 1432 gia
1113 1392 1226 1433 somni]
1251 1392 1395 1425 Hecuba
1410 1391 1498 1425 enim
1513 1392 1655 1434 gravida
1668 1394 1736 1427 Pa-

281 1440 333 1471 tor
343 1438 530 1479 Dardanus]
545 1440 641 1471 Paris
657 1440 862 1478 Alexander,
876 1441 983 1482 Phry·
1037 1442 1126 1482 ride,
1139 1443 1228 1474 inter
1243 1442 1490 1483 dormiendum,
1504 1443 1684 1476 somniavit
1697 1453 1735 1477 ee

282 1487 358 1528 gius
375 1497 435 1519 seu
447 1489 626 1530 Trojanus,
639 1490 765 1522 Priami
778 1495 814 1522 ct
826 1490 983 1523 Hecubae

281 1536 383 1577 filius,
399 1538 456 1579 qui
481 1538 593 1571 infans
609 1541 784 1581 expositus
805 1539 929 1579 fuerat,
944 1550 984 1572 ac

281 1587 373 1619 inter
396 1593 550 1629 pastores
574 1589 752 1623 educatus.
796 1591 982 1632 Dardanus]

280 1636 322 1668 Id
339 1642 407 1676 est,
420 1638 594 1679 Trojanus.
637 1640 743 1671 Troas
759 1639 847 1671 enim
874 1643 883 1660 ³
897 1639 983 1670 Dar-

282 1685 406 1718 dania'
427 1688 602 1728 appellata
622 1688 735 1721 fuerat
763 1699 784 1721 a
811 1690 985 1730 Dardano,

280 1737 454 1778 Troe'sque
476 1738 675 1770 ‘Dardani.’
720 1739 842 1770 Sciunt
868 1743 982 1772 autem

281 1795 398 1818 omnes
424 1787 598 1827 Paridem,
626 1798 701 1820 cum
732 1789 842 1820 adhuc
869 1793 984 1830 pastor

280 1841 385 1877 esset,
408 1842 444 1869 et
469 1837 619 1869 nondum
641 1847 661 1869 a
676 1838 874 1879 parentibus
890 1839 983 1878 agni-

281 1892 350 1928 tus,
366 1888 518 1929 judicem
537 1889 653 1922 aJove
668 1889 890 1921 constitutum
908 1899 980 1922 esse

280 1937 374 1970 inter
390 1938 485 1969 Dens
509 1938 552 1969 de
572 1939 825 1979 pulchritudine
840 1945 979 1971 comen-

281 1986 417 2027 dentes,
456 1997 600 2030 eumque
629 1989 833 2020 sententiam
863 1989 980 2025 tulisse

281 2046 344 2078 pro
360 2038 507 2070 Venere.

323 2089 364 2120 21
389 2087 514 2119 Blande
525 2089 702 2130 populatus]
722 2088 902 2130 Rapienda
916 2089 980 2122 aci·

279 2135 364 2168 licet
392 2136 574 2174 Helenam.
604 2139 701 2179 cujus
724 2148 836 2170 amore
858 2143 980 2179 captus

280 2189 369 2226 erat,
383 2191 419 2216 et
446 2196 522 2227 quae
544 2197 632 2227 eum,
650 2193 688 2219 ut
703 2188 811 2228 aiunt,
828 2188 979 2220 reda'ma·

281 2234 352 2267 bat.
376 2236 522 2267 Incuutas
536 2236 699 2278 Amyclas]
732 2237 885 2279 Amyclae
898 2239 979 2271 urbs

280 2284 466 2317 Laconiae:
489 2285 650 2317 dicuntur
682 2287 878 2328 ‘incautae,’
902 2288 982 2329 quia

280 2333 366 2366 nihil
387 2334 457 2365 tale
479 2335 647 2375 suspicari
664 2340 825 2376 poterant
841 2346 861 2368 a
882 2337 980 2369 Pari-

282 2382 340 2424 de,
369 2384 426 2425 qui
447 2384 581 2425 Spartae
609 2384 642 2415 in
673 2385 808 2418 domum
828 2387 979 2419 Menelai

280 2433 431 2475 hospitio
458 2439 633 2475 receptus,
662 2444 799 2466 uxorem
822 2436 894 2476 ejus
927 2446 980 2467 ra-

282 2483 371 2523 puit.
395 2484 555 2515 Ceterum
569 2484 702 2515 Helene
714 2494 781 2516 non
793 2490 870 2517 erat
879 2485 982 2527 Amy·

283 2532 359 2572 elis,
374 2533 434 2565 sed
450 2534 598 2573 Spartoe,
612 2544 687 2565 cum
703 2539 804 2575 rapta
816 2534 889 2568 fuit.
913 2535 982 2568 Sed

283 2582 419 2615 solitum
444 2583 564 2613 Poetis
592 2593 694 2615 unum
716 2585 826 2616 locum
849 2594 982 2616 sumere

283 2641 345 2674 pro
369 2632 448 2672 alio,
472 2634 662 2674 praesertim
685 2643 759 2666 cum
783 2635 858 2666 loca
872 2635 982 2674 vicina

283 2686 375 2713 sunt.

326 2734 369 2763 22
392 2731 550 2773 Plenaque
563 2735 695 2766 materni
709 2734 845 2774 reserens
863 2746 980 2777 praesa-

1037 1492 1214 1525 ardentem
1230 1492 1342 1525 facem
1365 1502 1499 1535 parere,
1523 1503 1667 1536 eamque
1677 1495 1736 1529 lli-

1037 1551 1093 1573 um
1116 1542 1315 1583 depascere,
1329 1546 1432 1585 atque
1448 1552 1683 1579 concremare.

1078 1593 1120 1622 23
1146 1591 1327 1632 Culpatum]
1349 1592 1464 1631 Bene;
1488 1591 1570 1634 quia
1588 1593 1736 1626 abduce-

1036 1639 1096 1671 bat
1111 1650 1251 1672 uxorem
1267 1640 1422 1683 hospitis,
1435 1641 1524 1683 quod
1537 1647 1613 1675 erat
1625 1643 1735 1686 indig-
1765 1654 1768 1655 ⁷

1036 1689 1208 1722 nissimnm
1226 1689 1369 1724 facinus.

1079 1743 1121 1772 24
1149 1741 1227 1772 Jum
1243 1741 1359 1773 Nereis
1377 1741 1510 1782 imperat
1534 1741 1643 1785 Helle]
1665 1742 1736 1776 Re-

1036 1789 1318 1830 spicitfabulam,
1334 1800 1401 1832 qua
1413 1791 1539 1827 dicitur
1550 1791 1667 1833 Helle,
1678 1792 1733 1828 su-

1035 1839 1132 1880 giens
1171 1850 1247 1872 cuin
1281 1840 1388 1873 fratre
1418 1841 1559 1883 Phryxo
1584 1841 1732 1875 furorem

1035 1899 1204 1930 novercae,
1224 1890 1461 1924 conscendisse
1485 1900 1623 1923 aureum
1647 1892 1734 1925 arie-

1034 1945 1116 1979 tem,
1139 1943 1177 1971 ut
1201 1939 1375 1980 trajiceret
1395 1949 1501 1980 mare,
1524 1950 1592 1982 qua
1612 1950 1733 1982 angus-

1034 1988 1102 2020 tius
1126 1994 1212 2029 erat,
1239 1994 1276 2019 et
1298 1989 1334 2020 in
1350 1989 1433 2024 illud
1449 1989 1628 2031 cecidisse,
1641 1991 1732 2033 quod

1034 2047 1076 2072 ex
1103 2038 1174 2079 ejus
1199 2038 1335 2070 nomine
1358 2039 1551 2079 appellatur
1570 2039 1581 2057 ‘
1598 2039 1734 2073 Helles·

1035 2087 1193 2129 pontusz'
1217 2098 1257 2119 ac
1283 2087 1421 2120 tandem
1437 2089 1548 2121 Deam
1570 2090 1733 2124 marinam

1034 2146 1094 2169 seu
1124 2137 1277 2169 Nereida
1299 2136 1427 2170 factam
1449 2137 1565 2172 fuisse.
1608 2139 1733 2183 Sicque

1031 2188 1106 2229 ipsa
1130 2187 1233 2219 Helle
1259 2188 1301 2219 de
1322 2197 1360 2219 se
1383 2193 1502 2221 narrat
1525 2190 1617 2231 apud
1629 2191 1732 2225 Vale.

1031 2237 1117 2269 rium
1132 2237 1292 2269 Flaccum
1316 2237 1376 2270 lib.
1389 2247 1431 2271 ιι.
1453 2240 1463 2257 ⁴
1478 2239 1589 2271 Celeri
1604 2245 1733 2275 extem-

1032 2286 1090 2327 plo
1105 2286 1241 2319 subiere
1258 2291 1414 2318 ruentem
1425 2287 1612 2328 Cymothoe
1625 2289 1731 2321 Glau-

1033 2346 1160 2377 cusque
1190 2346 1312 2367 mann:
1338 2340 1437 2377 pater
1465 2337 1538 2378 ipse
1571 2337 1731 2379 profundi

1034 2386 1106 2417 Has
1129 2385 1232 2417 etiam
1257 2385 1369 2426 sedes,
1383 2385 1457 2417 haec
1473 2386 1610 2418 numine
1627 2387 1732 2419 tradi-

1034 2434 1086 2466 dit
1100 2444 1197 2476 aequo
1222 2435 1353 2475 Regna,
1367 2444 1432 2467 nec
1447 2435 1539 2467 Inois
1559 2442 1676 2472 noster
1689 2437 1731 2469 si-

1036 2493 1099 2516 nus
1114 2483 1244 2515 invidet
1258 2483 1380 2516 undis!

1078 2536 1119 2565 25
1145 2533 1264 2573 Tlaetis]
1289 2534 1404 2565 Mater
1419 2533 1573 2566 Achillis.
1617 2535 1731 2576 Idaeos]

1035 2585 1078 2619 Id
1109 2589 1174 2625 est,
1203 2585 1384 2627 Phrygios,
1406 2595 1467 2617 seu
1484 2580 1666 2628 Troianos,>
1685 2587 1730 2618 ab

1035 2636 1099 2669 Ida
1112 2636 1332 2669 celeberrimo
1347 2640 1463 2669 moute
1477 2637 1632 2670 Troadis.

1077 2689 1118 2718 27
1141 2686 1303 2728 Sororum]
1326 2686 1524 2718 Nereidum.
