1846 3120
238 227 352 269 1316

728 233 767 262 1‘.
801 231 994 262 PAPtNlt
1027 231 1193 268 STA'rtt

241 333 394 374 Fertur
413 331 456 371 in
477 329 724 378 adversum,
746 326 955 380 nervique
977 326 1160 381 obliqua
1179 328 1329 369 sonori

239 398 406 440 Vincla
426 399 563 444 secat,
584 397 766 448 pereunt
782 394 914 444 ictuS‚
934 393 1232 448 manibusque
1252 395 1449 438 remissis

240 465 373 506 Vana
391 462 596 516 supinato
619 460 871 503 ceciderunt
890 460 1063 515 spicula
1082 473 1230 503 cornu.

239 531 368 572 Tunc
387 530 517 571 miser
537 534 584 569 et
603 527 768 569 fraenos
789 528 1003 578 turbatus,
1024 531 1068 569 et
1087 540 1208 570 arma
1226 529 1407 579 remisit,

1607 459 1692 504 8⁷0

241 596 448 639 Vulneris
467 594 716 650 impatiens,
737 594 902 637 humeri
919 589 1007 648 qua
1027 596 1217 648 tegmina
1238 596 1382 638 dextri

241 665 446 715 Intrarat,
466 662 728 716 facilemque
749 665 894 703 cutem
917 661 1038 703 subit
1058 661 1198 705 altera
1218 663 1390 718 cuspis,

242 730 589 786 cornipedisque
609 728 756 783 fugam
776 728 953 770 succiso
972 727 1143 783 poplite
1163 729 1292 772 sistit.

241 799 369 839 Tunc
389 797 509 839 cadit
528 797 626 851 ipse
653 796 794 849 Dryas
813 793 1016 850 (mirum)
1034 808 1116 837 nec
1136 796 1328 838 vulneris
1348 808 1536 851 usquam
1606 794 1696 838 876

243 863 479 913 ConsciuS,
501 863 605 904 olim
627 865 780 903 auctor
799 862 889 912 teli,
911 875 1148 916 causaeque
1168 865 1398 917 patebant.

244 931 305 973 At
324 944 432 986 puer
449 930 627 972 infusus
647 929 798 979 sociiS,
818 929 861 970 in
881 929 1010 971 devia
1028 931 1174 985 campi

243 997 433 1040 Tollitur
452 996 556 1052 (heu
580 996 772 1050 simplex
794 1001 908 1038 aetas
923 994 959 1051 l)
976 997 1249 1052 moriensque
1261 998 1479 1053 jacentem

246 1065 406 1106 Flebat
426 1077 614 1119 equum:
645 1063 810 1106 cecidit
827 1064 981 1106 laxata
1002 1063 1178 1109 casside
1198 1064 1358 1115 vultus,
1385 1094 1387 1097 f

246 1131 475 1184 AEgraque
496 1143 576 1184 per
595 1130 789 1184 trepidos
808 1130 984 1185 expirat
1003 1132 1143 1184 gratia
1162 1132 1312 1181 visus,

246 1198 303 1240 Et
323 1197 494 1252 prensis
514 1210 732 1239 concussa
750 1198 905 1250 comis,
927 1201 993 1239 ter
1011 1199 1144 1250 colla,
1165 1202 1405 1254 quaterque

1563 1091 1566 1093 ⁵
1611 1129 1699 1173 eso

245 1319 360 1359 impetu
375 1318 458 1349 volat
481 1318 514 1349 in
537 1317 720 1359 oppositum,
741 1322 774 1350 et
797 1322 940 1359 amputat
953 1329 1051 1352 nexus
1065 1319 1203 1362 obliquos
1215 1307 1356 1352 stridulae
1369 1319 1491 1351 elwrde
1501 1328 1513 1350 .·
1531 1317 1617 1350 ictus
1628 1316 1701 1349 unt

246 1361 348 1401 irriti,
370 1364 402 1392 et
417 1361 535 1392 laxatis
549 1360 691 1392 manibus
706 1360 831 1392 inutiles
844 1361 971 1401 sagiuoe
988 1364 1082 1403 lapsoe
1096 1367 1168 1395 sunt
1180 1363 1324 1404 supinato
1334 1371 1420 1394 areu.
1465 1361 1551 1392 Tunc
1564 1359 1701 1399 Mortu-

246 1407 339 1434 nalus
353 1406 383 1434 et
397 1404 554 1443 perculsus
568 1402 687 1433 remisit
702 1404 842 1443 clypeum
856 1407 888 1434 et
902 1404 1047 1445 habenas,
1062 1405 1231 1437 intolerans
1242 1407 1357 1446 plugae,
1378 1413 1447 1445 quae
1461 1401 1596 1435 subierat
1612 1405 1702 1442 tegu-

246 1449 385 1477 mentum
398 1445 505 1479 dexlri
519 1445 650 1484 humeri,
670 1447 701 1476 et
716 1455 820 1476 mucro
840 1447 921 1477 alter
934 1446 1035 1479 intrat
1050 1450 1187 1479 teneram
1199 1451 1311 1486 catena,
1332 1450 1366 1479 et‘
1377 1446 1494 1478 detinet

246 1491 330 1519 secto
342 1487 470 1528 poplite.

1501 1443 1616 1484 fugam
1624 1444 1703 1485 'equi

517 1487 604 1518 Tunc
617 1486 683 1527 ipse
698 1487 807 1528 Dryas
820 1488 939 1519 corruit
963 1488 1107 1531 (mirum)
1129 1499 1185 1521 nec
1207 1491 1312 1530 plaga.»
1325 1497 1454 1530 usquam
1466 1486 1604 1519 eonem
1613 1496 1624 1517 .-
1645 1486 1707 1518 teli

246 1534 355 1564 auctor
369 1533 400 1561 et
414 1538 514 1561 cuusae
528 1530 600 1559 olim
613 1529 773 1569 putebant.
815 1529 1001 1563 Adolescens
1015 1532 1101 1564 intra
1111 1531 1236 1564 brachia
1249 1533 1393 1565 comitum
1406 1532 1589 1571 exportatur
1602 1537 1620 1560 e
1639 1528 1704 1559 loco

243 1582 360 1613 pugnae
371 1575 403 1603 et
419 1570 595 1604 occumbens
609 1572 685 1612 (heu
698 1571 830 1612 simplex
844 1576 922 1604 aetac
929 1572 961 1614 l)
973 1574 1116 1615 plorabat
1129 1578 1319 1614 prostratum
1333 1583 1452 1614 equum.
1495 1569 1706 1610 &magam

239 1613 344 1652 facies
358 1615 425 1654 ejus
438 1615 572 1654 collapsa
587 1617 646 1650 est,
669 1617 699 1644 et
718 1614 872 1653 languens
887 1619 1030 1648 venustas
1043 1617 1176 1648 moritur
1191 1617 1224 1648 in
1239 1615 1443 1649 trementium
1461 1613 1570 1654 mlta,
1590 1616 1622 1645 ee
1636 1621 1704 1645 cer·

858 1708 876 1720 θ
880 1708 974 1721 ‘0000
978 1710 1032 1723 ,θ’
1037 1710 1095 1723 000

275 1777 384 1805 ectam
402 1772 506 1805 habet
528 1771 702 1809 BartliiuS,
719 1782 795 1804 cum
818 1779 982 1815 sequatur
1007 1785 1086 1807 mox
1103 1775 1138 1807 id
1154 1776 1414 1809 verbum—872
1436 1774 1446 1792 ‘
1462 1774 1504 1806 In
1519 1771 1649 1814 optimo
1664 1770 1704 1802 li-

248 1784 311 1848 gre
326 1825 384 1857 quo
399 1816 566 1856 scriptum
583 1820 637 1846 est
651 1825 659 1846 ι
685 1820 722 1846 ut
738 1815 919 1857 legendum
939 1817 1034 1849 dieas
1050 1819 1152 1859 quod?
1182 1819 1299 1851 Barth.
1345 1817 1442 1850 Unus
1458 1815 1580 1848 Behot.
1601 1813 1706 1846 habet

250 1859 354 1890 etiam
377 1859 575 1899 quom—873
599 1857 761 1889 Bar-thius
789 1857 990 1899 distinguit:
1006 1859 1194 1902 facilemque
1207 1864 1319 1892 cutem.
1360 1859 1453 1892 Subit
1481 1858 1582 1890 auem
1594 1856 1710 1896 cuspis,

249 1902 414 1940 esau—876
437 1901 531 1932 Unus
547 1900 669 1931 Behot.
685 1903 784 1931 actor.
807 1900 914 1942 Lang.
932 1901 1034 1935 Lanr.
1050 1903 1180 1935 Buslid.
1207 1903 1360 1944 Lipsian.
1377 1902 1467 1933 Dan.
1483 1901 1563 1932 Put.
1583 1899 1706 1930 Petnv.

253 1943 394 1974 Behott.
411 1946 441 1974 1.
457 1945 488 1974 2.
511 1942 672 1974 Petrens.
701 1943 786 1974 Exc.
810 1943 956 1975 Cantab.
981 1948 1017 1976 et
1043 1945 1124 1977 edd.
1141 1949 1227 1978 vett.
1249 1944 1421 1985 pulcoctum
1444 1941 1646 1975 Bernartius
1671 1943 1709 1971 et

251 1985 370 2017 Barth.
394 1984 577 2026 legendum
603 1988 811 2025 putaverunt
835 1986 1105 2026 patebunt.-—879
1128 1988 1138 2005 ‘
1155 1988 1248 2020 Male
1276 1985 1627 2024 nonnulli.1ibrorum‚
1647 1983 1707 2024 qui

906 2081 1045 2115 NOTAE

293 2157 358 2186 869
382 2154 523 2186 Pereunt
537 2155 634 2197 ictus]
651 2156 745 2189 Quos
762 2156 953 2189 Partheno-

255 2214 350 2245 paeus
365 2204 572 2236 destinabat.

295 2256 356 2285 875
383 2255 469 2285 Tunc
490 2255 575 2286 cadit
597 2254 662 2296 ipse
677 2255 801 2296 Dryas]
834 2254 955 2287 Invisi-

254 2303 313 2335 bili
332 2304 464 2336 scilicet
489 2304 612 2336 Dianae
633 2306 702 2336 telo
718 2305 752 2336 in
769 2305 956 2349 vindictam

252 2354 345 2385 necis
362 2354 605 2395 Parthenopaei
621 2365 630 2386 ι
647 2364 751 2396 supra
764 2355 853 2387 enim
869 2355 956 2387 Dia-

256 2413 300 2434 na
323 2403 372 2435 sic
387 2404 557 2446 loquitur:
583 2405 592 2422 ‘
609 2405 684 2437 Nec
707 2404 818 2446 fugiet
842 2412 956 2445 poenas

253 2453 459 2495 quicumque
483 2453 665 2486 nefandam
681 2455 833 2487 Insoutis
858 2454 958 2496 pueri

256 2498 442 2535 scelerabit
459 2504 623 2545 sanguine
638 2504 796 2537 dextram
812 2504 956 2546 Impius,

255 2559 293 2585 et
322 2554 448 2585 nostris
478 2554 529 2586 fas
562 2555 606 2586 sit
638 2555 757 2587 saevlre
798 2553 959 2595 sagittis!

245 2604 422 2635 -Ceterum
439 2604 493 2636 hic
513 2614 628 2636 versus
643 2610 680 2637 et
702 2614 847 2648 sequens
862 2605 957 2645 Guy—

255 2659 313 2686 eto
329 2655 491 2695 suspecti.

299 2706 362 2735 878
384 2703 475 2745 (Heu
485 2704 619 2745 simplex
631 2704 749 2746 oetasJ)
771 2705 961 2747 moriensque

247 2752 403 2790 jacentem
437 2754 544 2786 Flebat
571 2755 698 2796 equum]
748 2756 893 2788 Ovidius
925 2756 960 2787 iu

1009 2158 1219 2200 Proserpina
1231 2157 1374 2190 Similem
1386 2154 1640 2197 simplicitatem
1655 2161 1709 2185 os·

1009 2209 1145 2241 tendit:
1171 2213 1180 2227 ¹
1194 2208 1339 2240 Collecti
1354 2205 1455 2238 flores
1479 2203 1605 2237 tunicis
1620 2203 1709 2236 ceci·

1010 2258 1092 2291 dere
1117 2258 1282 2298 remissis,
1302 2258 1482 2297 Tantaque
1507 2252 1708 2295 simplicitas

1011 2308 1197 2349 puerilibus
1214 2307 1311 2339 affuit
1330 2306 1437 2346 annis,
1458 2305 1547 2337 Haec
1572 2312 1709 2346 quoque

1009 2358 1197 2401 virgineum
1212 2357 1317 2390 movit
1326 2357 1467 2398 jactura
1481 2353 1660 2387 dolorem!

1056 2413 1119 2443 880
1156 2411 1222 2442 Per
1263 2408 1415 2450 trepidos]
1465 2404 1711 2439 convelluntur

1012 2462 1100 2493 enim
1115 2461 1150 2492 in
1167 2464 1277 2492 morte
1292 2459 1392 2492 oculi.

1055 2514 1116 2544 881
1140 2512 1188 2543 Et
1208 2510 1333 2551 prensis
1353 2518 1497 2542 concussa
1518 2507 1625 2545 comis,
1639 2508 1710 2550 ξω]

1013 2561 1236 2593 Lactantius:
1259 2561 1269 2578 ⁶
1283 2558 1460 2592 Morituris
1483 2559 1574 2591 enim
1598 2558 1712 2590 solent

1012 2611 1146 2654 erigere
1176 2610 1306 2652 capita,
1334 2619 1448 2641 comas
1483 2608 1711 2641 concutiendo

1013 2670 1072 2693 seu
1100 2660 1270 2702 vellendo,
1284 2659 1393 2703 ¹quasi
1415 2663 1574 2692 revocent
1596 2666 1710 2690 eorum

1012 2711 1156 2745 seusus?
