1858 3112
232 266 347 309 1710

232 370 379 404 Statium
392 371 586 411 intelligere
596 380 689 404 arma
700 372 932 415 publica,qnae

232 421 267 453 in
284 422 545 453 armamentario
563 420 692 454 fieriet
713 423 830 464 reponi
845 424 931 455 sole·

232 471 396 513 bant,cui
423 472 497 503 loco
522 472 578 513 qui
603 471 858 513 praeficiebatur
878 483 932 504 ar-

230 531 364 553 morum
387 526 502 554 custos
517 521 715 562 vocabatur,
728 527 767 554 ut
787 523 820 554 in
836 527 931 555 vete-

230 580 268 603 re
305 571 527 613 inscriptione
557 572 646 613 apud
683 573 875 605 Renardum
906 583 931 605 ι.

232 622 392 663 conject.
423 622 490 655 ‘V.
516 623 555 654 F.
581 623 621 655 C.
645 623 761 655 Virius
786 624 929 656 Sabinus

229 672 423 704 Veteranus
460 681 628 704 armorum
657 679 770 705 custos
798 675 865 715 leg.
902 684 930 707 1.

231 731 308 755 xiv.
321 723 421 755 Gem.
436 723 529 755 Vict.
546 723 590 755 D.
608 723 670 755 Μ.’
692 723 865 755 Domitius
881 730 930 756 ta-

231 783 311 805 men
337 773 418 804 nihil
441 772 532 805 aliud
559 773 594 805 in
619 773 670 804 bis
695 774 808 806 verbis
828 775 929 807 Statii

231 823 481 865 interpretatur
511 823 574 855 nisi
611 824 838 864 consulatum,
874 825 928 856 cui

230 874 404 905 adversari
421 882 489 905 non
513 874 643 906 audeo:
666 873 726 904 sed
753 883 863 915 neque
889 876 929 907 P.

229 923 342 955 Fabro
358 923 417 964 qui
431 933 457 954 1.
472 923 688 955 Semestrium
700 924 757 964 jus
771 924 877 965 gladii
893 929 930 957 et

228 983 360 1006 merum
375 974 555 1015 imperium
570 974 724 1015 praesidis
741 975 929 1015 provinciae

230 1028 291 1054 ant
307 1022 465 1064 praefecti
487 1023 649 1064 praetorio
670 1025 822 1065 exponit.
849 1026 929 1057 Cru-

225 1083 308 1105 ceus.
346 1074 667 1115 Mandataquefidus,
680 1074 750 1115 θα]
763 1075 930 1107 Mandata

226 1124 328 1165 signa
340 1125 517 1165 eleganter
535 1123 706 1160 dicuntur,
721 1134 798 1166 quae
814 1123 928 1156 ferun—

228 1178 286 1205 tur
300 1174 416 1205 alienis
434 1173 592 1213 auspiciis
610 1177 647 1204 ct
663 1182 724 1213 pro
741 1173 868 1205 ultione
884 1175 930 1205 al-

228 1223 349 1256 terius.
365 1223 435 1254 vid.
455 1223 592 1254 Gronov.
608 1223 719 1254 Diatr.
734 1233 802 1264 cap.
819 1226 872 1255 30.

271 1276 335 1306 134
371 1273 544 1315 Spargere.-
588 1272 796 1313 collectaeque]
833 1273 927 1314 Lege

227 1324 418 1364 couatoeque.
462 1322 619 1369 Studium
641 1327 676 1354 et
696 1322 842 1354 felicitas
860 1324 926 1355 Pa-

227 1374 314 1414 pinii
342 1379 510 1415 perpetua
533 1373 567 1403 in
591 1372 708 1414 quavis
735 1382 772 1404 re
789 1373 927 1414 propria.

227 1429 264 1456 et
280 1434 340 1455 sua
356 1424 473 1464 phrasi
489 1422 707 1463 explicanda.
728 1422 826 1453 Tales
841 1421 926 1454 ‘fer-

226 1473 290 1514 re‚'
315 1475 326 1491 ‘
340 1473 499 1506 conferre
508 1469 520 1487 ”
535 1472 577 1504 de
593 1471 792 1504 muneribus
807 1471 926 1504 functo

227 1529 286 1556 aut
302 1533 384 1565 rogo
399 1522 546 1555 donatis.
588 1523 676 1554 Item
690 1534 698 1552 ε
720 1524 730 1540 ⁴
743 1532 825 1564 quos
838 1531 927 1554 nunc

227 1583 292 1615 ego
314 1572 453 1605 confero
474 1571 638 1615 questus.'
663 1573 800 1604 Gronov.
817 1572 927 1604 Diatr.

224 1632 293 1663 cap.
310 1625 364 1654 32.
567 1631 569 1633 ’
859 1621 862 1624 ’

271 1676 333 1705 138
355 1674 451 1705 Illum
466 1672 576 1713 etqui]
600 1673 792 1714 Sequentes
807 1682 925 1704 versus

224 1723 388 1756 obscuros
405 1727 441 1755 et
466 1722 661 1764 implicatos
687 1722 719 1752 in
744 1722 833 1754 hunc
853 1726 926 1753 tan·

224 1773 300 1804 dem
316 1782 451 1804 sensum
474 1771 742 1812 explicavimus:
765 1771 926 1812 Vespasi-

225 1831 320 1864 anus,
332 1822 454 1864 inquit,
468 1823 526 1863 qui
541 1823 670 1863 prolem
681 1822 782 1853 habet
793 1822 825 1853 in
841 1822 926 1853 caelo

225 1877 262 1905 et
277 1874 311 1904 in
327 1874 451 1905 terris:
479 1873 513 1904 in
538 1872 622 1904 caelo
636 1872 763 1912 Titum,
776 1872 810 1903 in
827 1873 925 1903 terris

224 1923 480 1955 Domitianum:
504 1932 580 1954 cum
597 1922 641 1954 de
661 1922 792 1955 Judaeis
808 1923 924 1954 trium-

223 1973 356 2014 pharet,
381 1973 640 2013 exercitumque
671 1972 839 2004 victorem
866 1974 924 2004 ho-

222 2032 308 2055 nore
337 2027 374 2056 et
413 2023 610 2054 muneribus
649 2028 924 2065 prosequeretur,

224 2073 402 2107 claudium
419 2074 598 2105 Etruscum
623 2073 657 2104 in
681 2082 821 2105 numero
842 2074 924 2105 alio-

223 2133 298 2155 rum
314 2124 458 2154 militum
473 2123 604 2163 habuit,
621 2123 772 2164 quamvis
785 2124 815 2155 ei
832 2123 923 2156 bello

222 2182 291 2204 nou
327 2172 561 2204 interfuisset:
607 2173 764 2214 quoniam
802 2173 923 2205 absens

221 2217 331 2255 multa
345 2232 423 2264 quae
446 2223 527 2254 illuc
550 2222 767 2263 pertinebant
783 2232 923 2255 curave-

222 2278 299 2305 rat:
322 2278 359 2306 et
373 2273 527 2315 quamvis
544 2272 697 2304 obscuris
724 2274 922 2314 parentibus

224 2327 328 2360 esset,
352 2327 467 2355 tamen
493 2322 658 2354 minorem
685 2333 861 2355 numerum
887 2329 924 2356 et

216 2373 359 2404 honoris
376 2377 508 2414 partem
521 2382 590 2404 non
604 2372 733 2404 habuit.
767 2373 920 2405 Eundem

222 2434 356 2466 quoqne
382 2424 532 2465 equitem
557 2422 654 2463 fecit,
680 2433 758 2454 cum
785 2424 921 2456 ordines

221 2479 493 2513 recognosceret.
539 2473 634 2504 Nunc
653 2473 819 2514 temperat]
853 2474 921 2506 Re-

220 2523 310 2554 latus
325 2528 379 2554 est
394 2524 427 2554 in
445 2531 619 2553 numerum
635 2523 785 2554 deorum.

265 2575 330 2603 139
352 2573 540 2612 Progeniem
559 2572 712 2613 partitus]
743 2573 859 2605 Titum
886 2574 921 2605 in

221 2622 317 2657 caelo,
329 2623 564 2653 Domitianum
577 2622 610 2652 in
623 2623 732 2654 terris.
746 2623 917 2655 Domitius.

263 2673 326 2702 140
349 2670 454 2701 [κείω
472 2671 605 2702 Idumoei
620 2671 763 2712 donavit]
786 2673 921 2704 Vitiosa

220 2721 499 2761 interpunctione
516 2722 660 2763 sublata,
676 2727 783 2754 totum
806 2724 918 2756 locum

221 2772 271 2803 sic
296 2770 446 2803 restitui.
489 2771 635 2803 Sensus:
661 2772 918 2814 Vespasianum,

221 2821 302 2854 dum
319 2820 362 2853 de
377 2820 509 2854 Judaeis
527 2821 768 2862 triumpharet,
789 2825 917 2856 exerci-

691 278 833 310 No'rAE
865 277 1131 311 vamotttm
1164 281 1217 313 IN

983 378 1122 416 tumque
1150 374 1319 407 victorem
1345 360 1541 409 muneribus
1562 372 1681 419 pros&

983 425 1157 466 queretur,
1192 425 1370 457 Claudium
1405 426 1615 460 Hetrusca-1
1643 426 1680 461 ui

982 474 1122 506 aliorum
1139 474 1283 506 militum
1300 475 1442 508 numero
1455 474 1680 519 habuissefll'*
1694 477 1702 486 “

981 529 1038 556 cet
1053 525 1144 557 bello
1167 535 1234 557 non
1258 525 1486 567 interfuisset,
1498 530 1535 560 et
1548 535 1593 561 ex
1609 529 1679 564 10ῐὲ

981 575 1031 606 vis
1048 575 1210 607 oriundus
1225 574 1328 608 foret.
1351 576 1453 608 Bm.
1681 569 1693 579 '

1023 628 1085 658 144
1107 626 1306 667 Mutavitque
1314 625 1428 667 genus]
1442 626 1593 659 Multum
1605 629 1679 659 ceri

980 679 1016 707 te
1046 675 1150 707 debet
1175 675 1358 708 Calderino
1382 676 1502 709 Claud.
1523 676 1581 710 liic
1603 677 1679 710 He·

980 729 1133 764 truscus3
1147 735 1223 757 nam
1240 735 1315 758 cum
1329 726 1387 758 ille
1401 726 1598 760 conditione
1608 733 1679 760 ner*

982 784 1043 806 vus
1057 774 1176 815 fuerit,
1189 781 1230 807 ut
1245 786 1287 807 ex
1307 776 1540 817 super-toribus
1565 779 1676 819 patet}

980 823 1183 856 Calderinus
1197 830 1309 857 tamen
1324 834 1368 856 ex
1380 826 1442 858 boc
1454 827 1615 867 praesenti
1629 827 1676 859 16-

980 883 1043 906 co:
1065 876 1143 906 celso
1157 877 1300 906 natorum
1314 876 1450 916 aequavit
1462 875 1588 909 bonm-
1615 871 1677 910 Att‘

980 924 1075 956 illurn
1093 925 1165 966 pari
1181 925 1307 957 honore
1328 925 1488 958 affectum
1510 935 1532 958 a
1545 927 1677 971 Vespa·

980 974 1075 1006 siano
1091 984 1131 1007 ac
1146 973 1233 1006 filios
1247 975 1319 1016 ejus
1329 975 1444 1007 Titum
1458 979 1496 1008 et
1510 973 1678 1009 Domum

978 1033 1071 1056 num.
1115 1024 1164 1056 At
1193 1025 1294 1066 longe
1329 1025 1396 1056 alia
1429 1025 1534 1057 Statii
1558 1024 1679 1067 ‘menz

978 1073 1063 1105 Vult
1077 1074 1166 1105 enim
1193 1074 1400 1107 Hetruscum
1425 1084 1446 1107 a
1462 1073 1675 1117 Vespasiano

971 1123 1052 1164 jure
1068 1124 1169 1156 trium
1185 1123 1367 1155 liberorum
1378 1124 1562 1165 donatum.
1585 1124 1674 1158 Nam

978 1174 988 1191 ‘
1002 1178 1157 1205 natorum
1181 1174 1310 1205 honos'
1335 1173 1389 1206 bic
1412 1178 1470 1206 cst
1486 1174 1547 1216 jus
1571 1175 1673 1208 trium

978 1222 1176 1265 liberorum,
1204 1223 1297 1265 quod
1326 1224 1428 1255 etiam
1457 1222 1676 1264 peculiariter

975 1273 985 1290 ‘
999 1273 1119 1305 honos’
1134 1274 1345 1314 appellatum
1359 1272 1438 1306 fuit.
1460 1274 1563 1307 Unde
1577 1275 1676 1307 Gru*

977 1323 1026 1354 cis
1047 1323 1228 1355 dicebatur
1248 1322 1334 1363 τιμαὶ
1353 1321 1516 1365 mirantes.
1557 1324 1674 1366 Ερω-

977 1374 1035 1413 υἰι,
1045 1383 1129 1416 ergo
1145 1374 1234 1406 idem
1249 1374 1303 1406 hic
1316 1379 1382 1410 est,
1397 1374 1486 1416 quod
1501 1375 1674 1415 parum-e,

978 1424 1097 1455 iisdem
1136 1424 1284 1465 praemiis
1321 1429 1358 1456 et
1402 1425 1672 1458 immunitatibus

976 1483 1054 1505 eum
1074 1473 1203 1514 affecit,
1225 1473 1347 1515 quibus
1367 1474 1425 1506 ille
1447 1474 1602 1514 gaudere*
1619 1480 1674 1507 ω’-

976 1524 1060 1565 lent,
1091 1524 1149 1566 qui
1178 1529 1247 1556 tres
1274 1524 1400 1556 liberos
1434 1527 1670 1565 procreat-nnn

978 1574 1109 1606 Gevart.
1362 1570 1365 1573 ¹

1019 1628 1080 1657 145
1098 1626 1203 1657 Exuit
1216 1629 1249 1658 et
1263 1626 1356 1667 celso]
1369 1626 1672 1667 corruptissimum

975 1675 1084 1706 locum
1103 1676 1236 1707 sanavit
1249 1675 1368 1707 divina
1376 1676 1569 1708 emendatio
1579 1685 1673 1709 max·

974 1726 1030 1757 imi
1047 1726 1222 1758 Salmasii:
1247 1730 1279 1758 et
1293 1727 1370 1758 celse
1383 1729 1537 1758 natorum.
1589 1745 1593 1749 -

1018 1778 1079 1807 147
1102 1775 1177 1807 Sine
1191 1775 1274 1816 labe]
1297 1775 1375 1808 Sine
1386 1776 1479 1817 nube,
1490 1775 1673 1818 perturbat

974 1825 1068 1857 tione
1089 1827 1164 1857 scil.
1181 1825 1360 1858 felicitatis
1385 1832 1420 1858 et
1440 1831 1672 1859 successuum.

975 1875 1066 1907 Vide
1080 1883 1143 1907 nos
1157 1875 1200 1907 ad
1218 1875 1337 1908 Claud.
1352 1875 1396 1908 de
1417 1876 1516 1907 Bello
1531 1875 1672 1917 Getico,

973 1929 1009 1956 et
1024 1924 1069 1956 de
1086 1924 1257 1956 Laudibus
1271 1925 1404 1956 Sereni.
1426 1925 1543 1958 Barth.

1017 1978 1078 2007 152
1102 1976 1148 2007 Et
1161 1975 1306 2016 imperio]
1329 1976 1514 2018 Nunquam
1528 1976 1672 2018 imperio

971 2034 1048 2057 meo
1061 2025 1265 2057 ostendebas
1286 2029 1322 2057 te
1338 2029 1472 2067 patrem
1486 2036 1496 2059 ε
1519 2026 1580 2058 sed
1597 2031 1671 2059 tan-

973 2078 1044 2106 tum
1061 2084 1188 2107 amore.
1212 2075 1384 2108 Domitius.
1660 2090 1662 2095 ·

1014 2128 1077 2156 157
1101 2125 1165 2157 Seu
1187 2125 1300 2157 blanda
1318 2125 1384 2166 diu,
1397 2124 1468 2167 ξω]
1491 2126 1671 2158 Matutam

969 2185 1122 2215 gressum,
1139 2181 1236 2217 puta,
1252 2185 1352 2217 quam
1368 2175 1671 2209 continuationem.

971 2226 1096 2256 Maluit
1107 2225 1218 2256 redire
1231 2224 1462 2266 fortuna,scil.
1478 2225 1671 2266 intercape-

971 2275 1050 2306 dine
1066 2275 1210 2317 quadam
1227 2276 1394 2317 digressa,
1409 2277 1489 2317 (nec
1505 2277 1594 2309 enim
1617 2287 1670 2308 re-

972 2325 1137 2366 greditur,
1153 2326 1217 2357 nisi
1235 2326 1293 2367 qui
1309 2325 1473 2367 abierat,)
1485 2335 1585 2368 quam
1598 2336 1668 2359 ma-

971 2378 1052 2406 nere
1066 2384 1076 2406 :
1112 2375 1168 2416 qui
1201 2375 1296 2406 lusus
1326 2375 1413 2406 divae
1443 2376 1668 2409 inconstantis

970 2424 1188 2456 credebatur.
1232 2425 1307 2456 Nec
1323 2425 1406 2456 satis
1423 2431 1586 2458 accurate
1602 2427 1669 2459 Ge-

969 2477 1054 2506 vart.
1070 2474 1203 2505 nomine
1210 2473 1357 2512 fulminis
1371 2475 1511 2507 exilium
1526 2477 1668 2508 solemni

970 2524 1074 2556 verbo
1110 2524 1284 2556 veteribus
1321 2525 1530 2566 appellatum
1568 2527 1641 2559 vult
1653 2537 1667 2566 3

969 2584 1037 2606 non
1057 2574 1146 2606 enim
1171 2575 1311 2606 exilium
1334 2576 1471 2616 proprie
1495 2575 1667 2610 ‘fulmen'

970 2625 1221 2666 appellabatur,
1245 2625 1306 2657 sed
1330 2626 1520 2667 damnatio,
1534 2627 1606 2658 sive
1623 2627 1666 2659 ad

969 2675 1106 2705 exilium
1142 2674 1214 2712 illa,
1251 2674 1322 2706 sive
1358 2685 1495 2716 poenarn
1530 2675 1664 2717 capitis.

968 2724 1056 2756 Vide
1072 2724 1180 2756 Gron.
1193 2724 1308 2756 Diatr.
1323 2734 1355 2757 c.
1371 2727 1424 2757 33.

1011 2776 1073 2805 158
1094 2773 1275 2805 Attonitum
1302 2777 1335 2806 et
1358 2774 1484 2806 venturi
1503 2771 1664 2815 fulminis,

968 2823 1038 2866 θα]
1058 2824 1206 2857 Exilium
1231 2828 1366 2856 veteres
1399 2825 1530 2857 solenni
1557 2825 1663 2857 verbo
