1858 3112
244 265 360 310 1698

245 370 391 404 ornavit.
435 369 656 410 Parthenope
686 367 856 410 Neapolis
888 377 946 410 ap-

246 422 389 463 pellata,
402 429 422 452 a
437 420 659 460 Parthenope
675 428 743 450 una
761 428 804 451 ex
819 418 947 450 Sireni-

246 471 312 503 bus
327 470 398 502 illic
412 470 561 511 sepulta,
576 474 615 501 ut
630 468 763 500 Plinius
789 468 948 502 credidit.

247 521 452 554 Eustatbius
472 529 568 560 vero,
589 519 740 561 Dionysii
762 519 947 560 interpres,

246 571 494 612 Parthenopen
508 571 656 611 puellam
673 568 777 601 fuisse
802 568 948 601 arbitra-

246 627 317 663 tur,
329 631 406 663 quae
418 630 461 653 ex
478 620 608 652 Euboea
624 618 771 651 advecta
785 627 862 650 cum
874 618 948 649 aliis

249 673 391 713 colonis,
417 672 492 704 cum
508 672 628 703 urbem
642 669 784 711 imperio
799 672 947 708 teneret,

248 733 362 755 amore
378 723 531 755 extincta
541 722 596 754 sit.
621 721 744 752 Domit.

291 778 333 806 95
355 774 489 806 Lumine
502 772 607 812 ceras]
630 771 672 803 Id
689 775 752 810 est,
767 770 844 802 luce
859 769 948 801 colo·

248 835 333 857 rum.
377 826 387 842 ‘
401 825 499 856 Cerae
513 823 522 837 ’
539 823 701 855 dicuntur
715 821 864 853 colorum
879 828 949 851 om·

247 885 292 908 ne
307 884 425 917 genus.
466 873 628 906 Scribere
643 875 697 904 est
713 871 866 912 pingere.
904 870 949 901 E-

249 936 316 968 quo
332 925 488 957 Maximo
503 924 576 955 haec
593 922 725 964 pariter
748 920 946 962 conjunxit:

249 977 260 994 ‘
271 975 437 1016 Apellaeae
446 976 613 1015 cuperent
624 977 660 1004 te
671 971 822 1007 scribere
832 969 949 1002 cerm?

252 1027 444 1066 Utrumque
471 1024 638 1056 Graecum
668 1027 736 1058 est,
767 1025 950 1061 utrumque

251 1075 333 1108 alibi
347 1075 446 1107 nobis
457 1074 678 1105 illustratum.
710 1071 823 1102 Recte
836 1074 950 1100 autem

249 1125 366 1157 lumine
380 1124 488 1156 edidit
503 1122 702 1162 Gevartius,
715 1130 792 1152 cum
802 1121 951 1152 Bernar—

250 1176 332 1216 tius,
347 1174 469 1214 Aldus,
480 1172 766 1214 Argentinenses,
779 1175 812 1202 et
823 1169 951 1202 Parisi-

250 1236 350 1258 enses
361 1225 439 1257 libri
450 1232 628 1266 perperam
637 1222 809 1254 retineant
817 1220 951 1252 Limine.

249 1276 397 1308 Lumina
411 1275 563 1307 colorum
579 1277 660 1304 nota
675 1277 768 1313 sunt,
785 1271 875 1303 unde
890 1270 950 1301 ho-

250 1327 307 1357 die
323 1334 457 1367 quoque
473 1323 743 1362 usitatissimum,
758 1322 952 1364 Illuminare,

250 1375 423 1408 coloribus
436 1373 639 1415 depingere.
663 1372 781 1403 Barth.

269 1464 279 1474 ·
295 1428 358 1457 104
372 1424 525 1456 Proxima
536 1423 638 1463 Juno]
654 1422 833 1463 Templum
845 1421 868 1454 J
873 1432 952 1454 uno·

251 1475 304 1508 nis
334 1475 489 1516 Argivae,
519 1473 609 1515 quod
638 1473 806 1505 Surrento
837 1474 952 1514 proxi-

250 1536 342 1558 mum
357 1525 459 1557 fuisse
475 1528 614 1557 constat
629 1532 672 1555 ex
688 1523 800 1555 Strab.
822 1528 858 1555 et
881 1524 953 1555 Pli-

251 1577 308 1608 nio
335 1576 394 1608 lib.
409 1585 466 1607 111.
490 1584 567 1616 cap.
582 1577 614 1606 5.
637 1573 694 1604 nbi
709 1573 781 1614 ejus
798 1572 952 1606 condito-

251 1636 324 1658 rem
339 1625 424 1658 facit
438 1625 461 1658 J
465 1633 612 1656 asonem.
637 1624 786 1655 Crucem.

296 1679 360 1708 106
382 1676 568 1716 Digna-sque
595 1673 659 1705 tuis
684 1672 844 1704 conatibus
868 1682 953 1709 aras,

238 1765 245 1771 l
254 1728 342 1764 Quas
355 1721 470 1768 puppes
483 1725 560 1757 velis
573 1724 675 1756 nolint
696 1723 833 1755 transire
846 1732 952 1754 secun-

251 1778 318 1819 dis]
334 1778 449 1810 Etiam
466 1777 528 1808 hoc
543 1776 619 1808 loco
635 1782 765 1814 magnae
783 1774 954 1814 interpre-

253 1829 346 1861 tibus
360 1827 527 1860 tenebrae.
559 1825 734 1857 Domitius
746 1824 794 1855 ait
805 1823 953 1855 Statium

251 1879 406 1911 alludere
431 1878 475 1910 ad
497 1876 613 1908 sedem
635 1875 790 1907 Sirenum
806 1884 884 1916 quae
899 1874 954 1906 hie

253 1934 341 1969 erat,
355 1938 457 1970 quam
471 1936 576 1959 naves
593 1934 757 1967 prospere
777 1924 879 1955 etiam
895 1933 953 1955 na-

254 1980 410 2020 vigantes
429 1976 575 2008 transire
593 1984 660 2006 non
677 1978 837 2016 poterant
852 1973 953 2005 allec-

254 2035 302 2062 tae
331 2028 502 2061 suavitate
531 2026 726 2058 cantilenoe.
783 2025 857 2064 Ego
886 2034 953 2056 non

253 2079 374 2111 dubito
398 2078 478 2119 quin
502 2075 614 2108 Poie'ta
636 2084 709 2106 aras
730 2074 883 2106 litterales
903 2074 954 2105 in-

254 2129 406 2168 telligat,
436 2125 555 2168 quibus
585 2128 700 2156 nautae
731 2124 954 2165 praeternavi-

255 2183 377 2220 gantes
418 2174 670 2208 sacrificabant.
726 2175 836 2206 Erant
865 2174 953 2205 enim

255 2228 336 2260 olim
361 2228 516 2258 Deorum
542 2225 744 2256 simulachra
769 2225 895 2265 passim
921 2224 955 2255 in

254 2276 428 2309 littoribus
456 2275 581 2316 posita,
602 2274 725 2316 quibus
748 2274 793 2305 ob
816 2283 955 2315 prospe-

254 2337 329 2359 rum
344 2336 478 2359 cursum
495 2330 609 2356 nautae
626 2324 788 2356 libabant.
827 2325 956 2356 Noster

255 2378 460 2419 Propempt.
475 2375 576 2407 Metii
591 2374 635 2406 de
650 2375 761 2406 classe
777 2373 956 2414 AEgyptia-

255 2439 308 2469 ca,
325 2437 400 2470 quae
414 2425 548 2459 Palladi
568 2426 602 2456 in
624 2424 825 2456 Surrentino
841 2423 956 2455 littore

255 2479 380 2520 positae
396 2477 550 2512 fecerat:
568 2477 578 2494 ‘
594 2475 712 2507 Prima
723 2474 882 2506 salutavit
894 2474 958 2505 Ca·

256 2537 370 2569 preas,
382 2532 419 2559 et
430 2526 580 2567 margine
596 2525 719 2556 dextro
730 2524 864 2564 Sparsit
874 2524 957 2564 Tyr·

256 2578 372 2608 rhenae
386 2575 579 2607 Mareotica
590 2574 670 2605 vina
682 2571 872 2605 Minervae.’
908 2572 956 2603 Hi

256 2628 315 2659 Dii
329 2626 463 2659 Graecis
474 2636 493 2657 a
507 2622 813 2664 littore‚Ai7td7um‚
827 2622 956 2653 Latinis

258 2676 432 2709 Littorales
454 2675 539 2706 dicti
561 2679 649 2706 sunt.
694 2673 850 2704 Catullus
866 2672 956 2703 Pha-

257 2727 365 2758 sello:
387 2726 398 2743 ⁶
416 2725 539 2765 Neque
563 2724 631 2754 ulla
654 2728 733 2755 vota
752 2721 956 2754 littoralibus

258 2777 334 2811 Diis
359 2776 425 2807 sibi
451 2784 527 2807 esse
555 2774 672 2806 factal
715 2774 817 2805 Tales
843 2777 957 2804 autem

258 2826 400 2859 fuerunt
421 2824 558 2867 Apollo,
585 2824 754 2863 Minerva,
779 2823 958 2862 Hercules,

709 273 855 306 NO'rAE
886 272 1153 305 VARIORUM
1188 273 1240 304 m

996 369 1062 400 &c.
1095 367 1154 410 qui
1181 363 1317 409 passim>
1334 366 1368 398 in
1397 365 1575 399 littoribus
1597 366 1697 400 eum.

997 418 1089 450 Hinc
1114 417 1241 459 Apollo
1265 415 1410 449 ἐπάκτιοι·
1437 416 1530 457 apud
1555 413 1696 458 Apono:

997 467 1103 499 nium.
1157 467 1232 499 Imo
1263 472 1300 499 et
1336 471 1346 485 ⁴
1371 465 1556 498 Actiaeus'
1583 466 1697 500 dietus

997 516 1134 558 Apollo,
1149 522 1188 549 ut
1203 516 1356 549 nonnulli
1371 516 1488 548 volunt
1501 515 1545 548 ab
1558 519 1642 557 octa,
1658 515 1697 548 id

996 572 1050 599 est
1074 567 1207 600 littore.
1231 567 1280 599 sic
1304 572 1341 598 et
1368 566 1379 585 ‘
1401 566 1518 598 Pallas
1539 565 1698 599 littorea?

996 622 1113 649 nostro
1128 618 1254 650 dicitur
1274 616 1400 649 Achill.
1415 625 1442 648 1.
1465 616 1476 636 ‘
1493 615 1628 648 Palladi
1642 616 1700 649 litk

997 673 1103 700 toreae
1134 668 1334 700 celebrabat
1357 668 1482 709 Scyros
1507 666 1700 699 boucam?

997 718 1114 759 Rogat
1139 717 1256 760 itaque
1281 717 1456 749 Hercules
1471 716 1634 757 Pollium,
1657 710 1700 749 nt

998 773 1095 800 curet
1118 768 1182 800 sibi
1207 769 1315 800 etiamv
1331 767 1462 800 exstrui
1485 776 1562 799 aras
1581 766 1617 799 in
1641 766 1699 799 lit«

998 823 1086 859 tore,
1101 827 1182 861 quas
1198 823 1325 858 nautae,
1338 817 1463 860 inquit,
1477 817 1700 859 praetemavi‘-

999 874 1120 909 gautes
1135 868 1272 900 tametsi
1289 876 1453 909 prospero
1475 876 1578 899 cursu
1601 867 1701 899 utnul-

1000 922 1068 955 tur,
1095 919 1240 950 transire
1265 918 1388 958 nolint,
1414 916 1479 948 nisi
1505 920 1610 948 antea
1632 916 1700 949 illis

999 968 1234 1001 sacrificariut.
1290 968 1401 999 Porro
1428 967 1462 999 in
1490 966 1701 1008 supracitato

1001 1018 1133 1051 Catulli·
1152 1027 1255 1050 versu
1274 1017 1341 1049 viri
1360 1016 1455 1049 docti
1486 1026 1554 1058 per·>
1576 1019 1588 1036 ‘
1605 1016 1700 1049 Deos

1000 1069 1170 1101 littorales
1179 1067 1201 1111 ’‚
1215 1067 1413 1110 intelligunt
1428 1068 1611 1108 Glaucum,
1632 1066 1700 1100 Pa·-

1000 1127 1170 1159 nopaeam,
1201 1122 1238 1150 et
1266 1117 1494 1158 Melicertam,
1520 1118 1587 1150 &m
1626 1116 1700 1149 >Sed

1000 1168 1090 1199 male
1115 1168 1166 1199 illi
1199 1170 1209 1186 ‘
1226 1165 1399 1199 Marinos'
1429 1171 1468 1198 et
1494 1160 1701 1199 ‘litterales

1002 1217 1111 1250 Deos’
1124 1217 1350 1250 confundunt.
1387 1217 1397 1234 ‘
1409 1216 1601 1248 Littomles'
1609 1216 1700 1249 enim

1002 1268 1216 1310 potissimum
1231 1268 1292 1300 Dii
1308 1267 1472 1299 eoeleste·
1486 1271 1599 1307 erant,
1620 1267 1703 1300 Pal-

1001 1321 1062 1356 las,
1084 1319 1222 1361 Apollo,
1246 1319 1428 1359 Hercules,
1447 1321 1512 1351 ὅτε.
1540 1317 1630 1351 unde
1653 1318 1703 1351 illi

1003 1369 1117 1409 potius
1144 1368 1236 1409 apud
1264 1368 1437 1400 Catullum
1466 1371 1548 1400 sunt
1576 1367 1702 1400 intelli-

1003 1418 1119 1461 gendi.
1143 1419 1276 1451 Gevart.
1685 1456 1689 1462 Α

1047 1473 1110 1501 116
1136 1470 1325 1509 Pergameas
1351 1469 1438 1500 hibor
1481 1467 1625 1500 Pindari
1651 1468 1702 1500 in·-

1004 1524 1139 1561 terpres
1169 1519 1303 1556 scribit,
1330 1518 1538 1560 Apollinem,
1566 1518 1702 1560 Neptu-

1002 1579 1096 1610 num,
1109 1570 1131 1603 J
1136 1579 1294 1610 monem,
1304 1570 1472 1610 cogitasse
1486 1568 1531 1601 de
1541 1568 1630 1602 Jove
1645 1568 1705 1601 de*-

996 1620 1152 1661 jiciendo
1169 1619 1212 1650 de
1229 1619 1402 1661 Imperio:
1426 1619 1486 1651 sed
1512 1619 1704 1660 depreben-

1002 1680 1057 1702 sos
1070 1670 1208 1702 dedisse
1224 1678 1356 1711 poenas.
1391 1668 1563 1702 Junonem
1580 1669 1614 1700 in
1630 1669 1703 1701 vin-

1003 1720 1080 1753 cula
1095 1719 1311 1761 conjectam:
1334 1719 1534 1760 Neptunum
1549 1722 1586 1751 et
1603 1718 1704 1751 1²11oe-

1004 1771 1082 1803 bum
1099 1774 1238 1802 coactos
1256 1778 1380 1811 parere
1397 1767 1636 1809 Laomedonti,
1646 1777 1706 1800 eo-

1004 1831 1070 1863 que
1097 1825 1273 1862 assumpto
1302 1819 1337 1851 in
1366 1819 1568 1851 societatem
1592 1817 1704 1860 operis

1003 1871 1170 1904 struxisse
1186 1871 1309 1902 moenia
1324 1869 1453 1910 Trojae.
1474 1868 1598 1901 Domit.

1049 1923 1111 1952 120
1135 1921 1218 1952 Pars
1229 1920 1323 1951 uvida
1336 1917 1446 1958 terra]
1468 1916 1630 1949 Mendosi
1648 1926 1705 1950 eo-

1003 1970 1099 2002 ‹lices
1118 1980 1195 2012 pars
1208 1969 1317 2002 invida
1343 1969 1493 2000 babent:
1523 1977 1588 2009 ego
1610 1968 1706 2000 uvida

1002 2021 1102 2061 lego:
1133 2024 1174 2052 ut
1204 2019 1250 2051 sit
1280 2018 1487 2060 periphrasis
1516 2017 1704 2057 tegularum

1004 2080 1081 2112 quae
1099 2079 1142 2102 ex
1158 2075 1253 2102 terra
1267 2068 1369 2100 uvida
1385 2068 1472 2100 fiunt
1485 2067 1529 2100 ad
1540 2067 1705 2100 arcendas

1003 2120 1156 2162 hyemes.
1200 2118 1332 2150 Plinius
1346 2127 1355 2149 t
1371 2119 1381 2135 ‘
1393 2112 1622 2149 Inenarrabili
1636 2121 1705 2149 ter-

1004 2180 1051 2202 rae
1075 2169 1286 2211 benignitate
1308 2169 1336 2200 si
1357 2168 1435 2210 quis
1458 2167 1590 2208 singula
1613 2166 1708 2199 msti-

1005 2219 1108 2252 met:’
1125 2219 1225 2260 paulo
1241 2223 1336 2260 post:
1356 2219 1367 2236 ⁴
1378 2216 1611 2258 Figulinarum
1624 2225 1707 2258 ope-

1005 2280 1057 2311 ra,
1072 2269 1283 2309 imbricibus,
1296 2268 1435 2308 tabulis,
1451 2267 1642 2308 tegulisque
1661 2265 1704 2298 'ad

1005 2321 1129 2352 balnea
1141 2319 1344 2359 mammetis,
1358 2318 1412 2350 vel
1428 2316 1472 2348 ad
1490 2319 1585 2348 tecta
1598 2316 1706 2348 cocti-

1005 2370 1094 2402 libus
1122 2368 1324 2402 laterculis.'
1380 2366 1560 2400 Cornelius
1591 2370 1706 2397 tamen

1007 2421 1126 2461 Nepos
1153 2423 1271 2451 auctor
1295 2421 1360 2454 est,
1380 2419 1577 2448 contectam
1600 2414 1706 2447 fuisse

1006 2470 1149 2501 Romam
1163 2468 1206 2500 ad
1224 2468 1349 2499 bellurn
1364 2474 1471 2508 usque
1485 2464 1611 2506 Pyrrhi.
1623 2474 1707 2506 qua-

1006 2519 1199 2560 dringentis
1217 2516 1436 2560 septuaginta
1449 2515 1546 2547 annis
1561 2515 1706 2547 scandu-

1007 2570 1060 2601 lis.
1083 2568 1206 2601 Domit.
1420 2586 1423 2588 -

1052 2622 1115 2652 128
1136 2618 1232 2651 Dites
1259 2618 1389 2658 Capreae
1411 2615 1586 2656 viridesque
1609 2615 1706 2646 reml-

1009 2673 1080 2702 toent
1103 2667 1303 2708 Taurubuloe]
1326 2667 1471 2708 Capreae
1502 2664 1705 2697 Pithecusas

1007 2720 1089 2752 olim
1104 2718 1282 2760 adjunctas
1303 2727 1343 2749 ac
1367 2716 1476 2748 socias
1500 2713 1707 2753 habuerunt,

1007 2775 1048 2802 ut
1070 2769 1187 2802 scribit
1211 2767 1338 2800 Strabo
1365 2766 1424 2798 lib.
1440 2774 1478 2797 v.
1493 2768 1530 2796 et
1542 2764 1706 2797 Teleboas

1010 2820 1153 2862 populos
1179 2818 1334 2851 accolas:
1360 2815 1451 2849 unde
1471 2813 1635 2856 probatur
1648 2813 1707 2845 Fr.
