1872 3158
337 525 440 665 1).
523 585 1039 665 PAPJNII
1121 586 1526 666 STATII

582 777 1282 839 THEBAIDOS
1503 744 1507 747 ’

744 930 966 1011 iJB'ER
1002 962 1125 1011 vn.

749 1295 1126 1328 ARGUMENTUM·

202 1365 321 1399 Eous
334 1365 451 1400 ferens
463 1366 606 1409 Jupiter
621 1366 771 1410 Argivos
788 1374 925 1410 tempus
939 1369 974 1400 in
988 1368 1039 1400 his
1050 1368 1140 1401 ludis
1156 1371 1283 1408 terere,
1292 1368 1506 1401 Mercurium
1516 1368 1559 1401 ad
1576 1369 1672 1401 Mar-

245 1423 316 1454 tem
331 1419 454 1461 mittit,
473 1420 531 1463 qui
550 1420 644 1453 illum
662 1421 833 1463 increpet,
858 1421 963 1464 quod,
981 1421 1098 1463 jussus
1114 1421 1296 1454 Thebanos
1313 1426 1350 1454 et
1365 1420 1511 1464 Argivos
1528 1422 1620 1454 inter
1635 1432 1673 1455 se

245 1474 478 1515 committere,
498 1474 627 1507 tamdiu
643 1474 832 1507 distulerit.
875 1475 1072 1507 Mercurius
1086 1475 1240 1507 Martem
1265 1473 1409 1507 offendit
1435 1485 1455 1508 e
1481 1475 1575 1507 bello
1590 1475 1673 1508 Hir-

245 1536 333 1560 cano
348 1527 564 1570 redeuntem,
577 1528 634 1571 qui
651 1527 780 1568 subito,
795 1532 834 1560 nt
849 1528 941 1570 patri
955 1537 1085 1560 morem
1102 1532 1253 1569 gereret,
1275 1537 1381 1570 equos
1395 1528 1544 1570 impellit
1561 1529 1673 1560 locum

247 1590 365 1614 versus
393 1580 452 1613 ubi
479 1585 580 1614 erant
594 1581 731 1623 Argivi,
756 1586 791 1613 et
809 1591 927 1613 eornm
944 1580 1065 1613 animis
1082 1590 1245 1623 pavorem
1262 1581 1375 1623 injicit
1399 1581 1536 1624 crepitu
1562 1590 1675 1614 armo-

244 1643 320 1667 rnm
347 1643 450 1677 quem
477 1635 512 1667 in
528 1634 607 1668 aiire
625 1635 769 1668 excitat.
814 1635 895 1667 Rati
921 1634 1044 1677 Argivi
1066 1634 1248 1667 Thebanos
1277 1634 1345 1667 sibi
1375 1635 1512 1667 obviam
1543 1635 1676 1675 venire,

245 1697 343 1720 arma
357 1689 568 1721 tumultuose
584 1690 738 1730 capiunt,
762 1699 803 1722 ac
825 1689 957 1731 maguis
979 1688 1164 1722 itineribus
1188 1688 1323 1721 Thebas
1350 1688 1579 1721 contendunt.
1623 1689 1673 1721 Ut

246 1750 330 1774 vero
343 1742 484 1775 nuntius
499 1742 633 1775 Thebas
657 1742 832 1784 pervenit,
847 1743 967 1775 hostes
983 1741 1168 1782 accedere,
1191 1742 1354 1774 Eteocles
1369 1743 1489 1784 copias
1504 1742 1542 1774 in
1557 1742 1675 1784 proxi-

245 1803 338 1826 mum
353 1803 511 1837 campum
526 1792 706 1828 educit'ad
722 1795 970 1828 recensendum
991 1796 1199 1835 exercitum,
1214 1805 1316 1838 quem
1340 1795 1534 1836 magnificis
1561 1796 1676 1829 verbis

245 1847 446 1890 alloquitur.
491 1849 663 1882 Matronae
685 1849 858 1882 Thebauae
887 1859 1003 1882 muros
1020 1859 1186 1892 arcesque
1211 1849 1461 1891 conscendunt,
1488 1850 1578 1881 inter
1593 1859 1678 1892 quas

245 1906 323 1934 erat
338 1900 527 1944 Antigone,
541 1912 619 1945 quae
641 1913 662 1934 a
687 1902 890 1935 Phorbaute
914 1911 1039 1935 nomen
1066 1907 1103 1935 et
1126 1902 1275 1945 patriam
1300 1902 1427 1934 ducum
1453 1907 1678 1936 externorum

246 1954 361 1989 discit.
394 1956 541 1988 Interim
557 1956 679 1998 Argivi
694 1957 899 1990 citatissimo
915 1957 1024 1999 gradu
1040 1957 1323 1999 progrediuntur,
1331 1966 1398 1988 nec
1414 1956 1518 1988 variis
1531 1957 1678 1989 ostentis

247 2017 290 2040 ac
305 2009 482 2052 prodigiis,
495 2008 572 2053 qnae
589 2011 654 2054 illis
667 2011 831 2043 continuo
842 2011 1018 2052 accidunt,
1034 2016 1253 2044 revocantur.
1291 2010 1434 2043 Fluvius
1447 2011 1522 2052 ipse
1538 2010 1677 2053 Asopns

248 2061 388 2094 videtur
401 2073 479 2095 suas
493 2073 596 2106 aquas
621 2064 772 2105 auxisse,
794 2068 834 2096 ut
849 2074 908 2097 eos
931 2064 1104 2105 retineat;
1128 2064 1188 2097 sed
1218 2063 1465 2106 Hippomedon
1490 2069 1678 2097 cunctante

230 2124 335 2158 -equo
350 2116 383 2147 in
398 2114 525 2148 flumen
540 2116 657 2149 insilit.
680 2116 751 2150 Alii
768 2117 875 2149 duces
891 2127 928 2150 se
945 2118 1181 2160 praecipitant,
1197 2124 1235 2150 et
1250 2117 1360 2160 pudet
1374 2122 1525 2150 secutos.
1564 2116 1678 2149 Amne

248 2169 408 2210 traiecto,
423 2169 535 2201 locum
561 2170 772 2212 aptissimum
802 2175 938 2212 notant,
962 2175 1000 2203 et
1027 2171 1076 2204 ibi
1108 2175 1224 2204 castra
1253 2175 1397 2213 ponunt.
1443 2170 1680 2204 Consternatis

240 2221 432 2275 ,Thebania
447 2222 591 2257 Jocasta
607 2233 738 2256 ramum
755 2224 856 2258 olivae
873 2224 990 2258 ferens
1011 2225 1217 2267 Polynicem
1238 2225 1274 2257 in
1298 2225 1421 2257 castris
1443 2211 1583 2267 R'rgivis
1598 2234 1679 2256 con-

248 2277 355 2311 venit.
399 2276 522 2309 Multis
537 2277 698 2319 lacrymis
715 2283 890 2319 precatur,
911 2279 946 2310 in
972 2277 1093 2311 urbem
1110 2278 1241 2317 veniat,
1255 2287 1377 2319 pacem
1395 2278 1470 2311 sine
1484 2279 1587 2311 armis
1599 2287 1679 2315 con-

249 2334 443 2363 venturam.
487 2330 568 2364 Jam
593 2329 768 2363 Adrastus
783 2331 1012 2374 assentiebat,
1034 2336 1069 2364 et
1094 2331 1214 2364 matris
1230 2330 1392 2373 precibus
1408 2331 1557 2364 cedebat
1571 2332 1679 2373 Poly·

249 2382 357 2425 nicea,
370 2393 447 2416 cum
463 2382 607 2416 advenit
620 2383 773 2426 Tydeus,
784 2394 824 2417 ac
839 2385 944 2426 longa
959 2385 1126 2422 oratione,
1139 2385 1352 2426 vulneraque
1367 2384 1595 2426 ostendendo,
1610 2385 1679 2417 Po-

247 2437 396 2481 lynicem
411 2437 626 2478 dehortatur,
639 2447 683 2469 ne
700 2442 771 2469 tam
786 2437 892 2470 infido
907 2437 1008 2470 fratri
1025 2447 1060 2470 se
1076 2438 1247 2470 crederet.
1293 2438 1351 2470 Sic
1367 2442 1509 2470 mutatae
1527 2439 1679 2471 omnium

248 2496 396 2534 mentes,
410 2495 448 2525 et
461 2490 589 2524 bellum
607 2492 733 2534 placet.
779 2491 882 2523 Hanc
908 2491 1124 2523 occasionem
1140 2490 1236 2532 capit
1259 2491 1460 2533 Tisiphone,
1487 2501 1562 2533 quae
1592 2491 1678 2525 duas

204 2579 219 2585 ⁷,
248 2546 344 2579 acies
360 2546 508 2579 miscere
523 2554 655 2577 summe
672 2545 849 2587 cupiebat,
873 2549 909 2578 et
932 2545 982 2578 sic
1006 2545 1081 2577 illas
1098 2544 1299 2578 committit.
1346 2545 1454 2576 Erant
1467 2544 1544 2577 duae
1556 2545 1680 2588 Tigres

249 2604 453 2642 mansuem,
467 2609 544 2642 quae
559 2599 596 2632 in
612 2599 698 2632 urbe
713 2603 750 2632 et
766 2599 802 2632 in
818 2599 949 2642 campis
974 2599 1113 2631 innoxie
1136 2598 1364 2640 vagabantur.
1406 2598 1481 2630 Has
1496 2598 1680 2641 Tisiphone

249 2652 389 2697 flagello
405 2653 576 2695 anguineo
592 2653 760 2696 percutit,
774 2658 811 2686 et
834 2654 919 2696 ipsis
942 2653 1136 2686 naturalem
1153 2651 1308 2685 furorem
1322 2652 1491 2685 immittit.
1533 2652 1575 2684 In
1592 2652 1682 2684 auri-

250 2717 332 2749 gam
360 2707 560 2750 Amphiarai
587 2707 736 2748 irruunt,
757 2716 903 2750 eumque
929 2707 1143 2748 discerpunt.
1188 2705 1369 2738 Aconteus
1391 2705 1517 2746 Tigres
1543 2705 1681 2746 sagittis

249 2760 419 2794 confodit.
463 2761 538 2793 111ae
554 2760 774 2793 semianimes
790 2770 868 2793 cum
894 2761 999 2802 longo
1026 2759 1095 2791 fusi
1122 2757 1299 2800 sanguinis
1327 2758 1465 2791 tramite
1483 2757 1539 2794 ‚ad
1563 2763 1682 2800 porta·

249 2814 444 2848 'thebarum
461 2819 699 2858 revertuntur,
714 2819 752 2848 et
762 2814 945 2850 Thebanos
960 2814 1128 2847 excitant.
1172 2812 1267 2846 Hinc
1283 2816 1429 2846 cruenta
1453 2821 1570 2854 pugna
1590 2811 1683 2844 inter
