1846 3120
291 237 404 282 1492

292 343 561 386 Promovere
583 340 780 394 gradum,
797 339 1039 394 seriemque
1060 342 1103 381 et
1122 340 1239 382 dona
1259 340 1465 396 triumphi

786 247 829 277 P.
859 245 1047 277 PAPINH
1081 244 1246 277 STA'ru

293 409 527 459 Mirantur,
547 408 744 462 victique
766 407 912 448 animo
933 407 1098 448 rediere
1116 407 1275 448 mariti.

292 476 444 530 Atque
463 476 539 517 ubi
559 474 752 517 tardavit
771 487 933 525 curruS,
953 478 996 516 et
1016 476 1072 517 ab
1093 487 1180 516 axe
1206 475 1400 528 superbo

292 544 512 598 Explorat
531 554 694 584 causas
716 542 871 592 victor,
892 542 1127 596 poscitque
1145 542 1334 595 benigna

294 609 419 652 Aure
437 622 609 665 preces,
631 622 741 651 ausa
760 612 861 651 ante
881 610 994 651 alias
1014 609 1242 663 Capaneia
1262 609 1427 664 conjux
1445 622 1455 650 :

294 678 485 731 Belliger
505 677 682 731 AEgide,
703 677 864 718 subitae
885 677 958 718 cui
978 677 1175 718 maxima
1194 676 1343 718 laudis

1656 607 1743 651 545

294 746 472 787 Semina
491 745 545 786 de
562 744 728 786 nostris
747 744 888 797 aperit
908 743 1106 785 Fortuna
1121 743 1277 792 ruinis,

292 808 399 854 Non
420 816 603 855 externa
621 823 772 864 genus,
795 810 905 851 dirae
924 823 1005 852 nec
1021 810 1204 852 conscia
1221 822 1371 860 noxae,

292 880 445 922 Turba
462 891 611 920 sumus
629 891 640 919 ε
671 877 828 919 domus
847 875 990 930 Argos
1011 881 1123 927 erat,
1144 889 1354 930 regesque
1373 877 1532 927 mariti,

293 946 401 988 Non
418 945 590 987 utinam
610 947 654 986 et
671 943 803 986 fortes
823 956 833 985 z
865 943 972 997 quid
993 943 1107 984 enim
1129 947 1313 997 septena
1332 955 1513 986 movere

1656 941 1744 1013 ⁶⁵⁹

294 1012 469 1062 Castra,
490 1017 536 1053 et
555 1009 810 1064 Agenoreos
829 1023 941 1065 opus
960 1011 1190 1052 emendare
1209 1015 1392 1064 penates
1407 1012 1427 1052 ‘i

294 1081 395 1124 Nec
417 1080 638 1134 querimur
657 1091 827 1121 caesos:
857 1079 954 1121 haec
973 1079 1137 1120 bellica
1150 1079 1270 1133 jura,
1291 1079 1501 1133 vicesque

292 1146 526 1189 Armorum
544 1160 554 1189 z
586 1146 663 1188 sed
684 1159 771 1187 non
788 1146 954 1188 Siculis
974 1150 1129 1187 exorta
1148 1146 1228 1186 sub
1251 1145 1384 1186 antris

293 1215 520 1264 Monstra,
538 1226 620 1255 nec
644 1213 792 1255 Ossaei
809 1211 926 1254 bello
947 1212 1146 1254 cecidere
1168 1213 1448 1255 bimembres.

288 1349 487 1389 protulerunt
494 1351 601 1390 pedem
610 1350 649 1381 ab
658 1359 725 1389 ara,
735 1349 768 1380 in
779 1359 838 1390 qua
849 1349 1059 1390 considebant,
1061 1352 1092 1381 et
1101 1350 1450 1391 admiranturordinem,
1458 1353 1489 1382 et
1497 1357 1624 1381 munem
1633 1346 1744 1381 trium-

290 1390 360 1431 phi,
373 1395 404 1423 et
413 1392 489 1423 victi
503 1392 648 1432 conjuges
662 1401 767 1423 earum
782 1392 895 1423 animis
907 1392 1118 1423 obversantur.
1142 1392 1246 1433 Atque
1257 1393 1309 1424 ubi
1322 1401 1431 1424 cam-us
1442 1395 1594 1431 moratur,
1603 1394 1635 1423 et
1644 1391 1745 1424 victor

294 1442 314 1464 a
324 1434 512 1477 magnifico
494 1445 574 1474 Jugo
589 1435 701 1476 quoerit
716 1444 822 1465 causas
835 1444 889 1466 em
890 1444 940 1465 um
954 1434 1089 1474 itineris,
1097 1438 1126 1466 et
1137 1438 1278 1475 expectat
1290 1435 1422 1474 benigna
1435 1444 1521 1475 aure,
1535 1443 1586 1475 qm
1645 1435 1744 1472 etant,

292 1484 375 1507 uxor
392 1477 529 1518 Capanei
553 1478 626 1508 altis
648 1477 794 1508 audacior
816 1476 948 1517 incipit:
969 1476 1124 1508 Bellicose
1149 1478 1245 1517 AEgei
1261 1477 1329 1519 fili,
1350 1477 1400 1508 cui
1418 1476 1553 1516 fortuna
1575 1434 1670 1518 egfert
1693 1475 1743 1506 in-

292 1521 419 1558 gentem
433 1521 596 1551 materiam
610 1520 743 1560 inopinoe
757 1519 860 1550 laudis
875 1520 912 1550 de
926 1519 1040 1550 nostris
1061 1519 1209 1558 cladibus,
1224 1529 1284 1550 non
1306 1529 1408 1551 sumus
1419 1528 1533 1559 genere
1555 1520 1675 1557 aliene,
1690 1511 1745 1548 nec

295 1570 359 1592 rece
373 1561 502 1600 nefandi
517 1563 674 1594 criminis:
696 1562 785 1593 nobis
797 1561 903 1602 patria
920 1563 1035 1601 Argos,
1051 1564 1081 1592 et
1095 1563 1194 1592 nostri
1208 1561 1271 1592 viri
1286 1565 1374 1593 erant
1388 1571 1490 1602 reges,
1504 1565 1536 1593 et
1549 1561 1670 1593 utinam
1681 1565 1744 1591 non

293 1604 508 1642 magnanimi.-
531 1606 606 1644 quid
621 1605 703 1636 em'm
717 1614 836 1636 necesse
851 1607 917 1634 erat
932 1603 1120 1634 conscribere
1134 1607 1249 1644 septem
1262 1605 1428 1644 exercitus,
1443 1608 1473 1636 et
1488 1605 1528 1635 acl
1542 1613 1663 1643 equum
1675 1601 1745 1634 adi-

293 1653 369 1684 gere
383 1647 506 1678 domum
523 1647 700 1687 Agenoris?
744 1647 811 1677 Nec
825 1647 1010 1684 incusamus,
1026 1646 1104 1686 q'aod
1115 1647 1248 1686 peremti
1261 1648 1341 1678 sint:
1364 1647 1414 1678 hoe
1428 1648 1511 1686 leges
1525 1646 1596 1678 belli
1613 1648 1645 1677 et
1665 1645 1747 1676 vices

294 1697 460 1720 armorum.
495 1687 557 1721 Sed
571 1689 624 1730 qui
638 1690 672 1721 in
685 1689 754 1721 acie
767 1688 984 1727 occubuerunt,
998 1698 1059 1719 non
1073 1692 1163 1720 erant
1177 1692 1314 1720 nwastra
1327 1691 1404 1720 nata
1417 1688 1452 1720 in
1466 1688 1582 1720 Sicula
1591 1687 1745 1726 commit,

902 1790 981 1807 &ooo
965 1794 1140 1807 anemae

295 1870 356 1902 lib.
373 1879 424 1902 iv.
448 1880 524 1912 cap.
541 1874 571 1904 3.
589 1881 623 1912 p.
646 1874 719 1904 583.
721 1874 827 1903 -542
850 1871 891 1903 In
917 1871 1047 1903 dnobus
1066 1872 1164 1903 codd.
1192 1871 1340 1903 Barthii:
1364 1871 1501 1911 vestique
1522 1870 1742 1902 anime-⁴6⁵⁰

297 1913 373 1944 Non
386 1913 615 1953 ntinamfortes
639 1924 725 1946 unus
748 1915 873 1946 Behot.
891 1915 980 1946 Dan.
997 1915 1077 1946 Pnt.
1093 1915 1217 1946 Petav.
1241 1913 1344 1945 Aldd.
1367 1913 1475 1945 Colin.
1490 1912 1542 1945 Gr
1542 1912 1622 1954 γμΙι.
1637 1911 1743 1943 ΒιιίΙ.

297 1959 334 1985 et
349 1955 464 1988 Plant.
511 1957 585 1988 Non
599 1957 719 1991 utinam
742 1957 891 1995 etfortes
919 1957 1024 1997 Lang.
1051 1958 1155 1988 Laur.
1181 1956 1312 1990 Buslid
1329 1956 1478 1996 Lipsian.
1505 1923 1592 1987 altyer
1619 1953 1743 1986 Bebot

295 1997 436 2030 Venett.
451 2001 482 2030 3.
498 2002 530 2031 4.
548 2004 584 2032 et
599 2004 744 2031 recentt
747 2003 851 2031 —551
875 2000 997 2031 Behot.
1014 2002 1045 2031 1.
1067 2009 1141 2040 opas
1155 2003 1201 2031 est
1214 1999 1360 2030 mandare
1375 2001 1517 2039 nepaes,-
1537 1997 1742 2038 rescriptum

949 2099 1090 2133 NOTAE

296 2199 349 2218 ται
364 2185 413 2217 ἐπὶ
427 2184 483 2216 τὸν
502 2187 607 2225 βῶμον
629 2185 822 2226 ἐκαθέζοντο.
866 2186 993 2227 Suppli-

296 2247 347 2269 ces
359 2237 393 2268 in
408 2247 465 2268 ara
476 2238 685 2269 consederunt.
729 2238 787 2268 Sic
804 2237 993 2268 Themisto-

297 2288 367 2319 cles
382 2286 582 2328 confugiens
607 2287 648 2318 ad
667 2286 851 2319 Admetum
867 2287 993 2318 Molos-

298 2347 411 2369 sorum
428 2346 557 2377 regem,
571 2341 671 2378 capto
686 2338 791 2379 ipsius
807 2338 896 2379 regis
910 2336 993 2377 filio,

297 2387 339 2419 ad
357 2397 450 2419 aram
474 2397 532 2418 sen
556 2387 670 2419 focum
692 2397 728 2420 se
750 2387 910 2430 conjecit,
933 2387 994 2418 ibi·

298 2447 365 2479 que
392 2437 558 2469 consedit.
602 2437 660 2469 Sic
696 2437 798 2468 index
831 2437 902 2477 ille,
938 2436 995 2477 qni

297 2487 501 2519 Pausaniam
517 2497 633 2529 regem
657 2488 820 2529 prodidit,
841 2486 996 2527 confugit

298 2538 341 2569 ad
357 2536 472 2568 fanum
488 2538 655 2579 Neptuni,
669 2537 758 2580 quod
777 2542 850 2569 erat
872 2537 994 2569 Taena-

297 2586 340 2628 ri,
357 2593 393 2619 et
414 2587 447 2619 in
472 2594 530 2618 ara
552 2588 719 2620 consedit.
762 2587 839 2619 Mos
858 2587 994 2619 notissi-

297 2646 372 2669 mus
387 2647 429 2668 ex
446 2637 685 2678 scriptoribus.
753 2662 756 2663 γ

340 2689 404 2718 544
432 2687 554 2727 Victor]
570 2687 730 2719 Theseus.
758 2687 939 2729 Poscitque]
952 2685 994 2718 Id

300 2741 364 2776 est,
377 2741 552 2777 expectat.

341 2789 403 2818 545
430 2786 586 2827 Capaneia
598 2786 727 2827 conjux]
739 2785 890 2819 Evadne.
906 2787 995 2818 Pau-

1047 2184 1158 2216 sanias
1188 2189 1300 2216 tamen
1323 2183 1450 2215 Atticis
1475 2182 1596 2216 scribit
1619 2176 1744 2216 'l'hesei

1048 2245 1186 2276 operam
1212 2244 1278 2266 non
1306 2234 1348 2265 ab
1373 2233 1458 2275 ipsis
1482 2232 1604 2275 viduis,
1624 2233 1685 2266 sed
1699 2233 1742 2265 ab

1048 2286 1121 2327 ipso
1138 2285 1298 2324 Adrasto,
1311 2285 1466 2326 petitam.

1089 2340 1153 2369 546
1176 2335 1310 2376 Subitae]
1333 2334 1374 2367 Id
1389 2338 1453 2376 est,
1468 2334 1615 2376 inopinae
1627 2338 1664 2367 et
1675 2343 1744 2367 non

1047 2391 1255 2429 expectatae.

1089 2442 1152 2470 550
1175 2438 1309 2478 Septem
1319 2445 1439 2468 movere
1452 2434 1581 2477 Castra]
1602 2435 1743 2477 Septem

1047 2488 1136 2520 enim
1152 2491 1250 2519 erant
1267 2486 1380 2518 duces.

1090 2541 1151 2570 551
1174 2536 1367 2577 Agenoreos]
1387 2536 1578 2569 Thebanos.

1090 2589 1152 2619 553
1175 2586 1237 2618 Sed
1251 2595 1313 2617 non
1327 2585 1446 2617 Siculis
1459 2589 1569 2618 exorta
1577 2584 1633 2617 sub
1644 2582 1746 2616 antris

1048 2636 1207 2677 Monstra]
1242 2635 1359 2667 Innnit
1384 2635 1552 2677 Cyclopes
1582 2638 1681 2668 antra
1707 2633 1743 2666 in

1048 2687 1163 2719 Sicilia
1178 2685 1375 2717 incolentes.

1091 2739 1154 2768 554
1179 2735 1282 2767 Ossaei
1315 2733 1508 2775 bimembres]
1553 2733 1744 2766 Centauros

1047 2785 1223 2828 intelligit,
1245 2785 1302 2827 qui
1328 2784 1451 2817 Ossam
1474 2786 1622 2816 montem
1636 2782 1745 2815 Thes·
