1846 3120
0 112 44 494 affluas-13:33¹}
0 94 29 104 ·;
31 63 35 70 „

43 475 45 478 ·
38 297 43 300 ¹
43 109 51 112 v
39 94 53 98 ⁴.

594 238 935 270 Acfflnmzmos
970 237 1067 269 nm.
1100 238 1131 268 1.
1484 226 1598 269 1561

139 333 379 390 Disposita
397 335 490 376 est:
520 333 588 376 sic
608 346 746 376 curva
764 333 886 376 feras
899 332 1063 386 indago
1081 332 1272 374 latentes

137 402 330 453 claudit,
348 403 394 444 et
412 400 605 443 admotis
626 401 841 456 paulatIm
862 400 1073 443 cassibus
1094 402 1246 442 arctat.
1511 397 1600 440 460

136 470 236 515 111ae
254 471 411 524 ignem,
431 469 716 523 sonitumque
736 473 914 523 pavent,
935 466 1186 521 diffusaque
1207 466 1414 521 linquunt

138 537 272 589 Avia,
293 537 593 590 miranturque
614 548 744 577 suum
763 526 1019 577 deerescere
1040 538 1255 584 montem,

140 605 292 648 Donec
308 603 354 646 in
371 607 606 657 angustam
625 602 882 645 ceciderunt
901 602 1099 656 undique
1120 601 1301 652 vallem,

140 672 279 728 Inque
298 672 443 714 vicem
463 675 670 725 stupuere
689 682 854 725 greges,
876 670 1091 724 socioque
1110 669 1269 711 timore

139 739 483 783 Mansuescunt:
515 738 649 780 simul
668 738 808 780 hirtus
829 749 952 792 aper,
964 737 1096 779 simul
1115 749 1238 787 ursa,
1258 736 1482 791 lupusque
1513 735 1599 777 465

139 807 337 862 Cogitur,
359 809 404 849 et
420 810 582 861 captos
600 807 840 848 contemnit
858 817 991 848 cerva
1009 805 1173 847 leoneS.

140 875 231 920 Sed
250 887 504 930 quanquam
523 873 688 928 gemini
702 873 863 929 pariter
881 885 964 916 sua
983 872 1100 915 bella
1118 874 1359 927 capessant

139 1017 171 1048 d
184 1014 351 1048 “diadar
363 1016 420 1049 sub
433 1026 494 1049 uno
508 1026 543 1048 re
566 1026 593 1049 e.
637 1015 695 1048 Sic
717 1025 813 1047 curva
834 1015 932 1057 plaga
951 1014 1067 1056 obsepit
1083 1014 1199 1047 bestias
1212 1015 1349 1056 abditas,
1370 1018 1402 1047 et
1416 1017 1605 1054 angustatur

84 1056 89 1060 ’
138 1058 284 1091 adductis
302 1059 458 1101 paulatim
477 1069 512 1091 re
533 1060 540 1067 '
599 1082 606 1091 .
651 1059 724 1091 Iuae
747 1058 954 1097 reformidant
970 1057 1134 1099 flammas,
1154 1062 1186 1090 et
1201 1058 1380 1108 fragorem,
1404 1061 1436 1089 et
1459 1058 1605 1088 deserunt

138 1101 250 1134 deam
268 1102 385 1144 syleas,
405 1106 438 1135 et
461 1102 618 1134 mirantur
638 1112 730 1134 suum
756 1104 891 1135 montem
912 1101 1031 1133 minui.-
1052 1102 1146 1133 donec
1159 1101 1293 1143 undeque
1307 1101 1420 1132 cadant
1435 1101 1469 1131 in
1483 1102 1605 1131 arctam

138 1143 262 1186 wilm,
283 1147 316 1177 et
335 1154 450 1187 greges
470 1145 605 1177 invicem
623 1147 762 1186 stupent,
783 1147 815 1176 et
835 1145 998 1176 mitescunt
1013 1147 1119 1175 mutuo
1133 1147 1228 1176 metu.
1277 1144 1348 1176 Una
1363 1143 1503 1175 hirsutus
1516 1150 1605 1182 aper,

138 1194 202 1220 nna
222 1196 310 1233 urea,
329 1188 476 1230 lupusque
499 1187 695 1230 conveniunt,
714 1190 746 1220 et
766 1195 872 1225 cerva
879 1189 1068 1228 aspernatur
1087 1187 1207 1219 clausos
1229 1187 1341 1219 leones.
1386 1186 1450 1218 Sed
1464 1183 1606 1227 quamvis

753 1284 936 1302 OOOOOOO
937 1285 999 1299 m

140 1360 200 1395 lid.
217 1360 369 1403 Lipsian.
388 1360 492 1395 Aldd.
517 1361 627 1395 Coiiu.
650 1361 785 1404 Gryph.
809 1362 916 1396 Basii.
933 1367 969 1396 et
985 1363 1101 1395 Plant.
1115 1363 1161 1395 sic
1175 1365 1266 1395 torva
1282 1362 1384 1402 seras.
1411 1360 1502 1394 Vide
1519 1360 1609 1393 Not.

140 1404 332 1437 Van—461
359 1404 428 1437 111oe
441 1414 572 1442 amnem,
587 1404 779 1447 sonitumque
801 1410 929 1447 pavent,
950 1407 1153 1448 linquamque
1164 1405 1326 1447 profunda
1342 1405 1443 1437 codd.
1462 1404 1608 1436 Lina.—

139 1449 205 1480 468
228 1447 297 1480 Hic
313 1457 430 1480 versus
446 1447 545 1480 deest
569 1448 603 1480 in
627 1447 732 1480 Aldd.
750 1449 861 1481 Coiin.
877 1449 1010 1491 Gryph.
1035 1449 1141 1481 Basii.
1170 1450 1286 1481 Fiant.
1303 1453 1340 1481 et
1354 1447 1485 1479 duobus
1508 1446 1608 1480 codd.

141 1489 343 1530 Bernartii3
365 1494 524 1523 servatur
539 1500 620 1523 vero
635 1491 669 1522 in
695 1492 780 1524 Exc.
805 1492 914 1534 Bur-g.
942 1492 1101 1524 Petrens.
1118 1491 1208 1523 Dan.
1223 1492 1306 1524 Pnt.
1323 1491 1446 1523 Petav.
1471 1494 1507 1521 et
1529 1488 1608 1522 edd.

141 1535 290 1565 mente.
332 1534 343 1552 ‘
359 1533 507 1566 Versum
521 1533 611 1566 hunc
627 1534 717 1566 bono
739 1534 881 1566 consilio
908 1534 986 1566 aliis
1002 1534 1113 1567 literis
1131 1535 1303 1576 expressit
1319 1532 1608 1572 Lindenbrogius.

141 1574 224 1608 Non
239 1575 330 1608 enim
344 1576 463 1608 visitur
482 1577 516 1608 in
531 1576 753 1615 membranis,
767 1576 872 1609 etiam
887 1577 1034 1610 nostris:
1058 1586 1169 1620 neque
1184 1582 1374 1618 agnoscunt
1391 1586 1467 1608 eum
1481 1574 1611 1607 Aldina

141 1617 374 1660 Exemplaria.
415 1619 568 1652 Joannes
584 1619 789 1651 Bernartius
803 1629 848 1652 ex
863 1619 997 1652 duobus
1012 1620 1094 1660 suis,
1106 1630 1172 1652 uon
1188 1620 1375 1661 illibenter,
1389 1618 1534 1651 eundem
1549 1617 1610 1649 ad-

141 1660 258 1701 misit;
290 1661 508 1694 inserendum
532 1663 667 1694 censuit
696 1662 801 1694 etiam
829 1662 1021 1695 Gulieimus
1053 1663 1236 1695 Canterus.
1284 1663 1358 1695 Nos
1387 1667 1517 1701 tamen,
1537 1669 1610 1692 me-

141 1703 247 1736 liores
260 1703 400 1736 codices
414 1709 451 1737 et
461 1704 610 1737 rationes
625 1704 814 1747 sequendo,
827 1705 979 1746 spurium
995 1710 1169 1748 putamus,
1179 1706 1419 1738 consentiente
1435 1704 1612 1745 Stephano

143 1746 304 1779 Cluverio
318 1747 422 1779 Notis
447 1747 490 1780 sd
506 1747 685 1780 claudian.
713 1748 816 1789 Rapt-
839 1748 1003 1790 Proserp.
1019 1748 1080 1780 lib.
1095 1749 1164 1781 m!
1182 1749 1301 1781 Barth.
1331 1748 1439 1780 Donec
1452 1747 1539 1778 intra
1553 1756 1612 1777 an-

139 1792 270 1828 mam
292 1789 470 1822 ceciderunt
491 1790 634 1832 undaque
658 1790 770 1822 vallem
795 1790 864 1823 duo
879 1791 979 1823 codd.
1005 1791 1204 1831 Bernartii3
1226 1791 1284 1823 iiie
1301 1800 1383 1823 vero
1407 1800 1450 1822 ex
1471 1789 1612 1830 ingenio

143 1831 462 1866 emendavit—4⁶4
497 1833 595 1876 Inque
618 1832 752 1866 invicem
778 1834 863 1867 Exe.
889 1834 1109 1876 Burg.—466
1136 1835 1297 1867 Petrens.
1321 1834 1442 1866 Burm.
1466 1833 1549 1865 Put.
1575 1836 1612 1864 et

801 1940 952 1974 NOTAE

146 2028 371 2061 gsmemnone
380 2020 529 2063 scilieet,
543 2030 643 2064 quem
656 2031 763 2064 snpra
776 2021 851 2054 dix-

145 2070 234 2102 imus
263 2070 309 2103 ob
348 2080 433 2113 opes
467 2071 684 2115 nominisque
724 2071 850 2105 famam

146 2120 297 2153 electum
312 2121 546 2163 expeditionis
561 2122 696 2155 ducem.

190 2173 256 2203 4⁶9
280 2171 387 2204 Curva
395 2172 528 2215 indago]
538 2172 669 2214 indago
680 2173 852 2215 signifieat

146 2221 401 2264 inquisitionem
424 2227 462 2255 et
477 2223 779 2264 investigationem
795 2233 854 2256 ve-

905 2020 1020 2054 Anim.
1049 2019 1110 2054 lib.
1126 2030 1194 2054 vn.
1217 2030 1296 2063 cap.
1311 2023 1344 2053 6.
1388 2019 1524 2052 Plinius
1551 2018 1611 2052 lib.

906 2080 991 2104 vm.
1020 2081 1098 2113 cap.
1124 2075 1156 2104 6.
1200 2072 1359 2105 Clamore
1382 2071 1488 2103 etiam
1505 2075 1543 2104 et
1558 2080 1613 2103 so-

905 2123 981 2155 nitu
1010 2123 1119 2164 premi
1144 2121 1234 2155 feras
1264 2122 1490 2155 notissimum.
1533 2121 1614 2154 vir-

907 2173 1006 2215 gilius
1022 2173 1153 2214 Georg.
1164 2181 1224 2206 111.
1239 2173 1249 2191 ‘
1264 2173 1448 2215 Ingentem
1463 2172 1615 2205 elamore

907 2233 1043 2266 premes
1058 2223 1101 2255 ad
1115 2223 1206 2255 retia
1220 2222 1384 2256 cervum.’

147 2278 321 2312 natorum,
343 2277 380 2306 et
402 2274 527 2306 seriem
544 2274 723 2315 plagarum
745 2275 853 2307 saltus

147 2322 372 2366 cingentium.
424 2323 557 2356 Statius
572 2324 605 2356 in
624 2325 738 2356 Leone
753 2325 853 2357 Man·

125 2413 133 2417 ,
147 2377 268 2407 meto:
283 2374 294 2392 ⁴
307 2368 490 2416 curvaque
516 2374 676 2416 indagine
693 2374 853 2408 clausus!

190 2425 252 2456 461
279 2422 402 2463 ignem,
413 2423 622 2465 sonitumque]
646 2424 742 2465 Ignis
755 2425 789 2456 in
802 2424 851 2457 fe-

149 2482 265 2506 rarum
291 2473 473 2506 venatione
508 2474 693 2506 adhibitus.
727 2475 853 2507 Lucre-

150 2523 219 2556 tius
244 2523 304 2556 tib.
319 2532 356 2557 v.
377 2523 388 2542 ⁴
403 2522 494 2556 Nam
523 2523 625 2557 fovea
650 2530 754 2566 atque
784 2524 856 2566 igni

151 2573 246 2616 prius
271 2578 325 2606 est
349 2574 506 2606 venarier
525 2579 650 2616 ortum,
673 2575 786 2610 Quam
803 2585 855 2607 se-

151 2625 227 2667 pire
243 2624 354 2666 plagis
369 2625 504 2666 saltum,
518 2625 729 2668 canibusque
741 2625 856 2658 ciere?

154 2674 258 2708 Hune
273 2675 448 2717 praecipue
465 2675 536 2707 Leo
551 2674 764 2708 reformidat.
807 2677 855 2708 A·

153 2724 228 2760 rint.
243 2724 338 2758 nist.
362 2725 422 2759 lib.
438 2734 492 2758 lx.
538 2725 720 2768 Oppianus
735 2727 771 2759 in
788 2728 855 2770 Cy·

154 2783 232 2818 neg.
257 2775 471 2819 ‘Elephantes
501 2776 616 2810 etiam.
660 2777 785 2812 AEiian.
811 2777 855 2811 de

948 2277 1014 2306 462
1049 2274 1273 2315 Miranturque
1314 2283 1404 2305 suum
1439 2273 1617 2305 decrescere

905 2323 1059 2365 montem]
1113 2324 1263 2365 Propter
1297 2322 1507 2364 indaginem,
1545 2331 1614 2364 qua

909 2375 1021 2417 pressi
1037 2379 1209 2416 coguntur
1224 2374 1259 2405 in
1276 2383 1390 2406 unum.

951 2429 1016 2460 464
1038 2425 1187 2467 Soc-ioque
1226 2424 1336 2456 timore
1373 2422 1616 2464 Mansuescunt]

910 2478 1001 2511 Nam
1014 2477 1117 2510 timor
1131 2476 1322 2509 naturalem
1338 2475 1422 2517 ipsis
1438 2474 1616 2506 feritatem

912 2528 1045 2561 adimit.

951 2582 1017 2611 465
1040 2577 1145 2610 Simul
1169 2577 1273 2608 hirtus
1302 2585 1390 2618 aper,
1418 2575 1489 2617 Sym]
1524 2575 1615 2607 Vide

911 2628 1079 2660 AElianum
1093 2626 1208 2658 Auim.
1224 2626 1285 2658 lib.
1301 2634 1352 2658 ιν.
1368 2634 1445 2667 cap.
1461 2627 1518 2657 45.

953 2681 1016 2711 467
1044 2677 1172 2709 Gemini
1190 2675 1334 2719 Acridae]
1369 2676 1550 2708 Menelaus
1579 2679 1618 2709 et

910 2728 1161 2771 Agamemnon.
