<?xml version="1.0" encoding="UTF-8"?>
<!DOCTYPE html PUBLIC "-//W3C//DTD XHTML 1.0 Transitional//EN"
    "http://www.w3.org/TR/xhtml1/DTD/xhtml1-transitional.dtd">
<html xmlns="http://www.w3.org/1999/xhtml" xml:lang="en" lang="en">
 <head>
  <title>
</title>
<meta http-equiv="Content-Type" content="text/html;charset=utf-8" />
  <meta name='ocr-system' content='tesseract 3.04.00' />
  <meta name='ocr-capabilities' content='ocr_page ocr_carea ocr_par ocr_line ocrx_word'/>
</head>
<body>
  <div class='ocr_page' id='page_1' title='image "./operaomniaexedit03statuoft_0292.png"; bbox 0 0 1846 3120; ppageno 0'>
   <div class='ocr_carea' id='block_1_1' title="bbox 276 195 390 238">
    <p class='ocr_par' dir='ltr' id='par_1_1' title="bbox 276 195 390 238">
     <span class='ocr_line' id='line_1_1' title="bbox 276 195 390 238; baseline 0.009 -1"><span class='ocrx_word' id='word_1_1' title='bbox 276 195 390 238; x_wconf 78' lang='lat'>1392</span> 
     </span>
    </p>
   </div>
   <div class='ocr_carea' id='block_1_2' title="bbox 506 177 1494 240">
    <p class='ocr_par' dir='ltr' id='par_1_2' title="bbox 506 177 1494 240">
     <span class='ocr_line' id='line_1_2' title="bbox 506 177 1494 240; baseline 0.003 -3"><span class='ocrx_word' id='word_1_2' title='bbox 506 206 545 237; x_wconf 87' lang='lat' dir='ltr'><strong>P.</strong></span> <span class='ocrx_word' id='word_1_3' title='bbox 579 204 766 236; x_wconf 83' lang='lat' dir='ltr'><strong>PAPlNll</strong></span> <span class='ocrx_word' id='word_1_4' title='bbox 801 202 966 235; x_wconf 78' lang='lat' dir='ltr'><strong>STATll</strong></span> <span class='ocrx_word' id='word_1_5' title='bbox 1000 177 1283 238; x_wconf 69' lang='lat' dir='ltr'>THEBAIDOS</span> <span class='ocrx_word' id='word_1_6' title='bbox 1315 207 1411 239; x_wconf 83' lang='lat' dir='ltr'><strong>LlB.</strong></span> <span class='ocrx_word' id='word_1_7' title='bbox 1442 207 1494 240; x_wconf 84' lang='lat' dir='ltr'><strong>X.</strong></span> 
     </span>
    </p>
   </div>
   <div class='ocr_carea' id='block_1_3' title="bbox 275 298 1400 554">
    <p class='ocr_par' dir='ltr' id='par_1_3' title="bbox 275 298 1400 554">
     <span class='ocr_line' id='line_1_3' title="bbox 276 298 1400 353; baseline 0.002 -12"><span class='ocrx_word' id='word_1_8' title='bbox 276 299 380 351; x_wconf 85' lang='lat' dir='ltr'><strong>Quo</strong></span> <span class='ocrx_word' id='word_1_9' title='bbox 397 302 508 350; x_wconf 89' lang='lat' dir='ltr'><strong>ruat,</strong></span> <span class='ocrx_word' id='word_1_10' title='bbox 530 299 700 340; x_wconf 79' lang='lat' dir='ltr'>ardenti</span> <span class='ocrx_word' id='word_1_11' title='bbox 720 298 848 340; x_wconf 85' lang='lat' dir='ltr'><strong>feriat</strong></span> <span class='ocrx_word' id='word_1_12' title='bbox 865 310 978 352; x_wconf 86' lang='lat' dir='ltr'><strong>quas</strong></span> <span class='ocrx_word' id='word_1_13' title='bbox 994 310 1176 353; x_wconf 87' lang='lat' dir='ltr'><strong>corpore</strong></span> <span class='ocrx_word' id='word_1_14' title='bbox 1198 303 1400 343; x_wconf 60' lang='lat' dir='ltr'><strong>turmas:</strong></span> 
     </span>
     <span class='ocr_line' id='line_1_4' title="bbox 276 364 1392 421; baseline 0 -12"><span class='ocrx_word' id='word_1_15' title='bbox 276 367 397 409; x_wconf 89' lang='lat' dir='ltr'><strong>Intra</strong></span> <span class='ocrx_word' id='word_1_16' title='bbox 413 379 461 408; x_wconf 90' lang='lat' dir='ltr'><strong>se</strong></span> <span class='ocrx_word' id='word_1_17' title='bbox 480 365 661 407; x_wconf 89' lang='lat' dir='ltr'><strong>stridere</strong></span> <span class='ocrx_word' id='word_1_18' title='bbox 679 365 835 416; x_wconf 89' lang='lat' dir='ltr'><strong>facem,</strong></span> <span class='ocrx_word' id='word_1_19' title='bbox 856 364 1130 419; x_wconf 83' lang='lat' dir='ltr'><strong>galeamque,</strong></span> <span class='ocrx_word' id='word_1_20' title='bbox 1152 378 1392 421; x_wconf 84' lang='lat' dir='ltr'><strong>comasque</strong></span> 
     </span>
     <span class='ocr_line' id='line_1_5' title="bbox 276 430 1356 486; baseline 0 -11"><span class='ocrx_word' id='word_1_21' title='bbox 276 433 466 486; x_wconf 86' lang='lat' dir='ltr'><strong>Quaerit,</strong></span> <span class='ocrx_word' id='word_1_22' title='bbox 489 436 535 473; x_wconf 93' lang='lat' dir='ltr'><strong>et</strong></span> <span class='ocrx_word' id='word_1_23' title='bbox 549 435 747 474; x_wconf 89' lang='lat' dir='ltr'><strong>urentem</strong></span> <span class='ocrx_word' id='word_1_24' title='bbox 766 430 950 474; x_wconf 87' lang='lat' dir='ltr'><strong>thoraca</strong></span> <span class='ocrx_word' id='word_1_25' title='bbox 968 431 1182 486; x_wconf 86' lang='lat' dir='ltr'><strong>repellere</strong></span> <span class='ocrx_word' id='word_1_26' title='bbox 1200 433 1356 476; x_wconf 88' lang='lat' dir='ltr'><strong>dextra</strong></span> 
     </span>
     <span class='ocr_line' id='line_1_6' title="bbox 275 499 1306 554; baseline 0.001 -13"><span class='ocrx_word' id='word_1_27' title='bbox 275 499 485 550; x_wconf 87' lang='lat' dir='ltr'><strong>Conatus‚</strong></span> <span class='ocrx_word' id='word_1_28' title='bbox 503 499 602 540; x_wconf 88' lang='lat' dir='ltr'><strong>ferri</strong></span> <span class='ocrx_word' id='word_1_29' title='bbox 620 499 807 541; x_wconf 86' lang='lat' dir='ltr'><strong>cinerem</strong></span> <span class='ocrx_word' id='word_1_30' title='bbox 826 499 910 541; x_wconf 90' lang='lat' dir='ltr'><strong>sub</strong></span> <span class='ocrx_word' id='word_1_31' title='bbox 930 503 1109 554; x_wconf 82' lang='lat' dir='ltr'>pectore</span> <span class='ocrx_word' id='word_1_32' title='bbox 1131 503 1306 542; x_wconf 88' lang='lat' dir='ltr'><strong>tractat.</strong></span> 
     </span>
    </p>
   </div>
   <div class='ocr_carea' id='block_1_4' title="bbox 275 566 1534 621">
    <p class='ocr_par' dir='ltr' id='par_1_4' title="bbox 275 566 1534 621">
     <span class='ocr_line' id='line_1_7' title="bbox 275 566 1534 621; baseline 0.002 -13"><span class='ocrx_word' id='word_1_33' title='bbox 275 567 377 608; x_wconf 84' lang='lat' dir='ltr'><strong>Stat</strong></span> <span class='ocrx_word' id='word_1_34' title='bbox 394 570 559 618; x_wconf 89' lang='lat' dir='ltr'><strong>tamen,</strong></span> <span class='ocrx_word' id='word_1_35' title='bbox 581 570 914 621; x_wconf 88' lang='lat' dir='ltr'><strong>extremumque</strong></span> <span class='ocrx_word' id='word_1_36' title='bbox 932 566 975 608; x_wconf 91' lang='lat' dir='ltr'><strong>in</strong></span> <span class='ocrx_word' id='word_1_37' title='bbox 995 566 1144 609; x_wconf 89' lang='lat' dir='ltr'><strong>sidera</strong></span> <span class='ocrx_word' id='word_1_38' title='bbox 1165 580 1317 611; x_wconf 87' lang='lat' dir='ltr'><strong>versus</strong></span> <span class='ocrx_word' id='word_1_39' title='bbox 1339 567 1534 620; x_wconf 80' lang='lat' dir='ltr'><strong>anhelat,</strong></span> 
     </span>
    </p>
   </div>
   <div class='ocr_carea' id='block_1_5' title="bbox 1638 567 1724 621">
    <p class='ocr_par' dir='ltr' id='par_1_5' title="bbox 1638 567 1724 621">
     <span class='ocr_line' id='line_1_8' title="bbox 1638 567 1724 621; baseline 0 0"><span class='ocrx_word' id='word_1_40' title='bbox 1638 567 1724 621; x_wconf 81' lang='grc'><strong>935,</strong></span> 
     </span>
    </p>
   </div>
   <div class='ocr_carea' id='block_1_6' title="bbox 274 633 1525 889">
    <p class='ocr_par' dir='ltr' id='par_1_6' title="bbox 274 633 1291 687">
     <span class='ocr_line' id='line_1_9' title="bbox 274 633 1291 687; baseline 0.004 -13"><span class='ocrx_word' id='word_1_41' title='bbox 274 633 555 687; x_wconf 79' lang='lat' dir='ltr'><strong>Pectoraque</strong></span> <span class='ocrx_word' id='word_1_42' title='bbox 574 633 727 675; x_wconf 85' lang='lat' dir='ltr'><strong>invisis</strong></span> <span class='ocrx_word' id='word_1_43' title='bbox 746 634 887 676; x_wconf 90' lang='lat' dir='ltr'><strong>obicit</strong></span> <span class='ocrx_word' id='word_1_44' title='bbox 903 633 1118 678; x_wconf 86' lang='lat' dir='ltr'><strong>fumantia</strong></span> <span class='ocrx_word' id='word_1_45' title='bbox 1137 635 1291 686; x_wconf 82' lang='lat' dir='ltr'><strong>muris,</strong></span> 
     </span>
    </p>

    <p class='ocr_par' dir='ltr' id='par_1_7' title="bbox 274 699 1525 889">
     <span class='ocr_line' id='line_1_10' title="bbox 276 699 1525 758; baseline 0.003 -17"><span class='ocrx_word' id='word_1_46' title='bbox 276 699 349 742; x_wconf 91' lang='lat' dir='ltr'><strong>Ne</strong></span> <span class='ocrx_word' id='word_1_47' title='bbox 371 700 571 742; x_wconf 85' lang='lat' dir='ltr'><strong>caderet:</strong></span> <span class='ocrx_word' id='word_1_48' title='bbox 602 700 680 742; x_wconf 88' lang='lat' dir='ltr'><strong>sed</strong></span> <span class='ocrx_word' id='word_1_49' title='bbox 700 701 894 743; x_wconf 89' lang='lat' dir='ltr'><strong>membra</strong></span> <span class='ocrx_word' id='word_1_50' title='bbox 915 701 1056 743; x_wconf 84' lang='lat' dir='ltr'><strong>virum</strong></span> <span class='ocrx_word' id='word_1_51' title='bbox 1078 706 1248 744; x_wconf 87' lang='lat' dir='ltr'><strong>terrena</strong></span> <span class='ocrx_word' id='word_1_52' title='bbox 1264 703 1525 758; x_wconf 88' lang='lat' dir='ltr'><strong>relinquunt,</strong></span> 
     </span>
     <span class='ocr_line' id='line_1_11' title="bbox 274 766 1360 822; baseline 0.003 -14"><span class='ocrx_word' id='word_1_53' title='bbox 274 766 550 821; x_wconf 86' lang='lat' dir='ltr'><strong>Exuiturque</strong></span> <span class='ocrx_word' id='word_1_54' title='bbox 569 767 766 811; x_wconf 87' lang='lat' dir='ltr'><strong>animus:</strong></span> <span class='ocrx_word' id='word_1_55' title='bbox 795 767 979 822; x_wconf 86' lang='lat' dir='ltr'><strong>paulum</strong></span> <span class='ocrx_word' id='word_1_56' title='bbox 999 767 1039 810; x_wconf 88' lang='lat' dir='ltr'><strong>si</strong></span> <span class='ocrx_word' id='word_1_57' title='bbox 1058 769 1223 811; x_wconf 88' lang='lat' dir='ltr'><strong>tardius</strong></span> <span class='ocrx_word' id='word_1_58' title='bbox 1242 773 1360 812; x_wconf 89' lang='lat' dir='ltr'><strong>artus</strong></span> 
     </span>
     <span class='ocr_line' id='line_1_12' title="bbox 274 833 1404 889; baseline 0.003 -13"><span class='ocrx_word' id='word_1_59' title='bbox 274 833 548 886; x_wconf 87' lang='lat' dir='ltr'><strong>Cessissent,</strong></span> <span class='ocrx_word' id='word_1_60' title='bbox 567 834 717 889; x_wconf 86' lang='lat' dir='ltr'><strong>potuit</strong></span> <span class='ocrx_word' id='word_1_61' title='bbox 732 834 898 878; x_wconf 89' lang='lat' dir='ltr'><strong>fulmen</strong></span> <span class='ocrx_word' id='word_1_62' title='bbox 917 835 1131 878; x_wconf 87' lang='lat' dir='ltr'><strong>meruisse</strong></span> <span class='ocrx_word' id='word_1_63' title='bbox 1153 836 1404 879; x_wconf 87' lang='lat' dir='ltr'><strong>secundum.</strong></span> 
     </span>
    </p>
   </div>
   <div class='ocr_carea' id='block_1_7' title="bbox 273 963 1727 1216">
    <p class='ocr_par' dir='ltr' id='par_1_8' title="bbox 273 963 1727 1216">
     <span class='ocr_line' id='line_1_13' title="bbox 274 963 1727 1006; baseline 0.003 -11"><span class='ocrx_word' id='word_1_64' title='bbox 274 963 342 1003; x_wconf 76' lang='lat' dir='ltr'><strong>dat,</strong></span> <span class='ocrx_word' id='word_1_65' title='bbox 355 972 431 1004; x_wconf 73' lang='lat' dir='ltr'><strong>quas</strong></span> <span class='ocrx_word' id='word_1_66' title='bbox 443 964 600 1003; x_wconf 77' lang='lat' dir='ltr'><strong>percutiat</strong></span> <span class='ocrx_word' id='word_1_67' title='bbox 614 963 718 1005; x_wconf 76' lang='lat' dir='ltr'><strong>copiae</strong></span> <span class='ocrx_word' id='word_1_68' title='bbox 731 974 856 996; x_wconf 82' lang='lat' dir='ltr'><strong>accenso</strong></span> <span class='ocrx_word' id='word_1_69' title='bbox 870 973 1005 1004; x_wconf 84' lang='lat' dir='ltr'><strong>corpore.</strong></span> <span class='ocrx_word' id='word_1_70' title='bbox 1035 965 1082 996; x_wconf 87' lang='lat' dir='ltr'><strong>Et</strong></span> <span class='ocrx_word' id='word_1_71' title='bbox 1094 974 1164 1003; x_wconf 75' lang='lat' dir='ltr'><strong>Jam</strong></span> <span class='ocrx_word' id='word_1_72' title='bbox 1177 964 1274 996; x_wconf 80' lang='lat' dir='ltr'><strong>sentit</strong></span> <span class='ocrx_word' id='word_1_73' title='bbox 1288 964 1375 997; x_wconf 77' lang='lat' dir='ltr'><strong>intra</strong></span> <span class='ocrx_word' id='word_1_74' title='bbox 1389 974 1423 998; x_wconf 77' lang='lat' dir='ltr'><strong>ee</strong></span> <span class='ocrx_word' id='word_1_75' title='bbox 1435 964 1727 1006; x_wconf 62' lang='lat' dir='ltr'><strong>crepitarefltlmem</strong></span> 
     </span>
     <span class='ocr_line' id='line_1_14' title="bbox 273 1005 1727 1047; baseline 0.002 -11"><span class='ocrx_word' id='word_1_76' title='bbox 273 1009 305 1036; x_wconf 85' lang='lat' dir='ltr'><strong>et</strong></span> <span class='ocrx_word' id='word_1_77' title='bbox 320 1005 482 1042; x_wconf 67' lang='lat' dir='ltr'><strong>cassidem,</strong></span> <span class='ocrx_word' id='word_1_78' title='bbox 497 1009 528 1038; x_wconf 84' lang='lat' dir='ltr'><strong>et</strong></span> <span class='ocrx_word' id='word_1_79' title='bbox 550 1006 665 1045; x_wconf 73' lang='lat' dir='ltr'><strong>crines,</strong></span> <span class='ocrx_word' id='word_1_80' title='bbox 682 1009 712 1038; x_wconf 87' lang='lat' dir='ltr'><strong>et</strong></span> <span class='ocrx_word' id='word_1_81' title='bbox 735 1008 809 1038; x_wconf 82' lang='lat' dir='ltr'><strong>dam</strong></span> <span class='ocrx_word' id='word_1_82' title='bbox 822 1007 936 1038; x_wconf 80' lang='lat' dir='ltr'><strong>nititur</strong></span> <span class='ocrx_word' id='word_1_83' title='bbox 949 1016 1044 1038; x_wconf 77' lang='lat' dir='ltr'><strong>manu</strong></span> <span class='ocrx_word' id='word_1_84' title='bbox 1056 1007 1219 1038; x_wconf 76' lang='lat' dir='ltr'><strong>detrahere</strong></span> <span class='ocrx_word' id='word_1_85' title='bbox 1232 1009 1390 1039; x_wconf 77' lang='lat' dir='ltr'><strong>ardentem</strong></span> <span class='ocrx_word' id='word_1_86' title='bbox 1403 1008 1543 1047; x_wconf 80' lang='lat' dir='ltr'><strong>loricam,</strong></span> <span class='ocrx_word' id='word_1_87' title='bbox 1555 1010 1727 1040; x_wconf 71' lang='lat' dir='ltr'><strong>contrectat</strong></span> 
     </span>
     <span class='ocr_line' id='line_1_15' title="bbox 273 1048 1726 1093; baseline 0.003 -14"><span class='ocrx_word' id='word_1_88' title='bbox 273 1057 369 1088; x_wconf 75' lang='lat' dir='ltr'><strong>supra</strong></span> <span class='ocrx_word' id='word_1_89' title='bbox 380 1051 488 1088; x_wconf 71' lang='lat' dir='ltr'><strong>pectus</strong></span> <span class='ocrx_word' id='word_1_90' title='bbox 500 1058 590 1081; x_wconf 72' lang='lat' dir='ltr'><strong>saum</strong></span> <span class='ocrx_word' id='word_1_91' title='bbox 602 1049 689 1088; x_wconf 73' lang='lat' dir='ltr'><strong>ferri</strong></span> <span class='ocrx_word' id='word_1_92' title='bbox 709 1050 852 1081; x_wconf 79' lang='lat' dir='ltr'><strong>cinerem.</strong></span> <span class='ocrx_word' id='word_1_93' title='bbox 896 1048 970 1080; x_wconf 83' lang='lat' dir='ltr'><strong>Stat</strong></span> <span class='ocrx_word' id='word_1_94' title='bbox 985 1053 1100 1090; x_wconf 81' lang='lat' dir='ltr'><strong>tamen,</strong></span> <span class='ocrx_word' id='word_1_95' title='bbox 1112 1053 1144 1082; x_wconf 83' lang='lat' dir='ltr'><strong>et</strong></span> <span class='ocrx_word' id='word_1_96' title='bbox 1156 1053 1330 1082; x_wconf 76' lang='lat' dir='ltr'><strong>extremum</strong></span> <span class='ocrx_word' id='word_1_97' title='bbox 1342 1051 1488 1091; x_wconf 72' lang='lat' dir='ltr'><strong>epiritum</strong></span> <span class='ocrx_word' id='word_1_98' title='bbox 1503 1050 1726 1093; x_wconf 47' lang='lat' dir='ltr'><strong>proficiscen·</strong></span> 
     </span>
     <span class='ocr_line' id='line_1_16' title="bbox 273 1089 1727 1133; baseline 0.003 -11"><span class='ocrx_word' id='word_1_99' title='bbox 273 1100 381 1122; x_wconf 75' lang='lat' dir='ltr'><strong>versus</strong></span> <span class='ocrx_word' id='word_1_100' title='bbox 395 1089 429 1122; x_wconf 79' lang='lat' dir='ltr'><strong>in</strong></span> <span class='ocrx_word' id='word_1_101' title='bbox 443 1091 562 1131; x_wconf 85' lang='lat' dir='ltr'><strong>coelum,</strong></span> <span class='ocrx_word' id='word_1_102' title='bbox 578 1095 609 1122; x_wconf 87' lang='lat' dir='ltr'><strong>et</strong></span> <span class='ocrx_word' id='word_1_103' title='bbox 627 1091 776 1132; x_wconf 79' lang='lat' dir='ltr'><strong>applicuit</strong></span> <span class='ocrx_word' id='word_1_104' title='bbox 787 1091 950 1130; x_wconf 82' lang='lat' dir='ltr'><strong>fumantia</strong></span> <span class='ocrx_word' id='word_1_105' title='bbox 970 1094 1096 1131; x_wconf 81' lang='lat' dir='ltr'><strong>pectora</strong></span> <span class='ocrx_word' id='word_1_106' title='bbox 1110 1092 1224 1123; x_wconf 72' lang='lat' dir='ltr'><strong>odiosis</strong></span> <span class='ocrx_word' id='word_1_107' title='bbox 1237 1092 1395 1133; x_wconf 72' lang='lat' dir='ltr'><strong>moenibus,</strong></span> <span class='ocrx_word' id='word_1_108' title='bbox 1404 1103 1443 1126; x_wconf 78' lang='lat' dir='ltr'><strong>ne</strong></span> <span class='ocrx_word' id='word_1_109' title='bbox 1456 1093 1620 1125; x_wconf 76' lang='lat' dir='ltr'><strong>laberetur.</strong></span> <span class='ocrx_word' id='word_1_110' title='bbox 1663 1091 1727 1126; x_wconf 73' lang='lat' dir='ltr'><strong>Sed</strong></span> 
     </span>
     <span class='ocr_line' id='line_1_17' title="bbox 274 1133 1726 1177; baseline 0.002 -14"><span class='ocrx_word' id='word_1_111' title='bbox 274 1133 422 1164; x_wconf 77' lang='lat' dir='ltr'><strong>mortales</strong></span> <span class='ocrx_word' id='word_1_112' title='bbox 436 1136 526 1164; x_wconf 82' lang='lat' dir='ltr'><strong>artus</strong></span> <span class='ocrx_word' id='word_1_113' title='bbox 540 1134 712 1165; x_wconf 71' lang='lat' dir='ltr'><strong>destituunt</strong></span> <span class='ocrx_word' id='word_1_114' title='bbox 726 1134 839 1173; x_wconf 65' lang='lat' dir='ltr'><strong>vivam,</strong></span> <span class='ocrx_word' id='word_1_115' title='bbox 860 1134 1038 1174; x_wconf 69' lang='lat' dir='ltr'><strong>animusque</strong></span> <span class='ocrx_word' id='word_1_116' title='bbox 1051 1138 1215 1175; x_wconf 78' lang='lat' dir='ltr'><strong>separatur</strong></span> <span class='ocrx_word' id='word_1_117' title='bbox 1229 1145 1248 1166; x_wconf 89' lang='lat' dir='ltr'><strong>a</strong></span> <span class='ocrx_word' id='word_1_118' title='bbox 1262 1145 1398 1177; x_wconf 78' lang='lat' dir='ltr'><strong>corpore.</strong></span> <span class='ocrx_word' id='word_1_119' title='bbox 1440 1135 1480 1168; x_wconf 70' lang='lat' dir='ltr'><strong>St</strong></span> <span class='ocrx_word' id='word_1_120' title='bbox 1492 1134 1629 1168; x_wconf 67' lang='lat' dir='ltr'><strong>membra</strong></span> <span class='ocrx_word' id='word_1_121' title='bbox 1648 1143 1726 1175; x_wconf 63' lang='lat' dir='ltr'><strong>pau-</strong></span> 
     </span>
     <span class='ocr_line' id='line_1_18' title="bbox 274 1174 1288 1216; baseline 0.004 -10"><span class='ocrx_word' id='word_1_122' title='bbox 274 1174 337 1206; x_wconf 81' lang='lat' dir='ltr'><strong>lum</strong></span> <span class='ocrx_word' id='word_1_123' title='bbox 350 1175 450 1207; x_wconf 74' lang='lat' dir='ltr'><strong>serius</strong></span> <span class='ocrx_word' id='word_1_124' title='bbox 463 1175 660 1215; x_wconf 72' lang='lat' dir='ltr'><strong>defecissent,</strong></span> <span class='ocrx_word' id='word_1_125' title='bbox 679 1177 832 1216; x_wconf 76' lang='lat' dir='ltr'><strong>potuisset</strong></span> <span class='ocrx_word' id='word_1_126' title='bbox 845 1178 876 1208; x_wconf 82' lang='lat' dir='ltr'><strong>et</strong></span> <span class='ocrx_word' id='word_1_127' title='bbox 890 1176 1003 1207; x_wconf 82' lang='lat' dir='ltr'><strong>mereri</strong></span> <span class='ocrx_word' id='word_1_128' title='bbox 1015 1176 1288 1215; x_wconf 78' lang='lat' dir='ltr'><strong>alterumsulmen.</strong></span> 
     </span>
    </p>
   </div>
   <div class='ocr_carea' id='block_1_8' title="bbox 870 1268 951 1282">
    <p class='ocr_par' dir='ltr' id='par_1_9' title="bbox 870 1268 951 1282">
     <span class='ocr_line' id='line_1_19' title="bbox 870 1268 951 1282; baseline 0 0"><span class='ocrx_word' id='word_1_129' title='bbox 870 1268 951 1282; x_wconf 59' lang='grc' dir='ltr'><em>Μ</em></span> 
     </span>
    </p>
   </div>
   <div class='ocr_carea' id='block_1_9' title="bbox 952 1269 1114 1282">
    <p class='ocr_par' dir='ltr' id='par_1_10' title="bbox 952 1269 1114 1282">
     <span class='ocr_line' id='line_1_20' title="bbox 952 1269 1114 1282; baseline 0 1838"><span class='ocrx_word' id='word_1_130' title='bbox 952 1269 1114 1282; x_wconf 95' lang='lat' dir='ltr'><strong> </strong></span> 
     </span>
    </p>
   </div>
   <div class='ocr_carea' id='block_1_10' title="bbox 272 1333 1728 1885">
    <p class='ocr_par' dir='ltr' id='par_1_11' title="bbox 272 1333 1728 1885">
     <span class='ocr_line' id='line_1_21' title="bbox 274 1333 1727 1375; baseline 0.001 -9"><span class='ocrx_word' id='word_1_131' title='bbox 274 1333 406 1366; x_wconf 87' lang='lat' dir='ltr'><strong>duobus</strong></span> <span class='ocrx_word' id='word_1_132' title='bbox 422 1333 644 1375; x_wconf 82' lang='lat' dir='ltr'><strong>sequentibus</strong></span> <span class='ocrx_word' id='word_1_133' title='bbox 659 1334 782 1366; x_wconf 79' lang='lat' dir='ltr'><strong>absunt</strong></span> <span class='ocrx_word' id='word_1_134' title='bbox 797 1343 818 1366; x_wconf 81' lang='lat' dir='ltr'><strong>a</strong></span> <span class='ocrx_word' id='word_1_135' title='bbox 833 1333 1203 1367; x_wconf 78' lang='lat' dir='ltr'><strong>Behot.2.11an.Put.</strong></span> <span class='ocrx_word' id='word_1_136' title='bbox 1220 1339 1257 1367; x_wconf 88' lang='lat' dir='ltr'><strong>et</strong></span> <span class='ocrx_word' id='word_1_137' title='bbox 1273 1335 1394 1368; x_wconf 80' lang='lat' dir='ltr'><strong>Petav.</strong></span> <span class='ocrx_word' id='word_1_138' title='bbox 1435 1334 1447 1355; x_wconf 88' lang='lat'>‘</span> <span class='ocrx_word' id='word_1_139' title='bbox 1460 1335 1544 1368; x_wconf 76' lang='lat' dir='ltr'><strong>Tres</strong></span> <span class='ocrx_word' id='word_1_140' title='bbox 1558 1334 1593 1367; x_wconf 71' lang='lat' dir='ltr'><strong>lii</strong></span> <span class='ocrx_word' id='word_1_141' title='bbox 1607 1342 1727 1368; x_wconf 72' lang='lat' dir='ltr'><strong>venun</strong></span> 
     </span>
     <span class='ocr_line' id='line_1_22' title="bbox 272 1376 1726 1428; baseline 0.002 -21"><span class='ocrx_word' id='word_1_142' title='bbox 272 1385 386 1417; x_wconf 86' lang='lat' dir='ltr'><strong>neque</strong></span> <span class='ocrx_word' id='word_1_143' title='bbox 401 1376 538 1417; x_wconf 82' lang='lat' dir='ltr'><strong>Papinii</strong></span> <span class='ocrx_word' id='word_1_144' title='bbox 554 1380 646 1417; x_wconf 84' lang='lat' dir='ltr'><strong>sunt,</strong></span> <span class='ocrx_word' id='word_1_145' title='bbox 662 1385 772 1418; x_wconf 87' lang='lat' dir='ltr'><strong>neque</strong></span> <span class='ocrx_word' id='word_1_146' title='bbox 787 1377 821 1408; x_wconf 92' lang='lat' dir='ltr'><strong>in</strong></span> <span class='ocrx_word' id='word_1_147' title='bbox 838 1377 906 1408; x_wconf 90' lang='lat' dir='ltr'><strong>ullo</strong></span> <span class='ocrx_word' id='word_1_148' title='bbox 921 1381 1111 1409; x_wconf 86' lang='lat' dir='ltr'><strong>nostrorum</strong></span> <span class='ocrx_word' id='word_1_149' title='bbox 1127 1378 1375 1428; x_wconf 82' lang='lat' dir='ltr'><strong>exemplarium</strong></span> <span class='ocrx_word' id='word_1_150' title='bbox 1389 1377 1626 1411; x_wconf 80' lang='lat' dir='ltr'><strong>inveniuntur..</strong></span> <span class='ocrx_word' id='word_1_151' title='bbox 1655 1376 1726 1410; x_wconf 73' lang='lat' dir='ltr'><strong>Ab·</strong></span> 
     </span>
     <span class='ocr_line' id='line_1_23' title="bbox 272 1418 1726 1462; baseline 0.001 -12"><span class='ocrx_word' id='word_1_152' title='bbox 272 1418 414 1450; x_wconf 78' lang='lat' dir='ltr'><strong>fuerunt</strong></span> <span class='ocrx_word' id='word_1_153' title='bbox 428 1423 465 1450; x_wconf 88' lang='lat' dir='ltr'><strong>et</strong></span> <span class='ocrx_word' id='word_1_154' title='bbox 480 1418 619 1451; x_wconf 82' lang='lat' dir='ltr'><strong>Schotto</strong></span> <span class='ocrx_word' id='word_1_155' title='bbox 643 1419 775 1451; x_wconf 83' lang='lat' dir='ltr'><strong>collatis</strong></span> <span class='ocrx_word' id='word_1_156' title='bbox 799 1419 1015 1452; x_wconf 80' lang='lat' dir='ltr'><strong>membranis.</strong></span> <span class='ocrx_word' id='word_1_157' title='bbox 1059 1420 1187 1451; x_wconf 86' lang='lat' dir='ltr'><strong>Merito</strong></span> <span class='ocrx_word' id='word_1_158' title='bbox 1211 1420 1317 1461; x_wconf 77' lang='lat' dir='ltr'><strong>igitur</strong></span> <span class='ocrx_word' id='word_1_159' title='bbox 1330 1418 1593 1462; x_wconf 61' lang='lat' dir='ltr'><strong>expungantur!</strong></span> <span class='ocrx_word' id='word_1_160' title='bbox 1607 1419 1726 1452; x_wconf 63' lang='lat' dir='ltr'><strong>Barth.</strong></span> 
     </span>
     <span class='ocr_line' id='line_1_24' title="bbox 272 1460 1726 1503; baseline 0.001 -11"><span class='ocrx_word' id='word_1_161' title='bbox 272 1463 380 1493; x_wconf 79' lang='lat'>-933</span> <span class='ocrx_word' id='word_1_162' title='bbox 404 1460 510 1493; x_wconf 83' lang='lat' dir='ltr'><strong>Sentit</strong></span> <span class='ocrx_word' id='word_1_163' title='bbox 524 1464 556 1492; x_wconf 87' lang='lat' dir='ltr'><strong>et</strong></span> <span class='ocrx_word' id='word_1_164' title='bbox 580 1465 720 1493; x_wconf 82' lang='lat' dir='ltr'><strong>urentem</strong></span> <span class='ocrx_word' id='word_1_165' title='bbox 748 1462 841 1493; x_wconf 83' lang='lat' dir='ltr'><strong>Dan.</strong></span> <span class='ocrx_word' id='word_1_166' title='bbox 857 1461 939 1493; x_wconf 84' lang='lat' dir='ltr'><strong>Put.</strong></span> <span class='ocrx_word' id='word_1_167' title='bbox 957 1462 1080 1494; x_wconf 86' lang='lat' dir='ltr'><strong>Petav.</strong></span> <span class='ocrx_word' id='word_1_168' title='bbox 1098 1463 1203 1503; x_wconf 84' lang='lat' dir='ltr'><strong>Lang.</strong></span> <span class='ocrx_word' id='word_1_169' title='bbox 1218 1463 1320 1496; x_wconf 81' lang='lat' dir='ltr'><strong>Laur.</strong></span> <span class='ocrx_word' id='word_1_170' title='bbox 1343 1462 1476 1496; x_wconf 77' lang='lat' dir='ltr'><strong>Buslid.</strong></span> <span class='ocrx_word' id='word_1_171' title='bbox 1491 1461 1644 1503; x_wconf 73' lang='lat' dir='ltr'><strong>Lipoian.</strong></span> <span class='ocrx_word' id='word_1_172' title='bbox 1658 1461 1726 1494; x_wconf 76' lang='lat' dir='ltr'><strong>Be.-</strong></span> 
     </span>
     <span class='ocr_line' id='line_1_25' title="bbox 273 1502 1727 1546; baseline 0.001 -12"><span class='ocrx_word' id='word_1_173' title='bbox 273 1503 346 1535; x_wconf 85' lang='lat' dir='ltr'><strong>hot.</strong></span> <span class='ocrx_word' id='word_1_174' title='bbox 362 1507 391 1535; x_wconf 92' lang='lat'><strong>1.</strong></span> <span class='ocrx_word' id='word_1_175' title='bbox 406 1502 512 1535; x_wconf 89' lang='lat' dir='ltr'><strong>Aldd.</strong></span> <span class='ocrx_word' id='word_1_176' title='bbox 528 1503 638 1535; x_wconf 88' lang='lat' dir='ltr'><strong>Colin.</strong></span> <span class='ocrx_word' id='word_1_177' title='bbox 649 1504 779 1545; x_wconf 77' lang='lat' dir='ltr'><strong>Grypli.</strong></span> <span class='ocrx_word' id='word_1_178' title='bbox 794 1504 899 1536; x_wconf 80' lang='lat' dir='ltr'><strong>Basil.</strong></span> <span class='ocrx_word' id='word_1_179' title='bbox 913 1504 1028 1536; x_wconf 77' lang='lat' dir='ltr'><strong>Plant.</strong></span> <span class='ocrx_word' id='word_1_180' title='bbox 1039 1504 1269 1546; x_wconf 83' lang='lat' dir='ltr'><strong>Lindenbrog.</strong></span> <span class='ocrx_word' id='word_1_181' title='bbox 1284 1510 1320 1536; x_wconf 85' lang='lat' dir='ltr'><strong>et</strong></span> <span class='ocrx_word' id='word_1_182' title='bbox 1336 1505 1437 1537; x_wconf 85' lang='lat' dir='ltr'><strong>Cruc.</strong></span> <span class='ocrx_word' id='word_1_183' title='bbox 1451 1505 1572 1538; x_wconf 69' lang='lat' dir='ltr'><strong>Belum.</strong></span> <span class='ocrx_word' id='word_1_184' title='bbox 1579 1506 1613 1537; x_wconf 90' lang='grc'><strong>2.</strong></span> <span class='ocrx_word' id='word_1_185' title='bbox 1621 1513 1727 1545; x_wconf 75' lang='lat' dir='ltr'><strong>nnpra</strong></span> 
     </span>
     <span class='ocr_line' id='line_1_26' title="bbox 272 1515 1725 1587; baseline 0.001 -11"><span class='ocrx_word' id='word_1_186' title='bbox 272 1545 311 1577; x_wconf 77' lang='grc' dir='ltr'><strong>τὸ</strong></span> <span class='ocrx_word' id='word_1_187' title='bbox 322 1546 465 1586; x_wconf 75' lang='lat' dir='ltr'><strong>stridere,</strong></span> <span class='ocrx_word' id='word_1_188' title='bbox 479 1546 513 1577; x_wconf 88' lang='lat' dir='ltr'><strong>in</strong></span> <span class='ocrx_word' id='word_1_189' title='bbox 529 1547 695 1587; x_wconf 81' lang='lat' dir='ltr'><strong>superiori</strong></span> <span class='ocrx_word' id='word_1_190' title='bbox 712 1556 826 1585; x_wconf 78' lang='lat' dir='ltr'><strong>versu,</strong></span> <span class='ocrx_word' id='word_1_191' title='bbox 841 1547 1006 1587; x_wconf 74' lang='lat' dir='ltr'><strong>scriptum</strong></span> <span class='ocrx_word' id='word_1_192' title='bbox 1020 1547 1127 1579; x_wconf 81' lang='lat' dir='ltr'><strong>habet</strong></span> <span class='ocrx_word' id='word_1_193' title='bbox 1143 1515 1259 1579; x_wconf 71' lang='lat' dir='ltr'><strong>sentitg</strong></span> <span class='ocrx_word' id='word_1_194' title='bbox 1274 1547 1364 1579; x_wconf 80' lang='lat' dir='ltr'><strong>Vide</strong></span> <span class='ocrx_word' id='word_1_195' title='bbox 1379 1547 1532 1580; x_wconf 75' lang='lat' dir='ltr'><strong>Gronov,</strong></span> <span class='ocrx_word' id='word_1_196' title='bbox 1545 1546 1652 1579; x_wconf 70' lang='lat' dir='ltr'><strong>Obu-</strong></span> <span class='ocrx_word' id='word_1_197' title='bbox 1664 1545 1725 1584; x_wconf 71' lang='lat' dir='ltr'><strong>lib,</strong></span> 
     </span>
     <span class='ocr_line' id='line_1_27' title="bbox 272 1588 1726 1630; baseline 0 -10"><span class='ocrx_word' id='word_1_198' title='bbox 272 1597 319 1620; x_wconf 89' lang='lat'><strong>11.</strong></span> <span class='ocrx_word' id='word_1_199' title='bbox 334 1597 411 1629; x_wconf 84' lang='lat' dir='ltr'><strong>cap.</strong></span> <span class='ocrx_word' id='word_1_200' title='bbox 427 1591 460 1619; x_wconf 78' lang='grc'><strong>4.</strong></span> <span class='ocrx_word' id='word_1_201' title='bbox 462 1591 566 1620; x_wconf 82' lang='lat'>—935</span> <span class='ocrx_word' id='word_1_202' title='bbox 591 1588 700 1620; x_wconf 90' lang='lat' dir='ltr'><strong>Codd.</strong></span> <span class='ocrx_word' id='word_1_203' title='bbox 726 1589 994 1630; x_wconf 82' lang='lat' dir='ltr'><strong>Lindenbrogii:</strong></span> <span class='ocrx_word' id='word_1_204' title='bbox 1016 1598 1124 1621; x_wconf 73' lang='lat' dir='ltr'><strong>versus</strong></span> <span class='ocrx_word' id='word_1_205' title='bbox 1142 1589 1283 1621; x_wconf 74' lang='lat' dir='ltr'><strong>adhoesit.</strong></span> <span class='ocrx_word' id='word_1_206' title='bbox 1285 1593 1390 1622; x_wconf 76' lang='grc'>-937</span> <span class='ocrx_word' id='word_1_207' title='bbox 1412 1588 1726 1629; x_wconf 74' lang='lat' dir='ltr'><strong>Provirmlegen-</strong></span> 
     </span>
     <span class='ocr_line' id='line_1_28' title="bbox 273 1631 1727 1672; baseline 0.001 -11"><span class='ocrx_word' id='word_1_208' title='bbox 273 1631 355 1662; x_wconf 86' lang='lat' dir='ltr'><strong>dum</strong></span> <span class='ocrx_word' id='word_1_209' title='bbox 380 1640 456 1662; x_wconf 80' lang='lat' dir='ltr'><strong>esse</strong></span> <span class='ocrx_word' id='word_1_210' title='bbox 480 1631 618 1662; x_wconf 76' lang='lat' dir='ltr'><strong>animam</strong></span> <span class='ocrx_word' id='word_1_211' title='bbox 643 1640 685 1662; x_wconf 90' lang='lat' dir='ltr'><strong>ex</strong></span> <span class='ocrx_word' id='word_1_212' title='bbox 702 1632 784 1662; x_wconf 88' lang='lat' dir='ltr'><strong>Vet.</strong></span> <span class='ocrx_word' id='word_1_213' title='bbox 811 1631 925 1663; x_wconf 86' lang='lat' dir='ltr'><strong>Schol.</strong></span> <span class='ocrx_word' id='word_1_214' title='bbox 951 1635 1049 1672; x_wconf 87' lang='lat' dir='ltr'><strong>putat</strong></span> <span class='ocrx_word' id='word_1_215' title='bbox 1074 1632 1288 1663; x_wconf 79' lang='lat' dir='ltr'><strong>Burmannus</strong></span> <span class='ocrx_word' id='word_1_216' title='bbox 1303 1631 1346 1664; x_wconf 90' lang='lat' dir='ltr'><strong>ad</strong></span> <span class='ocrx_word' id='word_1_217' title='bbox 1373 1631 1478 1665; x_wconf 87' lang='lat' dir='ltr'><strong>Ovid.</strong></span> <span class='ocrx_word' id='word_1_218' title='bbox 1492 1631 1580 1663; x_wconf 85' lang='lat' dir='ltr'><strong>Met.</strong></span> <span class='ocrx_word' id='word_1_219' title='bbox 1595 1639 1637 1663; x_wconf 87' lang='grc' dir='ltr'><strong>ιι.</strong></span> <span class='ocrx_word' id='word_1_220' title='bbox 1650 1632 1727 1662; x_wconf 74' lang='grc'><strong>812.</strong></span> 
     </span>
     <span class='ocr_line' id='line_1_29' title="bbox 272 1672 1728 1714; baseline 0 -9"><span class='ocrx_word' id='word_1_221' title='bbox 272 1673 392 1714; x_wconf 85' lang='lat' dir='ltr'><strong>Negat</strong></span> <span class='ocrx_word' id='word_1_222' title='bbox 410 1672 633 1705; x_wconf 84' lang='lat' dir='ltr'><strong>Marklandus</strong></span> <span class='ocrx_word' id='word_1_223' title='bbox 650 1672 692 1704; x_wconf 91' lang='lat' dir='ltr'><strong>ad</strong></span> <span class='ocrx_word' id='word_1_224' title='bbox 707 1673 801 1714; x_wconf 80' lang='lat' dir='ltr'><strong>Sylv.</strong></span> <span class='ocrx_word' id='word_1_225' title='bbox 816 1682 874 1705; x_wconf 88' lang='lat'>111.</span> <span class='ocrx_word' id='word_1_226' title='bbox 889 1676 920 1705; x_wconf 90' lang='lat'><strong>1.</strong></span> <span class='ocrx_word' id='word_1_227' title='bbox 935 1676 990 1705; x_wconf 87' lang='grc'><strong>90.</strong></span> <span class='ocrx_word' id='word_1_228' title='bbox 991 1675 1128 1705; x_wconf 77' lang='lat'>-938‘</span> <span class='ocrx_word' id='word_1_229' title='bbox 1147 1674 1311 1706; x_wconf 84' lang='lat' dir='ltr'><strong>Nonnulli</strong></span> <span class='ocrx_word' id='word_1_230' title='bbox 1334 1673 1413 1706; x_wconf 89' lang='lat' dir='ltr'><strong>libri</strong></span> <span class='ocrx_word' id='word_1_231' title='bbox 1436 1674 1590 1706; x_wconf 73' lang='lat' dir='ltr'><strong>inserunt</strong></span> <span class='ocrx_word' id='word_1_232' title='bbox 1614 1672 1728 1705; x_wconf 78' lang='lat' dir='ltr'><strong>excla-</strong></span> 
     </span>
     <span class='ocr_line' id='line_1_30' title="bbox 272 1715 1728 1765; baseline -0.001 -18"><span class='ocrx_word' id='word_1_233' title='bbox 272 1715 516 1748; x_wconf 85' lang='lat' dir='ltr'><strong>matiunculam</strong></span> <span class='ocrx_word' id='word_1_234' title='bbox 531 1725 549 1746; x_wconf 89' lang='grc' dir='ltr'><strong>ο</strong></span> <span class='ocrx_word' id='word_1_235' title='bbox 563 1715 605 1755; x_wconf 79' lang='lat' dir='ltr'><strong>si,</strong></span> <span class='ocrx_word' id='word_1_236' title='bbox 620 1716 711 1757; x_wconf 90' lang='lat' dir='ltr'><strong>quod</strong></span> <span class='ocrx_word' id='word_1_237' title='bbox 728 1720 927 1747; x_wconf 85' lang='lat' dir='ltr'><strong>annotatum</strong></span> <span class='ocrx_word' id='word_1_238' title='bbox 943 1715 987 1747; x_wconf 88' lang='lat' dir='ltr'><strong>de</strong></span> <span class='ocrx_word' id='word_1_239' title='bbox 1003 1716 1072 1747; x_wconf 79' lang='lat' dir='ltr'><strong>suis</strong></span> <span class='ocrx_word' id='word_1_240' title='bbox 1087 1715 1190 1748; x_wconf 80' lang='lat' dir='ltr'><strong>etiam</strong></span> <span class='ocrx_word' id='word_1_241' title='bbox 1207 1716 1401 1748; x_wconf 83' lang='lat' dir='ltr'><strong>Bernartio.</strong></span> <span class='ocrx_word' id='word_1_242' title='bbox 1434 1716 1603 1765; x_wconf 71' lang='lat' dir='ltr'><strong>Optimus</strong></span> <span class='ocrx_word' id='word_1_243' title='bbox 1611 1719 1728 1747; x_wconf 72' lang='lat' dir='ltr'><strong>noster</strong></span> 
     </span>
     <span class='ocr_line' id='line_1_31' title="bbox 273 1757 1727 1800; baseline -0.001 -11"><span class='ocrx_word' id='word_1_244' title='bbox 273 1758 357 1789; x_wconf 83' lang='lat' dir='ltr'><strong>nihil</strong></span> <span class='ocrx_word' id='word_1_245' title='bbox 370 1762 494 1798; x_wconf 89' lang='lat' dir='ltr'><strong>mutat,</strong></span> <span class='ocrx_word' id='word_1_246' title='bbox 507 1766 620 1799; x_wconf 80' lang='lat' dir='ltr'><strong>neque</strong></span> <span class='ocrx_word' id='word_1_247' title='bbox 632 1762 687 1790; x_wconf 87' lang='lat' dir='ltr'><strong>est</strong></span> <span class='ocrx_word' id='word_1_248' title='bbox 700 1767 762 1789; x_wconf 89' lang='lat' dir='ltr'><strong>cur</strong></span> <span class='ocrx_word' id='word_1_249' title='bbox 773 1758 953 1800; x_wconf 85' lang='lat' dir='ltr'><strong>quicquam</strong></span> <span class='ocrx_word' id='word_1_250' title='bbox 964 1758 1153 1790; x_wconf 87' lang='lat' dir='ltr'><strong>novandum</strong></span> <span class='ocrx_word' id='word_1_251' title='bbox 1165 1758 1392 1791; x_wconf 63' lang='lat' dir='ltr'><strong>arbitremur:</strong></span> <span class='ocrx_word' id='word_1_252' title='bbox 1404 1758 1522 1790; x_wconf 67' lang='lat' dir='ltr'><strong>Barth.</strong></span> <span class='ocrx_word' id='word_1_253' title='bbox 1542 1767 1561 1789; x_wconf 86' lang='lat' dir='ltr'><strong>o</strong></span> <span class='ocrx_word' id='word_1_254' title='bbox 1574 1757 1604 1789; x_wconf 72' lang='grc' dir='ltr'><strong>α’</strong></span> <span class='ocrx_word' id='word_1_255' title='bbox 1617 1757 1727 1798; x_wconf 68' lang='lat' dir='ltr'><strong>Lang.</strong></span> 
     </span>
     <span class='ocr_line' id='line_1_32' title="bbox 273 1799 1726 1843; baseline 0 -11"><span class='ocrx_word' id='word_1_256' title='bbox 273 1800 376 1832; x_wconf 82' lang='lat' dir='ltr'><strong>Laur.</strong></span> <span class='ocrx_word' id='word_1_257' title='bbox 392 1800 522 1832; x_wconf 85' lang='lat' dir='ltr'><strong>Buslid.</strong></span> <span class='ocrx_word' id='word_1_258' title='bbox 538 1799 688 1841; x_wconf 78' lang='lat' dir='ltr'><strong>Lipsian.</strong></span> <span class='ocrx_word' id='word_1_259' title='bbox 690 1803 798 1832; x_wconf 82' lang='lat'><strong>——939</strong></span> <span class='ocrx_word' id='word_1_260' title='bbox 820 1800 875 1841; x_wconf 88' lang='lat' dir='ltr'><strong>Op</strong></span> <span class='ocrx_word' id='word_1_261' title='bbox 880 1801 970 1832; x_wconf 83' lang='lat' dir='ltr'><strong>timae</strong></span> <span class='ocrx_word' id='word_1_262' title='bbox 986 1801 1120 1833; x_wconf 86' lang='lat' dir='ltr'><strong>Barthii</strong></span> <span class='ocrx_word' id='word_1_263' title='bbox 1134 1801 1362 1833; x_wconf 86' lang='lat' dir='ltr'><strong>membranae.</strong></span> <span class='ocrx_word' id='word_1_264' title='bbox 1382 1803 1509 1843; x_wconf 69' lang='lat' dir='ltr'><strong>potent</strong></span> <span class='ocrx_word' id='word_1_265' title='bbox 1523 1799 1646 1839; x_wconf 65' lang='lat' dir='ltr'><strong>salumn</strong></span> <span class='ocrx_word' id='word_1_266' title='bbox 1659 1809 1726 1840; x_wconf 76' lang='lat' dir='ltr'><strong>epe—</strong></span> 
     </span>
     <span class='ocr_line' id='line_1_33' title="bbox 272 1811 989 1885; baseline 0.001 -11"><span class='ocrx_word' id='word_1_267' title='bbox 272 1852 345 1875; x_wconf 85' lang='lat' dir='ltr'><strong>rare</strong></span> <span class='ocrx_word' id='word_1_268' title='bbox 358 1844 546 1881; x_wconf 72' lang='lat' dir='ltr'><strong>secundum5</strong></span> <span class='ocrx_word' id='word_1_269' title='bbox 569 1842 661 1884; x_wconf 91' lang='lat' dir='ltr'><strong>quod</strong></span> <span class='ocrx_word' id='word_1_270' title='bbox 675 1843 733 1875; x_wconf 87' lang='lat' dir='ltr'><strong>ille</strong></span> <span class='ocrx_word' id='word_1_271' title='bbox 745 1852 861 1875; x_wconf 84' lang='lat' dir='ltr'><strong>verum</strong></span> <span class='ocrx_word' id='word_1_272' title='bbox 855 1811 989 1885; x_wconf 25' lang='grc' dir='ltr'><strong>Ἡραιεῖ</strong></span> 
     </span>
    </p>
   </div>
   <div class='ocr_carea' id='block_1_11' title="bbox 931 1921 1075 1955">
    <p class='ocr_par' dir='ltr' id='par_1_12' title="bbox 931 1921 1075 1955">
     <span class='ocr_line' id='line_1_34' title="bbox 931 1921 1075 1955; baseline 0.007 -1"><span class='ocrx_word' id='word_1_273' title='bbox 931 1921 1075 1955; x_wconf 82' lang='lat' dir='ltr'><strong>NOTAE</strong></span> 
     </span>
    </p>
   </div>
   <div class='ocr_carea' id='block_1_12' title="bbox 274 1983 1727 2080">
    <p class='ocr_par' dir='ltr' id='par_1_13' title="bbox 274 1983 1727 2080">
     <span class='ocr_line' id='line_1_35' title="bbox 315 1983 1727 2028; baseline -0.004 -7"><span class='ocrx_word' id='word_1_274' title='bbox 315 1991 379 2021; x_wconf 83' lang='lat'><strong>931</strong></span> <span class='ocrx_word' id='word_1_275' title='bbox 406 1988 477 2025; x_wconf 77' lang='lat' dir='ltr'><strong>Quo</strong></span> <span class='ocrx_word' id='word_1_276' title='bbox 510 1987 651 2028; x_wconf 80' lang='lat' dir='ltr'><strong>caderet]</strong></span> <span class='ocrx_word' id='word_1_277' title='bbox 673 1987 801 2019; x_wconf 91' lang='lat' dir='ltr'><strong>Locum</strong></span> <span class='ocrx_word' id='word_1_278' title='bbox 823 1985 883 2018; x_wconf 89' lang='lat' dir='ltr'><strong>ubi</strong></span> <span class='ocrx_word' id='word_1_279' title='bbox 906 1985 972 2018; x_wconf 84' lang='lat' dir='ltr'><strong>Ca·</strong></span> <span class='ocrx_word' id='word_1_280' title='bbox 1025 1995 1093 2018; x_wconf 89' lang='grc' dir='ltr'><strong>ιιοιι</strong></span> <span class='ocrx_word' id='word_1_281' title='bbox 1105 1986 1259 2027; x_wconf 73' lang='lat' dir='ltr'><strong>cessisse,</strong></span> <span class='ocrx_word' id='word_1_282' title='bbox 1271 1985 1332 2018; x_wconf 71' lang='lat' dir='ltr'><strong>sed</strong></span> <span class='ocrx_word' id='word_1_283' title='bbox 1344 1983 1427 2017; x_wconf 84' lang='lat' dir='ltr'><strong>forti</strong></span> <span class='ocrx_word' id='word_1_284' title='bbox 1441 1983 1552 2017; x_wconf 85' lang='lat' dir='ltr'><strong>auimo</strong></span> <span class='ocrx_word' id='word_1_285' title='bbox 1565 1992 1727 2026; x_wconf 74' lang='lat' dir='ltr'><strong>perseve-</strong></span> 
     </span>
     <span class='ocr_line' id='line_1_36' title="bbox 274 2034 1661 2080; baseline -0.004 -10"><span class='ocrx_word' id='word_1_286' title='bbox 274 2047 407 2080; x_wconf 80' lang='lat' dir='ltr'><strong>paueus</strong></span> <span class='ocrx_word' id='word_1_287' title='bbox 423 2036 562 2070; x_wconf 78' lang='lat' dir='ltr'><strong>fulmine</strong></span> <span class='ocrx_word' id='word_1_288' title='bbox 585 2046 766 2079; x_wconf 78' lang='lat' dir='ltr'><strong>percussus</strong></span> <span class='ocrx_word' id='word_1_289' title='bbox 788 2037 893 2078; x_wconf 89' lang='lat' dir='ltr'><strong>periit</strong></span> <span class='ocrx_word' id='word_1_290' title='bbox 914 2046 973 2068; x_wconf 87' lang='lat' dir='ltr'><strong>an·</strong></span> <span class='ocrx_word' id='word_1_291' title='bbox 1026 2045 1121 2068; x_wconf 80' lang='lat' dir='ltr'><strong>rasse</strong></span> <span class='ocrx_word' id='word_1_292' title='bbox 1136 2035 1171 2067; x_wconf 89' lang='lat' dir='ltr'><strong>in</strong></span> <span class='ocrx_word' id='word_1_293' title='bbox 1187 2044 1246 2067; x_wconf 78' lang='lat' dir='ltr'><strong>suo</strong></span> <span class='ocrx_word' id='word_1_294' title='bbox 1261 2035 1438 2076; x_wconf 81' lang='lat' dir='ltr'><strong>proposito</strong></span> <span class='ocrx_word' id='word_1_295' title='bbox 1453 2034 1661 2075; x_wconf 76' lang='lat' dir='ltr'><strong>Capaneum.</strong></span> 
     </span>
    </p>
   </div>
   <div class='ocr_carea' id='block_1_13' title="bbox 273 2086 978 2680">
    <p class='ocr_par' dir='ltr' id='par_1_14' title="bbox 273 2086 978 2378">
     <span class='ocr_line' id='line_1_37' title="bbox 273 2086 975 2121; baseline -0.003 -1"><span class='ocrx_word' id='word_1_296' title='bbox 273 2087 408 2121; x_wconf 82' lang='lat' dir='ltr'><strong>notavit</strong></span> <span class='ocrx_word' id='word_1_297' title='bbox 419 2088 605 2120; x_wconf 79' lang='lat' dir='ltr'><strong>Pausanias</strong></span> <span class='ocrx_word' id='word_1_298' title='bbox 622 2087 683 2119; x_wconf 88' lang='lat' dir='ltr'><strong>lib.</strong></span> <span class='ocrx_word' id='word_1_299' title='bbox 698 2095 750 2119; x_wconf 77' lang='grc' dir='ltr'><strong>ιιι.</strong></span> <span class='ocrx_word' id='word_1_300' title='bbox 795 2087 863 2118; x_wconf 87' lang='lat' dir='ltr'><strong>Via</strong></span> <span class='ocrx_word' id='word_1_301' title='bbox 878 2086 975 2118; x_wconf 87' lang='lat' dir='ltr'><strong>nimi-</strong></span> 
     </span>
     <span class='ocr_line' id='line_1_38' title="bbox 274 2136 976 2178; baseline 0.001 -9"><span class='ocrx_word' id='word_1_302' title='bbox 274 2147 350 2170; x_wconf 87' lang='lat' dir='ltr'><strong>rum</strong></span> <span class='ocrx_word' id='word_1_303' title='bbox 366 2147 387 2170; x_wconf 86' lang='lat' dir='ltr'><strong>a</strong></span> <span class='ocrx_word' id='word_1_304' title='bbox 402 2137 539 2169; x_wconf 73' lang='lat' dir='ltr'><strong>Plat&#39;aea</strong></span> <span class='ocrx_word' id='word_1_305' title='bbox 553 2137 596 2169; x_wconf 87' lang='lat' dir='ltr'><strong>ad</strong></span> <span class='ocrx_word' id='word_1_306' title='bbox 618 2136 827 2169; x_wconf 85' lang='lat' dir='ltr'><strong>Electridem</strong></span> <span class='ocrx_word' id='word_1_307' title='bbox 842 2141 976 2178; x_wconf 85' lang='lat' dir='ltr'><strong>portam</strong></span> 
     </span>
     <span class='ocr_line' id='line_1_39' title="bbox 274 2185 976 2228; baseline 0 -9"><span class='ocrx_word' id='word_1_308' title='bbox 274 2186 438 2227; x_wconf 88' lang='lat' dir='ltr'><strong>ducente,</strong></span> <span class='ocrx_word' id='word_1_309' title='bbox 452 2190 589 2218; x_wconf 78' lang='lat' dir='ltr'><strong>secutus</strong></span> <span class='ocrx_word' id='word_1_310' title='bbox 613 2185 821 2227; x_wconf 76' lang='lat' dir='ltr'><strong>AEschylum,</strong></span> <span class='ocrx_word' id='word_1_311' title='bbox 845 2186 904 2228; x_wconf 87' lang='lat' dir='ltr'><strong>qui</strong></span> <span class='ocrx_word' id='word_1_312' title='bbox 927 2186 976 2219; x_wconf 88' lang='lat' dir='ltr'><strong>ibi</strong></span> 
     </span>
     <span class='ocr_line' id='line_1_40' title="bbox 274 2236 978 2278; baseline -0.001 -9"><span class='ocrx_word' id='word_1_313' title='bbox 274 2237 320 2269; x_wconf 87' lang='lat' dir='ltr'><strong>ab</strong></span> <span class='ocrx_word' id='word_1_314' title='bbox 334 2247 375 2269; x_wconf 85' lang='lat' dir='ltr'><strong>eo</strong></span> <span class='ocrx_word' id='word_1_315' title='bbox 387 2240 575 2278; x_wconf 84' lang='lat' dir='ltr'><strong>pugnatum</strong></span> <span class='ocrx_word' id='word_1_316' title='bbox 588 2236 682 2269; x_wconf 82' lang='lat' dir='ltr'><strong>dicit.</strong></span> <span class='ocrx_word' id='word_1_317' title='bbox 725 2236 885 2269; x_wconf 87' lang='lat' dir='ltr'><strong>Fabulati</strong></span> <span class='ocrx_word' id='word_1_318' title='bbox 898 2238 978 2268; x_wconf 85' lang='lat' dir='ltr'><strong>sunt</strong></span> 
     </span>
     <span class='ocr_line' id='line_1_41' title="bbox 275 2285 975 2333; baseline 0 -15"><span class='ocrx_word' id='word_1_319' title='bbox 275 2287 491 2333; x_wconf 66' lang='lat' dir='ltr'><strong>demortuo</strong></span> <span class='ocrx_word' id='word_1_320' title='bbox 527 2285 646 2328; x_wconf 86' lang='lat' dir='ltr'><strong>aliqui,</strong></span> <span class='ocrx_word' id='word_1_321' title='bbox 678 2286 764 2318; x_wconf 80' lang='lat' dir='ltr'><strong>vivis</strong></span> <span class='ocrx_word' id='word_1_322' title='bbox 787 2285 975 2319; x_wconf 82' lang='lat' dir='ltr'><strong>redditum.</strong></span> 
     </span>
     <span class='ocr_line' id='line_1_42' title="bbox 274 2337 774 2378; baseline -0.004 -8"><span class='ocrx_word' id='word_1_323' title='bbox 274 2338 365 2371; x_wconf 88' lang='lat' dir='ltr'><strong>Vide</strong></span> <span class='ocrx_word' id='word_1_324' title='bbox 379 2337 628 2378; x_wconf 87' lang='lat' dir='ltr'><strong>Apollodorum</strong></span> <span class='ocrx_word' id='word_1_325' title='bbox 643 2337 702 2369; x_wconf 84' lang='lat' dir='ltr'><strong>lib.</strong></span> <span class='ocrx_word' id='word_1_326' title='bbox 717 2345 774 2369; x_wconf 90' lang='grc' dir='ltr'><strong>ιιι.</strong></span> 
     </span>
    </p>

    <p class='ocr_par' dir='ltr' id='par_1_15' title="bbox 274 2384 976 2622">
     <span class='ocr_line' id='line_1_43' title="bbox 318 2384 975 2427; baseline -0.005 -7"><span class='ocrx_word' id='word_1_327' title='bbox 318 2391 383 2421; x_wconf 80' lang='lat'><strong>932</strong></span> <span class='ocrx_word' id='word_1_328' title='bbox 406 2388 499 2420; x_wconf 80' lang='lat' dir='ltr'><strong>Intra</strong></span> <span class='ocrx_word' id='word_1_329' title='bbox 522 2397 555 2420; x_wconf 87' lang='lat' dir='ltr'><strong>se</strong></span> <span class='ocrx_word' id='word_1_330' title='bbox 575 2387 709 2419; x_wconf 76' lang='lat' dir='ltr'><strong>stridere</strong></span> <span class='ocrx_word' id='word_1_331' title='bbox 727 2384 850 2427; x_wconf 80' lang='lat' dir='ltr'><strong>facem]</strong></span> <span class='ocrx_word' id='word_1_332' title='bbox 871 2385 975 2418; x_wconf 84' lang='lat' dir='ltr'><strong>Hunc</strong></span> 
     </span>
     <span class='ocr_line' id='line_1_44' title="bbox 274 2433 975 2478; baseline -0.003 -9"><span class='ocrx_word' id='word_1_333' title='bbox 274 2447 412 2470; x_wconf 85' lang='lat' dir='ltr'><strong>versum</strong></span> <span class='ocrx_word' id='word_1_334' title='bbox 449 2442 487 2470; x_wconf 90' lang='lat' dir='ltr'><strong>et</strong></span> <span class='ocrx_word' id='word_1_335' title='bbox 518 2437 603 2470; x_wconf 82' lang='lat' dir='ltr'><strong>duos</strong></span> <span class='ocrx_word' id='word_1_336' title='bbox 635 2433 820 2478; x_wconf 75' lang='lat' dir='ltr'><strong>sequentes</strong></span> <span class='ocrx_word' id='word_1_337' title='bbox 862 2435 975 2477; x_wconf 83' lang='lat' dir='ltr'><strong>rejicit</strong></span> 
     </span>
     <span class='ocr_line' id='line_1_45' title="bbox 275 2485 976 2529; baseline -0.006 -9"><span class='ocrx_word' id='word_1_338' title='bbox 275 2487 432 2528; x_wconf 84' lang='lat' dir='ltr'><strong>Guyetus</strong></span> <span class='ocrx_word' id='word_1_339' title='bbox 471 2492 634 2529; x_wconf 87' lang='lat' dir='ltr'><strong>tanquam</strong></span> <span class='ocrx_word' id='word_1_340' title='bbox 662 2485 912 2527; x_wconf 78' lang='lat' dir='ltr'><strong>supposititios,</strong></span> <span class='ocrx_word' id='word_1_341' title='bbox 939 2489 976 2516; x_wconf 83' lang='lat' dir='ltr'><strong>et</strong></span> 
     </span>
     <span class='ocr_line' id='line_1_46' title="bbox 275 2535 975 2579; baseline -0.007 -7"><span class='ocrx_word' id='word_1_342' title='bbox 275 2538 387 2572; x_wconf 81' lang='lat' dir='ltr'><strong>Statio</strong></span> <span class='ocrx_word' id='word_1_343' title='bbox 413 2538 581 2579; x_wconf 83' lang='lat' dir='ltr'><strong>indignos.</strong></span> <span class='ocrx_word' id='word_1_344' title='bbox 625 2538 757 2571; x_wconf 83' lang='lat' dir='ltr'><strong>Extant</strong></span> <span class='ocrx_word' id='word_1_345' title='bbox 783 2536 819 2569; x_wconf 84' lang='lat' dir='ltr'><strong>in</strong></span> <span class='ocrx_word' id='word_1_346' title='bbox 840 2535 975 2579; x_wconf 73' lang='lat' dir='ltr'><strong>quibus-</strong></span> 
     </span>
     <span class='ocr_line' id='line_1_47' title="bbox 275 2588 455 2622; baseline -0.006 -1"><span class='ocrx_word' id='word_1_347' title='bbox 275 2589 353 2622; x_wconf 87' lang='lat' dir='ltr'><strong>dam</strong></span> <span class='ocrx_word' id='word_1_348' title='bbox 370 2588 455 2621; x_wconf 85' lang='lat' dir='ltr'>Mss.</span> 
     </span>
    </p>

    <p class='ocr_par' dir='ltr' id='par_1_16' title="bbox 319 2638 976 2680">
     <span class='ocr_line' id='line_1_48' title="bbox 319 2638 976 2680; baseline -0.005 -8"><span class='ocrx_word' id='word_1_349' title='bbox 319 2642 384 2672; x_wconf 80' lang='lat'><strong>936</strong></span> <span class='ocrx_word' id='word_1_350' title='bbox 418 2638 566 2680; x_wconf 82' lang='lat' dir='ltr'><strong>Pectora]</strong></span> <span class='ocrx_word' id='word_1_351' title='bbox 602 2638 703 2673; x_wconf 83' lang='lat' dir='ltr'><strong>Quod</strong></span> <span class='ocrx_word' id='word_1_352' title='bbox 738 2638 870 2680; x_wconf 78' lang='lat' dir='ltr'><strong>signum</strong></span> <span class='ocrx_word' id='word_1_353' title='bbox 899 2639 976 2670; x_wconf 82' lang='lat' dir='ltr'><strong>erat</strong></span> 
     </span>
    </p>
   </div>
   <div class='ocr_carea' id='block_1_14' title="bbox 1026 2082 1728 2677">
    <p class='ocr_par' dir='ltr' id='par_1_17' title="bbox 1029 2082 1726 2178">
     <span class='ocr_line' id='line_1_49' title="bbox 1071 2082 1726 2126; baseline -0.005 -8"><span class='ocrx_word' id='word_1_354' title='bbox 1071 2088 1134 2118; x_wconf 73' lang='lat'><strong>93⁷</strong></span> <span class='ocrx_word' id='word_1_355' title='bbox 1159 2086 1212 2118; x_wconf 90' lang='lat' dir='ltr'><strong>Ne</strong></span> <span class='ocrx_word' id='word_1_356' title='bbox 1233 2084 1371 2126; x_wconf 75' lang='lat' dir='ltr'><strong>caderet]</strong></span> <span class='ocrx_word' id='word_1_357' title='bbox 1391 2083 1460 2116; x_wconf 86' lang='lat' dir='ltr'><strong>Hic</strong></span> <span class='ocrx_word' id='word_1_358' title='bbox 1475 2092 1593 2116; x_wconf 75' lang='lat' dir='ltr'><strong>versus</strong></span> <span class='ocrx_word' id='word_1_359' title='bbox 1606 2087 1644 2116; x_wconf 77' lang='lat' dir='ltr'><strong>et</strong></span> <span class='ocrx_word' id='word_1_360' title='bbox 1657 2082 1726 2116; x_wconf 76' lang='lat' dir='ltr'><strong>duo</strong></span> 
     </span>
     <span class='ocr_line' id='line_1_50' title="bbox 1029 2133 1641 2178; baseline -0.007 -10"><span class='ocrx_word' id='word_1_361' title='bbox 1029 2139 1212 2178; x_wconf 78' lang='lat' dir='ltr'><strong>sequentes</strong></span> <span class='ocrx_word' id='word_1_362' title='bbox 1227 2135 1331 2167; x_wconf 83' lang='lat' dir='ltr'><strong>etiam</strong></span> <span class='ocrx_word' id='word_1_363' title='bbox 1345 2133 1480 2166; x_wconf 73' lang='lat' dir='ltr'><strong>innititii</strong></span> <span class='ocrx_word' id='word_1_364' title='bbox 1492 2133 1641 2174; x_wconf 78' lang='lat' dir='ltr'><strong>Guyeto.</strong></span> 
     </span>
    </p>

    <p class='ocr_par' dir='ltr' id='par_1_18' title="bbox 1027 2182 1728 2517">
     <span class='ocr_line' id='line_1_51' title="bbox 1072 2182 1728 2226; baseline -0.003 -8"><span class='ocrx_word' id='word_1_365' title='bbox 1072 2188 1138 2218; x_wconf 76' lang='lat'><strong>938</strong></span> <span class='ocrx_word' id='word_1_366' title='bbox 1165 2184 1361 2226; x_wconf 75' lang='lat' dir='ltr'><strong>Exuiturque</strong></span> <span class='ocrx_word' id='word_1_367' title='bbox 1374 2182 1512 2224; x_wconf 58' lang='lat' dir='ltr'><strong>annuae]</strong></span> <span class='ocrx_word' id='word_1_368' title='bbox 1533 2182 1626 2216; x_wconf 80' lang='lat' dir='ltr'><strong>Mite</strong></span> <span class='ocrx_word' id='word_1_369' title='bbox 1637 2182 1728 2217; x_wconf 68' lang='lat' dir='ltr'><strong>nanni-</strong></span> 
     </span>
     <span class='ocr_line' id='line_1_52' title="bbox 1029 2231 1727 2277; baseline -0.003 -9"><span class='ocrx_word' id='word_1_370' title='bbox 1029 2238 1084 2268; x_wconf 78' lang='lat' dir='ltr'><strong>tur</strong></span> <span class='ocrx_word' id='word_1_371' title='bbox 1110 2236 1211 2276; x_wconf 86' lang='lat' dir='ltr'><strong>dixit,</strong></span> <span class='ocrx_word' id='word_1_372' title='bbox 1227 2235 1307 2277; x_wconf 82' lang='lat' dir='ltr'><strong>quia</strong></span> <span class='ocrx_word' id='word_1_373' title='bbox 1328 2234 1442 2266; x_wconf 79' lang='lat' dir='ltr'><strong>anima</strong></span> <span class='ocrx_word' id='word_1_374' title='bbox 1463 2241 1610 2274; x_wconf 85' lang='lat' dir='ltr'><strong>corpore</strong></span> <span class='ocrx_word' id='word_1_375' title='bbox 1631 2231 1727 2266; x_wconf 73' lang='lat' dir='ltr'><strong>exni-</strong></span> 
     </span>
     <span class='ocr_line' id='line_1_53' title="bbox 1029 2281 1728 2326; baseline -0.007 -8"><span class='ocrx_word' id='word_1_376' title='bbox 1029 2288 1109 2318; x_wconf 83' lang='lat' dir='ltr'><strong>tur:</strong></span> <span class='ocrx_word' id='word_1_377' title='bbox 1143 2284 1343 2326; x_wconf 82' lang='lat' dir='ltr'><strong>metaphora</strong></span> <span class='ocrx_word' id='word_1_378' title='bbox 1369 2287 1482 2316; x_wconf 76' lang='lat' dir='ltr'><strong>sumta</strong></span> <span class='ocrx_word' id='word_1_379' title='bbox 1507 2292 1529 2315; x_wconf 79' lang='lat' dir='ltr'><strong>a</strong></span> <span class='ocrx_word' id='word_1_380' title='bbox 1559 2281 1728 2316; x_wconf 69' lang='lat' dir='ltr'><strong>ventibus.</strong></span> 
     </span>
     <span class='ocr_line' id='line_1_54' title="bbox 1028 2332 1728 2375; baseline -0.006 -7"><span class='ocrx_word' id='word_1_381' title='bbox 1028 2336 1166 2368; x_wconf 71' lang='lat' dir='ltr'><strong>Paulum</strong></span> <span class='ocrx_word' id='word_1_382' title='bbox 1178 2334 1224 2375; x_wconf 75' lang='lat' dir='ltr'><strong>ei]</strong></span> <span class='ocrx_word' id='word_1_383' title='bbox 1238 2332 1400 2367; x_wconf 84' lang='lat' dir='ltr'><strong>Nonnulli</strong></span> <span class='ocrx_word' id='word_1_384' title='bbox 1412 2332 1491 2365; x_wconf 87' lang='lat' dir='ltr'><strong>libri</strong></span> <span class='ocrx_word' id='word_1_385' title='bbox 1503 2332 1658 2365; x_wconf 65' lang='lat' dir='ltr'><strong>inserunt</strong></span> <span class='ocrx_word' id='word_1_386' title='bbox 1668 2340 1728 2365; x_wconf 79' lang='lat' dir='ltr'><strong>ex-</strong></span> 
     </span>
     <span class='ocr_line' id='line_1_55' title="bbox 1028 2382 1728 2424; baseline -0.004 -7"><span class='ocrx_word' id='word_1_387' title='bbox 1028 2382 1266 2418; x_wconf 83' lang='lat' dir='ltr'><strong>clamationem</strong></span> <span class='ocrx_word' id='word_1_388' title='bbox 1295 2383 1325 2414; x_wconf 91' lang='grc' dir='ltr'><strong>Ο</strong></span> <span class='ocrx_word' id='word_1_389' title='bbox 1349 2382 1390 2424; x_wconf 74' lang='grc' dir='ltr'><strong>εἰ,</strong></span> <span class='ocrx_word' id='word_1_390' title='bbox 1412 2382 1502 2424; x_wconf 87' lang='lat' dir='ltr'><strong>quod</strong></span> <span class='ocrx_word' id='word_1_391' title='bbox 1526 2384 1728 2420; x_wconf 69' lang='lat' dir='ltr'><strong>annotatum</strong></span> 
     </span>
     <span class='ocr_line' id='line_1_56' title="bbox 1028 2430 1728 2470; baseline -0.006 -2"><span class='ocrx_word' id='word_1_392' title='bbox 1028 2435 1072 2468; x_wconf 82' lang='lat' dir='ltr'><strong>de</strong></span> <span class='ocrx_word' id='word_1_393' title='bbox 1087 2435 1156 2468; x_wconf 79' lang='lat' dir='ltr'><strong>suis</strong></span> <span class='ocrx_word' id='word_1_394' title='bbox 1175 2434 1367 2467; x_wconf 73' lang='lat' dir='ltr'><strong>Bemartio.</strong></span> <span class='ocrx_word' id='word_1_395' title='bbox 1410 2431 1478 2465; x_wconf 85' lang='lat' dir='ltr'><strong>Sed</strong></span> <span class='ocrx_word' id='word_1_396' title='bbox 1499 2430 1585 2465; x_wconf 85' lang='lat' dir='ltr'><strong>nihil</strong></span> <span class='ocrx_word' id='word_1_397' title='bbox 1598 2432 1728 2470; x_wconf 77' lang='lat' dir='ltr'><strong>mutan·</strong></span> 
     </span>
     <span class='ocr_line' id='line_1_57' title="bbox 1027 2484 1122 2517; baseline -0.013 0"><span class='ocrx_word' id='word_1_398' title='bbox 1027 2484 1122 2517; x_wconf 87' lang='lat' dir='ltr'><strong>dum.</strong></span> 
     </span>
    </p>

    <p class='ocr_par' dir='ltr' id='par_1_19' title="bbox 1026 2530 1728 2677">
     <span class='ocr_line' id='line_1_58' title="bbox 1069 2530 1728 2574; baseline 0 -8"><span class='ocrx_word' id='word_1_399' title='bbox 1069 2536 1134 2566; x_wconf 74' lang='lat'><strong>939</strong></span> <span class='ocrx_word' id='word_1_400' title='bbox 1158 2531 1345 2574; x_wconf 68' lang='lat' dir='ltr'><strong>Cessissent]</strong></span> <span class='ocrx_word' id='word_1_401' title='bbox 1365 2532 1442 2565; x_wconf 84' lang='lat' dir='ltr'><strong>Hoc</strong></span> <span class='ocrx_word' id='word_1_402' title='bbox 1465 2535 1532 2573; x_wconf 71' lang='lat' dir='ltr'><strong>ent,</strong></span> <span class='ocrx_word' id='word_1_403' title='bbox 1559 2530 1728 2566; x_wconf 70' lang='lat' dir='ltr'><strong>comanti</strong></span> 
     </span>
     <span class='ocr_line' id='line_1_59' title="bbox 1027 2581 1728 2626; baseline -0.003 -10"><span class='ocrx_word' id='word_1_404' title='bbox 1027 2583 1186 2621; x_wconf 64' lang='lat' dir='ltr'><strong>fument.</strong></span> <span class='ocrx_word' id='word_1_405' title='bbox 1230 2583 1404 2626; x_wconf 68' lang='lat' dir='ltr'><strong>Meruieoe]</strong></span> <span class='ocrx_word' id='word_1_406' title='bbox 1417 2582 1565 2619; x_wconf 79' lang='lat' dir='ltr'><strong>Quidam</strong></span> <span class='ocrx_word' id='word_1_407' title='bbox 1576 2581 1728 2619; x_wconf 69' lang='lat' dir='ltr'><strong>codices,</strong></span> 
     </span>
     <span class='ocr_line' id='line_1_60' title="bbox 1026 2635 1354 2677; baseline 0.003 -10"><span class='ocrx_word' id='word_1_408' title='bbox 1026 2643 1239 2677; x_wconf 75' lang='lat' dir='ltr'><strong>eperare,non</strong></span> <span class='ocrx_word' id='word_1_409' title='bbox 1255 2635 1354 2668; x_wconf 80' lang='lat' dir='ltr'><strong>male.</strong></span> 
     </span>
    </p>
   </div>
  </div>
 </body>
</html>
