1846 3120
631 232 918 266 THEBAIDOS
950 231 1047 264 Lm.
1079 233 1167 264 vll.

1518 221 1631 265 1149

158 335 217 379 Et
235 347 328 378 non
346 332 540 377 assuetis
560 343 734 388 pernox
755 330 946 381 ululavit
966 329 1152 373 Eleusin

157 403 415 455 Mensibus,
435 405 482 444 et
501 400 680 456 templis
700 400 864 455 Sparte
880 409 1087 454 praesaga
1103 398 1287 441 reclusis

155 470 290 517 Vidit
307 469 569 527 Amyclaeos
585 468 783 525 (facinus
800 464 834 522 !)
852 479 1113 509 concurrere
1132 466 1308 510 fratres.

156 539 361 584 Arcades
381 539 566 582 insanas
585 538 749 580 latrare
772 536 1001 592 Lycaonis
1017 535 1202 578 umbras

155 609 306 654 Nocte
323 607 471 651 ferunt
487 606 656 650 tacita:
688 618 815 648 saevo
836 604 1070 647 decurrere
1091 617 1257 660 campo

94 709 105 724 ,
156 676 428 720 OEnomaum
446 688 530 719 sua
550 674 662 717 Pisa
677 673 824 716 refert.
881 671 1117 715 Acheloon
1135 676 1326 729 utroque

1544 608 1632 652 415

155 744 415 789 Deformem
433 757 571 789 cornu
589 755 732 798 vagus
750 741 999 786 infamabat
1017 740 1241 784 Acarnan.

155 872 383 917 cmjet

406 875 489 918 c'qil
509 874 634 908 Eleusis
662 873 782 915 mugiit
808 873 948 908 insolitis
975 873 1175 916 temporibus,
1201 877 1234 908 et
1256 874 1393 916 proescia
1423 874 1631 909 Lacedaemon

90 932 92 934 ’
156 920 282 962 aspecit
304 919 444 953 delubris
466 919 585 962 apertis
597 918 723 959 fratres
742 917 920 960 Amyclaeos
946 916 1134 960 (monstrum
1144 917 1177 960 !)
1202 922 1311 951 contra
1334 928 1368 950 se
1388 919 1522 951 int-iem
1535 920 1632 952 dimi-

156 966 276 996 cantes.
321 962 464 996 Arcades
482 962 620 1004 produnt
642 960 772 993 rabidos
798 970 907 992 manes
925 960 1083 1003 Lycaonis
1107 962 1243 994 latrasse
1263 971 1324 1004 per
1344 962 1504 995 silentium
1518 963 1632 995 noctis.

156 1005 238 1039 Pin
250 1005 415 1039 renuntiat
430 1005 619 1038 OEnomoum
629 1014 719 1037 suum
733 1005 898 1037 decurrere
910 1003 944 1036 in
956 1004 1075 1037 crudeli
1086 1006 1204 1047 stadio,
1217 1009 1250 1038 et
1263 1005 1457 1038 errabundus
1471 1005 1633 1038 Acar-nam

155 1048 313 1089 referebat
320 1048 493 1083 Acheloum
505 1047 645 1091 turpiter
658 1051 839 1080 truncatum
851 1056 918 1080 esse
931 1051 1062 1090 utroque
1074 1058 1181 1081 vomu.
1214 1048 1358 1091 Mycenae
1371 1049 1542 1092 implorant
1558 1049 1633 1082 tris-

155 1213 222 1250 ,411
243 1210 371 1245 munio
393 1210 502 1253 ung.
528 1210 634 1246 Laur.
658 1209 792 1245 Buslid.
817 1208 972 1251 Lipsiau.
985 1212 1022 1242 et
1032 1209 1111 1243 edd.
1127 1213 1215 1244 vett.
1240 1208 1372 1244 Eleusin
1387 1212 1479 1244 Dan.
1495 1212 1580 1246 Put.
1596 1217 1635 1247 et

157 1255 283 1291 Petev.
319 1253 411 1290 vide
424 1253 606 1289 acin-ium
622 1253 666 1287 ad
683 1253 788 1286 Ovid.
804 1252 951 1287 Heroid.
965 1261 1017 1286 ιν.
1033 1257 1087 1286 67.
1100 1258 1138 1287 et
1152 1254 1306 1288 Gronov.
1323 1255 1366 1287 ad
1377 1256 1487 1288 Theb.
1503 1266 1545 1289 11.
1558 1259 1635 1292 382.

156 1297 246 1334 Not.
260 1297 452 1333 Van—414
466 1296 613 1333 Arcados
625 1297 755 1331 immas
772 1297 882 1338 Laug.
899 1296 1004 1329 Laur.
1024 1297 1158 1331 Buslid.
1172 1297 1326 1340 Lipsian.
1350 1299 1442 1333 Dan.
1459 1300 1544 1333 Pur.
1567 1301 1634 1333 Pe-

156 1345 230 1376 tu·
246 1346 284 1379 et
297 1340 379 1376 odd.
394 1344 481 1375 vett.
524 1340 617 1374 vido
631 1341 716 1374 Not.
731 1340 930 1374 Van—416
950 1340 1121 1375 Behot.2.
1143 1341 1371 1385 Acheloumque
1392 1344 1428 1376 in
1447 1346 1636 1386 utroque.—

820 1449 968 1484 NOTA-2

200 1534 265 1566 411
290 1533 337 1566 Ee
350 1543 412 1566 nou
434 1532 570 1566 usmetis
591 1541 715 1575 pernox
737 1531 871 1564 ululavit

157 1584 290 1618 Reunia
303 1585 484 1627 Manibus]
509 1584 645 1617 Eleusis
666 1583 789 1617 civitas
805 1582 870 1617 At-

156 1636 253 1678 tice,
277 1635 315 1669 in
339 1645 409 1680 qua
423 1636 538 1677 Ceres
556 1635 719 1678 religiose
734 1635 870 1670 coleba-

159 1690 230 1725 tur,
244 1685 390 1731 ejusque
415 1695 515 1721 sacra
538 1686 718 1721 mensibus
734 1690 869 1720 tautum

156 1736 236 1771 fixis
261 1737 433 1781 statisque
453 1737 734 1772 celebrabantur.
784 1738 868 1771 Per-

156 1787 238 1830 ηοω]
267 1788 361 1823 Quia
388 1789 462 1822 hoec
490 1798 592 1821 sacra
615 1792 722 1822 noctu
750 1787 868 1822 fiebat.

161 1838 320 1881 mutavit]
357 1839 450 1874 Quia
483 1839 559 1872 haec
595 1849 694 1872 sacra
729 1839 869 1873 Cereris

156 1889 293 1932 maguis
309 1889 516 1923 clamoribus
532 1892 570 1922 et
584 1888 771 1931 ejulatibus
787 1899 868 1932 age-

156 1939 298 1982 bantur,
307 1944 348 1974 ut
362 1940 398 1972 in
408 1939 537 1983 quibus
550 1940 868 1982 repraesentabatur

155 1991 271 2025 luctus
286 1991 424 2025 Cereris
447 1990 497 2024 de.
507 1992 633 2024 amissa
655 1991 869 2034 Proserpina
904 1991 906 1993 '

155 2041 240 2076 filia.
273 2043 404 2077 Noster
417 2042 478 2077 lib.
493 2051 563 2077 ιιι.
597 2043 608 2063 ⁴
620 2041 869 2085 Noctiyagum-

150 2104 227 2138 que
241 2103 390 2137 mm,
403 2094 559 2138 quamvis
570 2093 636 2127 sibi
648 2094 757 2135 luget,
767 2094 870 2126 Eleu-

157 2145 213 2178 sin
227 2145 356 2188 flevit,
380 2150 419 2179 et
431 2155 577 2180 manos
591 2144 793 2188 lugentibus
809 2154 869 2178 ex-

157 2196 240 2230 tulit
258 2196 382 2239 ignes?
718 2217 721 2218 ν

158 2266 163 2270 -
199 2249 267 2282 412
298 2245 431 2291 Sparte]
457 2246 588 2291 Sparta
622 2250 730 2290 caput
760 2247 868 2281 Laco·

157 2297 240 2332 nia.

159 2368 161 2370 -
199 2351 268 2383 41⁸
287 2324 615 2393 Amdoeufratree]
636 2347 817 2382 Pollucem
831 2350 877 2381 et-

158 2403 341 2437 castorem
356 2401 520 2436 oriundos
536 2411 582 2434 ex
600 2400 753 2442 Amyclis
768 2399 869 2442 oppi-

158 2453 216 2487 do.
230 2452 390 2489 laconi!
414 2453 510 2494 regia
524 2451 702 2495 Tyndari3
724 2461 869 2495 quorum

158 2505 247 2539 mira
261 2505 296 2538 iu
309 2514 347 2538 se
362 2504 512 2539 invicem
527 2503 639 2546 pietas
655 2513 696 2536 ac
716 2502 870 2536 amicitia

158 2555 386 2599 praedicatur.
410 2555 626 2599 Concurrere]
648 2555 791 2598 Signum
803 2555 870 2588 hoc

157 2612 234 2642 erat
256 2607 536 2648 funestissimum,
568 2610 609 2640 et
637 2604 873 2649 portendebat

159 2661 340 2694 Eteoclen
355 2664 393 2693 et
406 2659 611 2702 Polynicen:
623 2662 747 2692 contra
761 2668 800 2692 se
816 2658 867 2691 iu-

159 2712 271 2745 vieem
290 2711 525 2745 dimicaturos.
569 2711 752 2754 Templum
775 2710 867 2743 enim

158 2762 491 2805 Spartan-bebatur
506 2762 630 2796 Castor
645 2766 682 2796 et
697 2762 838 2795 Pollux.

203 2817 268 2848 414
289 2813 447 2857 Arcades]
468 2814 611 2848 Priores
627 2812 797 2847 editiones
808 2813 868 2847 ha-

924 1531 1011 1566 bent
1042 1533 1195 1567 Arcados.
1238 1533 1309 1567 Sed
1338 1534 1526 1578 legendum
1559 1545 1634 1569 esse

922 1585 1064 1618 Arcades
1089 1586 1178 1619 bene
1206 1586 1406 1620 observavit
1425 1587 1635 1622 Gronovius.

923 1635 974 1668 Ut
1000 1636 1093 1670 enim
1121 1647 1241 1673 omnes
1271 1642 1406 1681 gentes,
1436 1649 1513 1681 quae
1543 1639 1635 1674 bello

921 1686 1087 1720 Thebano
1110 1688 1319 1730 intererant,
1341 1690 1441 1731 signa
1460 1699 1501 1724 ac
1517 1690 1635 1733 prodi·

923 1738 982 1781 gia
995 1739 1167 1782 viderant,
1194 1740 1317 1783 quibus
1342 1739 1517 1774 infelicem
1534 1751 1636 1776 even-

925 1794 998 1822 turn
1023 1790 1168 1833 hujusce
1197 1791 1279 1824 belli
1309 1796 1500 1834 expectare
1530 1792 1635 1826 debe-

924 1840 1010 1873 bant
1025 1851 1036 1882 ς
1057 1842 1184 1884 Sparte
1200 1842 1338 1875 viderat
1352 1843 1496 1876 reclusis
1512 1844 1637 1886 templi
1707 1848 1709 1850 '

924 1891 1058 1925 foribus
1074 1892 1256 1926 Castorem
1282 1903 1323 1926 ae
1351 1894 1532 1928 Pollucem
1556 1904 1636 1929 con-

924 1948 1131 1984 currentes3
1159 1944 1244 1977 Pisa
1263 1945 1473 1979 OEuomaum
1494 1956 1634 1980 curren·

923 1998 993 2027 tem
1003 1994 1038 2027 in
1046 2005 1109 2028 suo
1118 1995 1235 2029 stadio
1244 2005 1256 2036 ς
1267 1995 1431 2030 Acarnan
1441 1997 1636 2032 Acheloum

922 2047 1099 2089 privatum
1112 2048 1217 2080 etiam
1230 2049 1342 2081 altero
1356 2058 1464 2082 cornu
1478 2059 1489 2090 ς
1505 2049 1556 2083 sic
1568 2050 1636 2084 Ar-

921 2098 1028 2131 cades
1041 2098 1242 2132 referebant
1253 2099 1390 2133 audisse
1404 2100 1552 2134 latratus
1567 2102 1634 2144 Ly-

922 2150 1051 2183 caonis.
1097 2149 1194 2183 Nota
1217 2153 1335 2183 autem
1361 2150 1481 2184 fabula
1501 2153 1634 2194 Lycao-

920 2200 975 2233 uis
997 2200 1033 2233 in
1054 2201 1174 2242 lupum
1193 2201 1367 2243 conversi,
1382 2202 1476 2245 quod
1490 2211 1635 2246 puerum

920 2251 1002 2287 Jovi
1017 2251 1225 2295 epulandum
1239 2252 1390 2286 dederit.

964 2305 1031 2336 416
1055 2303 1246 2335 OEnomuum
1259 2313 1317 2336 sua
1332 2303 1412 2336 Pisa
1427 2305 1541 2348 refert]
1555 2305 1635 2339 Hoc

923 2358 1044 2387 notum
1057 2358 1112 2387 est
1126 2364 1169 2387 ex
1194 2354 1486 2397 praecedentibus.
1530 2357 1635 2391 Ache-

923 2406 994 2439 loon
1033 2409 1165 2448 utroque
1194 2406 1377 2446 Deformem
1410 2417 1506 2442 cornu
1536 2419 1636 2450 vagus

923 2456 1096 2496 insanmbat
1133 2457 1302 2499 Acarnan]
1347 2457 1480 2492 Omnes
1521 2460 1635 2493 sciunt

924 2507 1130 2551 Acheloum,
1147 2509 1244 2542 lucta
1260 2509 1303 2542 ab
1319 2508 1477 2544 Hercule
1491 2510 1633 2549 victum,

924 2559 1031 2594 fuisse
1047 2570 1116 2593 uno
1143 2570 1251 2594 cornu
1274 2566 1496 2596 truncatum:
1521 2563 1635 2597 sedin

926 2612 992 2646 hoc
1003 2615 1163 2655 tempore
1178 2611 1341 2645 Acarnan
1359 2611 1453 2645 inter
1473 2613 1634 2656 prodigia

923 2662 1096 2697 referebat
1134 2668 1333 2698 truncatum
1375 2666 1487 2698 altero
1525 2675 1634 2700 cornu

924 2715 1127 2749 Acheloum.
1172 2716 1304 2749 Notum
1317 2715 1422 2748 etiam
1434 2719 1502 2759 est,
1516 2726 1634 2750 amnes

923 2768 1058 2803 taurino
1073 2767 1192 2810 capite
1207 2767 1462 2810 repraesentari.
1506 2768 1634 2800 Sensus

923 2823 978 2854 est
994 2819 1126 2853 aruisse
1136 2819 1290 2867 ,alterum
1307 2829 1413 2853 cornu
1429 2824 1490 2852 seu
1506 2820 1633 2853 ostium
