1858 3112
426 249 468 283 P.
499 247 693 282 ΡΑΡιΝιι
725 247 893 282 s‘rA'ru
925 249 1073 282 san.
1106 248 1203 281 ΜΒ.
1234 249 1301 281 ιν.
1330 239 1372 281 7.

169 347 226 378 tos
251 343 421 377 secumdis'
439 342 543 377 rebus
566 340 729 387 tanquam
755 344 790 376 in
814 355 875 386 gy-

168 403 243 428 rum
258 395 405 428 rationis
433 399 470 428 et
492 395 660 428 doctrinm
676 394 780 428 duci!
801 395 875 427 Mo-

162 518 170 521 -
211 499 249 530 8·
273 497 386 529 Fortis
414 496 601 538 heroisJ'Id
632 500 687 528 est
717 495 874 528 Achillis.

168 546 306 581 Heroes
320 557 418 579 suum
431 548 594 581 saeculum
606 547 820 579 habueruut:
838 551 877 579 ut

161 597 347 631 -Hesiodus
381 597 519 630 scribit:
553 607 696 640 quornm
736 597 793 629 alii
832 597 876 629 ad

162 648 306 681 nebu
325 647 516 690 perierunt,
538 649 596 681 alii
621 648 655 680 iu
681 648 877 680 Fortunatis

167 698 304 739 insulis,
331 709 415 742 quas
442 699 501 731 alii
533 699 668 741 Elysios
700 699 876 740 dixerunt,

169 755 378 794 perpetuum
401 760 514 784 avum
531 756 650 793 agunt,
664 751 876 794 semideique

168 804 285 834 omues
299 800 472 835 dicuutur.
487 801 673 835 Hesiodus.
696 801 819 834 Domit-

166 871 168 873 >
212 854 233 884 6
258 851 425 892 Regnator
445 851 553 894 lyrica
573 852 727 893 cohortis]
752 851 876 885 Pinda-

169 911 244 942 rus,
255 902 443 945 Scopeiimi
462 901 564 943 filius,
584 903 793 935 Thebanus:
818 912 878 935 cu·

163 953 230 995 jus
254 953 384 986 laribus
410 957 449 986 et
475 952 615 986 familiae
646 954 744 995 parci
771 953 878 995 jussit

169 1002 390 1038 Alexanderz
426 1010 540 1038 morte
567 1015 704 1047 quoque
742 1005 876 1039 nobilis.

169 1055 261 1088 Num
284 1054 318 1087 in
334 1055 464 1097 gremio
480 1056 578 1097 pueri
600 1055 718 1088 dilecti
735 1056 769 1088 in
785 1066 878 1098 gym-

169 1105 269 1138 nasio
282 1107 436 1139 mortuus
454 1107 610 1140 inventus
634 1111 698 1139 est.
743 1107 876 1139 Novem

169 1156 369 1198 lyricorum,
383 1150 422 1189 ut
437 1156 487 1189 ait
508 1157 650 1197 Fabius,
664 1156 767 1189 facile
785 1157 878 1199 prin-

169 1208 266 1249 ceps.
311 1208 447 1240 Novem
461 1212 576 1240 autem
598 1207 712 1250 Lyrici
737 1208 878 1240 bisunt.

171 1255 300 1290 Aloeus
317 1258 610 1301 Mytileueus,qui
624 1260 755 1291 AEolice
770 1260 878 1301 scrip-

169 1309 229 1342 sit.
273 1309 414 1351 Sappho
431 1309 548 1342 Cledis
567 1315 604 1343 et
617 1311 771 1353 Eurygili
794 1310 878 1344 filia.

169 1358 391 1392 Stesichorus
411 1360 583 1402 Euphemi
601 1361 704 1400 filius,
729 1362 766 1395 in
782 1363 879 1405 cujus

168 1408 312 1444 Infantis
340 1412 401 1444 ore
430 1412 560 1445 cecinit
586 1413 783 1455 philomela,
820 1410 880 1456 qui

171 1459 265 1493 belle
290 1461 431 1503 scripsit
449 1466 488 1494 et
517 1461 624 1495 duces
645 1464 880 1504 magnanimos

171 1511 313 1548 Dorice.
357 1513 552 1546 Anacreon·
575 1515 678 1547 Teius
705 1516 882 1549 Parthemi

164 1561 345 1606 ›filiano-:i
364 1564 564 1606 Batliyllum
580 1575 722 1607 puerum
747 1567 881 1610 dilexit,

170 1617 211 1647 αι’
224 1614 324 1648 acino
340 1625 415 1648 uvae
437 1625 549 1658 passae
565 1618 799 1659 strangulatus
814 1620 881 1652 est.

168 1667 289 1709 ‘Bycns
310 1667 464 1710 Reginus
488 1667 542 1699 vel
569 1668 808 1710 Messiuus‚'ut
823 1669 881 1702 alli

170 1717 341 1759 scribunt,
356 1718 415 1760 qui
444 1718 574 1752 Dorice
598 1718 746 1760 scripsit.
791 1720 881 1752 Bac-

170 1768 326 1811 chylides
353 1769 446 1802 Ceus
476 1769 618 1801 Milonis
653 1768 756 1802 filius.
793 1770 883 1803 Alc—

163 1819 250 1870 ,ἡαπ
280 1819 456 1853 Dimantis
477 1819 566 1852 filius
596 1821 800 1863 Spartanus,
822 1823 881 1865 qui

170 1870 300 1904 Dorice
326 1871 479 1914 scripsit,
496 1876 533 1904 et
559 1872 752 1913 pediculari
778 1874 882 1915 periit

170 1922 303 1955 asorbo.
343 1921 536 1955 Simonides
560 1931 604 1955 ex
623 1923 737 1955 Iulide
753 1924 882 1967 oppido

172 1972 252 2006 &in
275 1972 396 2005 iusulae
417 1973 618 2016 Cycladum,
632 1974 759 2015 tenuis,
781 1981 816 2007 et
838 1976 882 2008 ad

170 2023 342 2066 lacrymas
358 2023 543 2056 movendas
556 2025 702 2056 maxime
715 2025 860 2058 idoneus
873 2038 882 2057 ε

170 2075 282 2108 nonus
296 2075 468 2110 Pindarus
481 2075 599 2107 horum
617 2075 766 2108 omnium
784 2077 879 2118 prin-

170 2136 277 2169 ceps:
299 2125 432 2159 idcirco
450 2126 500 2158 ait
515 2126 638 2168 Papin.
683 2130 692 2145 ¹
705 2127 881 2169 Regnator

173 2177 291 2220 lyricae
307 2174 484 2209 cohortis!
507 2176 607 2208 Idem.

218 2231 269 2261 14·
295 2228 460 2260 Dalmata
495 2228 632 2270 montes]
667 2228 881 2261 Aurifodinis

171 2281 379 2317 Dalmaticis
408 2279 611 2321 prael'ectum
643 2279 799 2321 intellige
825 2290 881 2312 su-

172 2329 237 2378 pra·
251 2332 310 2366 lib.
327 2341 386 2364 nr.
400 2331 513 2364 Carm.
529 2333 562 2362 3.
575 2340 626 2363 vs.
641 2333 697 2363 90.
720 2332 838 2363 Barth.

218 2379 261 2418 17'
277 2388 282 2399 ⁹
298 2385 379 2416 Ecce
401 2391 450 2414 me
470 2385 581 2414 natum
604 2382 750 2423 propiore
779 2382 881 2423 terra]

174 2435 283 2470 Adeo*
302 2443 413 2476 prope
439 2433 540 2465 abest
561 2433 729 2474 Neapolis
747 2433 846 2467 Cum.
863 2443 883 2465 a

173 2483 285 2527 Baiis,
302 2490 340 2518 ut
359 2480 540 2523 Cocceius,
556 2483 619 2516 sub
636 2482 807 2526 Agrippa,
829 2494 884 2516 cu-

168 2538 323 2577 siculum,
337 2534 482 2577 διώριηα,
499 2533 639 2566 duxerit
651 2544 670 2566 a
686 2534 836 2576 Neapoli
848 2540 884 2567 et

172 2587 333 2622 Puteolis
357 2584 586 2628 supraBaias
611 2584 809 2617 tendentem
825 2595 883 2617 au-

173 2640 273 2673 thore
287 2636 469 2681 Strabone.
489 2635 515 2666 A
528 2635 623 2666 Baiis
639 2635 790 2677 quinque
807 2640 882 2667 tan-

175 2687 248 2722 t'um
263 2686 384 2721 stadiis
410 2684 543 2717 distare
569 2685 737 2718 Puteolos
763 2687 885 2718 asserit

174 2739 362 2781 Josephns.
382 2737 509 2769 Morell.

221 2795 262 2826 19
283 2790 447 2823 Liricenve
476 2791 568 2821 notus
597 2788 749 2820 Hectoris
771 2788 883 2830 armis]

176 2842 349 2878 Misenum
374 2839 646 2883 promontorium
662 2838 779 2871 Cumis
801 2839 883 2872 vici-

1518 240 1632 284 1739

926 344 1190 394 num-denotat,
1206 345 1298 388 quod
1323 348 1446 390 ‘tenet
1465 349 1632 378 aeternum

926 404 1003 436 per·
1019 397 1136 427 secula
1163 395 1323 428 nomen?
1355 406 1373 427 a
1396 396 1531 428 Miseno
1552 396 1633 429 1Εο-

861 457 864 459 ·
924 447 1007 487 lide,
1023 447 1033 465 ‘
1044 456 1112 488 quo
1127 457 1194 479 non
1217 447 1440 488 praestantior
1453 447 1542 480 alter
1553 447 1633 479 AEre

927 497 1018 529 ciere
1056 497 1161 534 viros,
1192 497 1411 540 Martemque
1439 498 1633 530 accendere

927 547 1055 580 cantu.’
1076 548 1178 580 Idem.

971 600 1013 629 33
1041 597 1176 630 Orbitas
1204 598 1302 639 omni,
1328 599 1399 641 dra]
1430 599 1487 632 Ob
1514 608 1634 641 poenas

928 647 1021 680 orbis
1037 653 1073 680 et
1093 648 1270 680 caelibibus
1294 649 1474 690 irrogatas,
1494 649 1539 682 de
1561 650 1635 691 qui-

928 699 991 730 bus
1012 697 1089 731 fuse
1105 699 1197 741 Lips.
1212 699 1247 731 in
1263 700 1435 732 Tacitum.
1483 699 1531 731 At
1551 700 1635 732 Cro-

929 750 1069 783 toniatis
1081 750 1115 782 id
1131 761 1239 792 genus
1250 750 1423 782 hominum
1437 751 1637 783 honestissi-

927 810 1017 833 mum
1037 801 1192 834 habitum
1215 800 1320 834 fuisse
1335 805 1434 833 notat
1449 801 1635 833 Petronius

927 852 963 884 in
978 852 1050 884 Sat.
1097 853 1149 884 Ea
1164 852 1208 884 de
1229 861 1267 884 re
1288 852 1447 894 queritur
1469 856 1505 884 et
1527 852 1636 884 Sene-

928 914 969 937 ca
990 904 1182 947 aliquoties,
1204 909 1241 938 et
1261 905 1457 937 Marcellin.
1479 904 1539 937 lib.
1554 913 1636 937 xxv.

932 956 1079 989 Graccus.

971 1000 1013 1040 37
1040 1007 1172 1038 Orbitas
1184 1007 1270 1039 nullo
1293 1007 1449 1039 tumulata
1461 1005 1562 1048 fletu]
1584 1005 1636 1038 Si-

928 1058 1065 1103 quidem
1097 1068 1140 1090 ex
1171 1058 1274 1090 mimo
1306 1057 1410 1089 Publ.
1446 1057 1456 1074 ‘
1486 1055 1635 1088 Heredis

928 1107 1081 1150 (externi
1102 1106 1314 1150 praesertim)
1339 1106 1442 1140 fletus
1467 1107 1530 1139 sub
1557 1116 1636 1148 per-

929 1167 1012 1190 sona
1027 1159 1113 1190 risus
1130 1157 1208 1191 est!
1246 1159 1325 1190 Hoc
1342 1157 1561 1189 abhorruisse
1575 1156 1637 1189 So·

929 1208 1042 1241 lonem
1059 1208 1184 1241 Athen.
1200 1208 1308 1250 ipsius
1322 1206 1475 1247 ἐλεγῖδιον
1489 1208 1636 1239 clamat:

929 1259 1006 1291 Οὔκ-ι
1030 1271 1082 1300 μοι
1098 1258 1276 1291 ἄκλαυστος
1291 1256 1421 1290 θάνατος
1435 1256 1535 1297 πέλει,
1550 1257 1638 1290 ἀλλὰ

929 1308 1048 1353 epotata:
1080 1309 1290 1350 Καλλείποιμι
1324 1309 1422 1341 θανὼν
1453 1307 1557 1349 ἄλγεα
1586 1308 1639 1341 καὶ

930 1359 1103 1403 στοναχάς.
1160 1361 1274 1393 Tullio
1305 1360 1521 1401 interprete:
1546 1360 1641 1391 Mors

931 1424 1000 1446 mea
1012 1423 1051 1446 ne
1065 1410 1171 1445 careat
1185 1412 1344 1451 lacrumis,
1368 1412 1544 1453 linquamus
1557 1412 1640 1443 ami·-

930 1466 976 1498 εἰσ
989 1466 1173 1504 Moerorem,
1189 1468 1225 1496 ut
1242 1463 1357 1503 faxint
1367 1464 1487 1502 funera
1501 1472 1570 1494 cum
1582 1472 1640 1503 gs·

930 1517 1024 1549 mim.
1048 1516 1188 1548 Morell.

974 1571 1016 1601 38
1041 1568 1117 1600 Stat
1138 1569 1226 1600 domo
1251 1570 1345 1609 capla
1373 1567 1505 1609 cupidus
1530 1576 1640 1608 super·

928 1619 1005 1661 stes]
1031 1618 1231 1660 Captatoris
1252 1618 1412 1650 orborum
1430 1616 1514 1656 ἦθος.
1560 1617 1638 1650 Hoc

931 1679 1026 1711 vero,
1043 1675 1082 1702 ut
1098 1673 1227 1702 canunt
1245 1669 1449 1701 Catullianae
1465 1668 1638 1709 virgines:

930 1721 940 1740 ‘
958 1720 1050 1755 Quid
1067 1719 1200 1753 faciunt
1215 1720 1331 1752 hostes
1348 1725 1452 1762 capta
1467 1719 1639 1752 crudelius

931 1771 1016 1804 urbe
1027 1771 1050 1804 ?’
1075 1772 1173 1803 Idem.

974 1824 1018 1854 40
1039 1821 1169 1862 Ignem]
1193 1820 1306 1853 Avide
1322 1820 1494 1853 invehitur
1506 1821 1543 1853 in
1559 1830 1641 1864 cap-

932 1877 1064 1905 tatores
1094 1872 1277 1904 orborum:
1314 1881 1457 1913 quorum
1488 1871 1642 1904 multitu-

933 1923 1014 1956 dine
1045 1922 1259 1964 temporibus
1288 1922 1356 1954 suis
1387 1920 1640 1955 offendebatur.

933 1974 1061 2017 Ignem]
1100 1974 1286 2015 Computat
1315 1973 1420 2005 etiam
1451 1973 1642 2014 impensam

932 2035 1026 2067 pyrae
1055 2030 1218 2067 tanquam
1250 2023 1284 2055 id
1311 2023 1387 2064 ipse
1414 2023 1542 2056 solvat:
1566 2023 1642 2066 lege

933 2081 1046 2108 autem
1063 2075 1246 2108 duodecim
1264 2074 1457 2106 tabularum
1482 2074 1576 2116 ligna
1597 2074 1640 2106 ad

933 2136 1051 2168 rogum
1069 2126 1223 2157 indolata
1239 2134 1312 2157 esse
1328 2125 1533 2166 oportebat3
1549 2125 1643 2168 qnod

932 2187 953 2209 a
980 2177 1114 2209 Solonis
1143 2176 1277 2218 legibus
1300 2175 1453 2207 manavit
1475 2176 1518 2207 ad
1547 2176 1644 2208 coer-

932 2229 1077 2261 cendam
1092 2227 1251 2259 sunerum
1267 2227 1468 2268 impensam.
1491 2227 1616 2259 Domit.

974 2281 1018 2310 46
1041 2279 1133 2315 Quod
1158 2279 1199 2309 mi
1221 2278 1323 2308 Eoum
1344 2277 1457 2308 tuleris
1473 2277 1642 2319 Orontem]

933 2329 1084 2362 Orontes
1110 2327 1234 2360 fluvius
1257 2327 1292 2358 in
1315 2327 1504 2369 Caelosyria
1520 2327 1643 2369 oritur,

933 2384 1007 2413 tum
1039 2380 1134 2412 hiatu
1164 2378 1222 2421 qui
1252 2378 1345 2410 inter
1375 2377 1580 2419 Apamaeum
1606 2383 1644 2412 et

932 2429 1152 2463 Antiochiam
1173 2432 1314 2461 vocatur
1333 2427 1484 2470 χᾶρυβδις
1498 2427 1519 2467 ἦ
1532 2427 1644 2470 χάσμα

932 2482 1116 2523 absorptus
1131 2485 1168 2513 et
1182 2480 1372 2521 demersus,
1398 2486 1477 2521 post
1499 2483 1554 2513 40.
1572 2485 1644 2514 sta·

934 2532 990 2564 dia
1018 2542 1135 2564 rursus
1160 2530 1319 2571 emergit.
1361 2530 1475 2563 Strab.
1498 2531 1557 2564 lib.
1576 2538 1643 2564 vu.

934 2587 971 2614 et
987 2591 1064 2614 xlv.
1108 2580 1213 2612 Prius
1239 2579 1387 2621 Typhon
1413 2580 1596 2612 dicebatur
1623 2591 1643 2612 a

932 2632 1090 2664 fabuloso
1118 2630 1287 2672 Typhone
1324 2630 1465 2672 gigante
1499 2630 1642 2663 fulmine

932 2683 1015 2716 icto.
1060 2681 1199 2714 Deinde
1225 2678 1270 2711 ab
1286 2678 1435 2721 Oronte,
1459 2682 1514 2723 qui
1542 2681 1576 2712 in
1601 2689 1643 2712 eo

932 2737 1074 2775 pontem
1090 2731 1186 2771 fecit,
1199 2739 1324 2762 nomeu
1341 2731 1488 2772 accepit.
1510 2731 1641 2762 Morell.

974 2787 1017 2817 48
1057 2784 1188 2815 Castore
1215 2781 1348 2823 dextro]
1384 2783 1509 2814 Castor
1549 2782 1639 2813 enim

932 2835 1111 2879 equitandi
1127 2832 1364 2878 peritissimus,
1389 2836 1428 2865 ut
1451 2835 1570 2865 notum
1586 2837 1641 2867 est
