1846 3120
428 233 469 264 r.
502 230 694 263 ΡΑΡιΝιι
729 230 897 263 ετᾼτιι
932 229 1078 262 svnv.
1112 230 1207 263 Lm.
1230 232 1260 261 1.
1293 220 1333 262 1.

147 328 159 348 ⁸
171 326 266 362 Quid
277 326 446 370 geminam
460 326 586 359 molem
602 326 683 358 nudi
701 326 854 368 tectique

149 376 331 419 nentri?
374 377 421 410 Et
447 377 522 410 haec
548 377 788 419 interpretatio
817 381 854 409 et

147 424 254 462 obvia
288 432 326 462 et
352 424 471 461 'facitis
506 433 574 461 est.
619 428 744 460 Potest
771 436 854 459 vero

147 478 458 512 etiam'commode
481 478 569 519 dici,
596 478 606 497 ⁸
621 476 854 519 geminatam’

146 526 411 571 idesnhicesse,
424 528 514 571 quod
525 528 761 570 conjunctam,
772 537 853 560 con-

148 589 289 622 nexam,
324 583 363 613 et
393 579 605 622 copulatam.
656 578 715 611 Ita
751 577 855 610 verbo

147 627 372 674 ‘minare'
387 630 497 663 utitur
519 629 667 670 Statius,
681 629 781 671 pro
796 638 853 661 co-

148 679 293 724 putre:
306 685 347 714 et
362 679 619 722 ‘conjungere,'
633 676 775 712 notione
785 680 853 712 ιιοιι

142 732 316 775 issu-algo
337 736 431 765 nota.
472 731 530 764 Sic
546 726 853 773 Epitha1.st‘enae‚

140 780 209 818 >nbi
221 778 508 825 desponsalibus
530 780 624 822 agit:
648 780 746 813 ‘Dat
760 781 853 814 Juno

147 833 302 868 urenda
314 833 477 874 Vincula,
500 836 537 865 et
559 831 680 872 insigni
702 828 855 873 geminat

144 881 342 918 eoncordia
360 882 475 916 tuda?
517 882 647 915 Eodem
662 882 764 914 modo
780 882 853 914 Ho-

147 939 214 969 rat.
239 934 455 968 Artc'Poiit.
479 930 581 967 ‘Non
604 938 642 966 ut
666 934 854 975 Serpentes

146 986 267 1020 nvibus
295 985 537 1028 geminentur,
553 983 699 1026 tigribus
731 983 853 1026 agnae)

140 1031 334 1080 ‘sicit-qm
345 1036 451 1069 etiam
466 1035 534 1069 dici
546 1030 671 1077 potest,
686 1037 697 1054 ‘
708 1036 855 1073 molem‚’

144 1089 185 1122 id
199 1092 255 1122 est
271 1090 402 1132 'equum
423 1087 496 1120 basi
523 1082 750 1128 insistentem,
772 1090 782 1106 ⁶
796 1096 855 1129 ge-

142 1138 335 1172 minatam*
354 1137 476 1180 fnisse,
498 1138 533 1171 id
557 1142 612 1171 est
632 1139 855 1180 conjunctam

141 1193 186 1222 ‘et
199 1191 389 1222 connexam
409 1188 571 1231 imposito
592 1188 643 1220 illi
664 1188 854 1230 Imperato-

149 1241 198 1273 ris
220 1241 367 1274 colosso.
421 1240 479 1273 Ita
500 1244 540 1272 ut
557 1238 597 1271 τὸ
620 1240 856 1282 superimposito

149 1292 198 1325 sit
210 1291 315 1325 dandi
341 1301 458 1331 casus,
476 1300 545 1324 non
563 1289 754 1324 auferendi.
796 1291 855 1323 Sic

148 1344 254 1376 etiam
282 1342 374 1376 illud
401 1342 513 1382 Taciti
544 1341 666 1375 Annal.
693 1351 719 1375 1.
744 1342 855 1384 expli-

140 1391 318 1435 ‘eandumz
339 1390 423 1428 ιΜ.
453 1393 646 1436 Agrippam
670 1392 855 1434 geminatis

147 1442 391 1478 contaminas
416 1442 567 1476 extulit!
609 1443 701 1476 Nam
731 1442 760 1474 si
791 1442 856 1475 boc

143 1495 353 1539 simpliciter
372 1494 547 1537 intelligas
562 1494 606 1526 de
627 1493 759 1526 duobus
773 1503 854 1526 con-

144 1546 332 1588 stlitibus,
342 1545 486 1583 errabis.
510 1545 598 1578 Nam
616 1545 755 1577 tertium
766 1544 854 1577 Con-

149 1597 205 1631 sul
224 1596 292 1630 fnit
313 1595 487 1640 Agrippa,
508 1598 600 1628 teste
621 1595 751 1635 Dione,
773 1595 855 1627 Vel·

143 1647 232 1690 ieie,
244 1652 281 1680 et
295 1647 419 1680 Fastis.
462 1645 599 1689 Itaque,
623 1648 663 1678 nt
685 1650 780 1678 recte
796 1645 855 1678 ad-

149 1697 285 1731 sos-vit
308 1696 358 1730 ibi
368 1696 523 1739 Lipsius,
548 1695 560 1714 ‘
576 1691 740 1738 geminati
765 1697 856 1730 Cou-

139 1741 304 1781 'suiatus’
317 1747 441 1780 Tacito
454 1749 536 1779 sunt
549 1747 736 1790 conjuncti,
747 1747 856 1780 conti-

152 1800 292 1841 nentes,
304 1801 343 1831 et
358 1807 436 1831 sese
457 1802 576 1831 mutuo
595 1798 857 1841 subsequentes,

148 1848 274 1882 its'nt
309 1857 374 1891 per
407 1848 492 1881 duos
532 1857 639 1881 annos
675 1849 857 1881 continuos

127 1899 312 1943 ”Agrippa
324 1895 445 1933 consul
467 1903 575 1941 esset,
596 1899 689 1942 quod
706 1909 787 1933 sane
803 1910 856 1933 ra-

141 1949 322 1983 ⁷tissimum
359 1954 451 1983 erat.
485 1950 620 1983 Geoart.
673 1951 858 1994 Geminata]

152 1999 304 2033 Omnino
326 2000 485 2034 videmur
498 2001 684 2035 veritatem
699 2003 856 2036 adsecuti

146 2050 224 2093 ,iam
245 2050 325 2084 olim
350 2051 535 2094 legendum
556 2057 751 2093 censentes,
763 2054 858 2087 mles

149 2101 292 2142 mide.
335 2101 472 2134 Nusnen
498 2101 589 2134 enim
617 2111 678 2135 sen
708 2103 857 2136 Genium

142 2151 329 2200 3Prineipis
353 2151 510 2194 agnoscit
531 2152 567 2185 in
588 2154 685 2186 tanta
699 2153 765 2187 hac
780 2154 858 2187 Ma-

142 2203 254 2236 ‘clsi'na
278 2201 460 2246 Papinius,
484 2207 522 2236 et
546 2203 598 2236 sic
623 2203 712 2237 infra
736 2215 787 2238 vs.
804 2210 858 2240 56.

151 2254 378 2297 ‘Insessaque
409 2254 563 2296 pondere
593 2258 692 2288 tanto
730 2256 857 2290 Subter

144 2304 294 2337 >anhelat
320 2304 464 2337 numu-2
486 2313 552 2338 nec
579 2304 670 2339 ferro
699 2312 760 2340 aut
788 2318 858 2342 aere

150 2354 300 2396 laborat,
325 2353 395 2387 Sed
408 2353 546 2387 Genio!
587 2355 656 2388 Ubi
681 2357 860 2398 purissime

152 2404 165 2425 ⁴
177 2405 323 2438 materia
336 2403 348 2421 '
383 2409 421 2438 et
451 2406 462 2424 ⁸
473 2405 626 2438 Genius’
652 2407 860 2452 junguntur,

153 2458 191 2490 et
201 2452 294 2489 clare
308 2455 373 2489 boe
388 2464 488 2489 suum
500 2458 655 2499 respexit
670 2458 859 2502 Poetaffie-

149 2506 267 2540 niam
279 2505 357 2549 ipse
377 2515 451 2549 pras
474 2507 626 2550 reliquis.
670 2509 786 2543 Multa
800 2510 860 2543 de-

153 2555 340 2590 fendenda
368 2556 450 2589 hnic
480 2558 691 2592 restitutioni
719 2560 858 2603 scripsi-

152 2616 228 2642 mus
244 2616 313 2641 non
327 2617 396 2641 nno
415 2607 704 2643 Adversariornm
718 2611 807 2654 loco,
823 2616 860 2645 et

147 2658 250 2701 ⁴prius
272 2658 317 2691 ad
342 2658 461 2691 Rutilii
487 2659 686 2693 Numatiani
710 2661 859 2695 Itinera·

154 2708 266 2750 rinus,
288 2717 366 2752 qno
388 2709 456 2742 huc
487 2710 655 2743 translata
683 2712 859 2754 ingentem

155 2767 235 2802 Μ.
249 2758 390 2802 sectant,
403 2769 509 2803 quare
524 2761 734 2802 percendum
751 2763 859 2796 lecto-

142 2809 253 2845 ·ribns
272 2815 442 2855 patemus.
465 2811 584 2846 Bmh.
631 2812 771 2858 Colosso]
793 2814 859 2849 Co·

1494 221 1608 275 1625

904 324 983 357 lessi
1000 328 1139 366 etymon
1157 325 1260 367 juxta
1283 324 1451 357 veriorem
1467 324 1609 357 Graeco-

903 385 978 407 rum
1002 377 1206 408 sententiam
1229 375 1370 408 ductmn
1394 376 1551 417 ests-ap&
1570 376 1610 407 τὸ

903 425 1043 458 κολούειν
1057 425 1099 458 τὸ
1113 426 1205 464 ὅσσα,
1231 426 1321 469 quod
1345 426 1436 458 oculi
1459 422 1610 468 caligant

903 476 938 508 in
955 476 1145 518 spectanda
1159 477 1235 518 ejus
1252 476 1446 509 altitudine.
1482 476 1610 518 Ingens

902 527 1007 568 igitur
1022 531 1137 559 statua
1162 526 1375 568 significatur
1391 526 1477 559 mira
1491 527 1609 590 altitu-

905 577 985 610 dine
1000 581 1038 610 et
1054 577 1293 619 amplitudine.

945 632 967 661 2
1003 627 1137 669 caelone,
1165 629 1234 670 ξω]
1264 628 1499 661 Communiter
1529 629 1609 662 olim

904 683 1051 721 veteres,
1065 679 1229 722 quicquid
1249 680 1444 712 venerabile
1466 685 1556 721 erat,
1567 690 1609 713 ac

904 730 1032 763 virtute
1048 733 1086 762 et
1101 730 1358 772 pulchritudine
1374 739 1477 772 supra
1493 731 1610 773 vulga-

903 791 975 814 rem
991 781 1128 814 modum
1144 781 1343 824 praestabat,
1358 791 1377 814 e
1390 782 1476 814 coelo
1491 779 1609 823 delap-

902 842 975 865 sum
992 833 1264 865 arbitrabantur.
1308 832 1365 864 Sic
1380 832 1472 874 apud
1491 828 1611 873 Virgil-

902 883 1037 916 AEneid.
1062 884 1072 901 ‘
1085 884 1131 915 Et
1142 884 1239 925 lapsa
1249 883 1373 915 ancilia
1383 882 1494 915 coelo!
1511 883 1612 915 Clau-

902 934 994 966 dian.
1010 935 1183 976 Panegyr.
1208 933 1375 966 Probini:
1400 933 1549 966 ‘Credas
1566 943 1611 966 ex

903 986 1033 1018 aethere
1069 986 1200 1026 lapsam
1236 985 1337 1017 Stare
1374 983 1611 1017 Pudicitiam)

903 1036 1075 1069 Ammian.
1092 1035 1288 1069 Marcellin.
1304 1034 1365 1067 lib.
1383 1044 1480 1067 xxu.
1512 1036 1610 1070 ‘Quo

904 1088 994 1130 apud
1009 1087 1343 1129 Constantinopolim
1356 1090 1549 1129 comperto,
1559 1086 1612 1119 ef-

903 1138 1113 1171 fundebatur
1128 1138 1237 1170 omnis
1253 1142 1339 1170 oetas
1359 1142 1395 1170 et
1409 1147 1521 1179 sexus,
1535 1142 1611 1170 tan·

902 1198 1002 1231 qnam
1018 1187 1204 1221 demissum
1221 1187 1368 1230 aliquem
1382 1188 1495 1220 visura
1510 1197 1529 1220 e
1542 1197 1611 1220 coe·

902 1238 962 1272 lo.'
997 1239 1157 1273 Juvenal.
1173 1238 1246 1271 Sat.
1262 1247 1305 1270 11.
1327 1238 1336 1255 ‘
1349 1238 1486 1271 Tertius
1502 1248 1522 1271 e
1542 1248 1611 1271 cce-

901 1290 936 1322 lo
948 1289 1077 1322 cecidit
1092 1287 1204 1321 Cato!
1240 1287 1331 1320 Vide
1346 1288 1562 1320 Macrobium
1575 1288 1610 1320 in

903 1337 995 1373 Som.
1009 1337 1160 1381 Scipion.
1176 1337 1236 1370 lib.
1251 1347 1278 1370 ι.
1293 1348 1370 1380 cap.
1387 1341 1418 1372 9.
1445 1339 1503 1371 ubi
1518 1348 1613 1381 qnae·

903 1392 961 1432 rit,
989 1400 1057 1434 quo
1083 1389 1426 1431 sensuRen-umpub.
1457 1395 1611 1422 rectores

904 1442 991 1474 coelo
1017 1437 1238 1474 descendisse
1266 1440 1439 1473 dicantur.
1485 1441 1610 1480 Porro,

908 1491 1058 1534 ‘fluere,'
1080 1492 1135 1524 hic
1148 1491 1288 1525 notione
1304 1501 1371 1524 non
1391 1491 1479 1524 adeo
1496 1492 1611 1533 vulga·

905 1543 934 1576 ri
957 1553 1020 1586 pro
1044 1542 1201 1576 ‘delabi’
1226 1543 1388 1585 positum.
1433 1543 1490 1576 Ita
1510 1543 1611 1586 Virg.

905 1594 981 1627 AEn.
1006 1603 1047 1628 ιι.
1077 1595 1087 1613 ‘
1101 1595 1211 1629 Quem
1238 1599 1314 1627 tota
1335 1595 1456 1628 cohors
1477 1595 1611 1628 imitata

905 1644 1037 1678 relictis
1066 1644 1123 1677 Ad
1144 1645 1287 1678 Terram
1316 1644 1462 1679 defluxit
1489 1645 1613 1689 equis-³

907 1695 1041 1728 Genare.
1159 1703 1164 1707 ⁴

947 1748 968 1777 4
993 1744 1139 1789 Effigies]
1160 1746 1328 1788 Princeps
1355 1746 1463 1779 editio
1493 1757 1614 1789 agnos-

901 1797 1135 1840 cit-Effigiem,
1160 1797 1252 1839 quod
1274 1807 1340 1830 non
1367 1797 1547 1840 displicet:
1572 1802 1613 1831 ut

905 1848 1010 1880 moles
1038 1847 1185 1890 effigiem
1211 1848 1426 1882 conformata
1446 1849 1614 1892 synecdo-

906 1899 1022 1932 enices
1032 1894 1224 1942 accipiatur
1237 1910 1247 1939 3
1264 1909 1327 1942 per
1342 1901 1352 1919 ⁴
1366 1901 1517 1933 caminos
1530 1900 1541 1915 ’
1555 1910 1613 1933 ve-

905 1961 945 1983 ro
959 1952 970 1969 ‘
982 1951 1140 1992 Siculos,’
1159 1951 1306 1984 Vulcani
1319 1950 1502 1994 officinam,
1513 1952 1612 1985 intel-

905 2001 979 2044 ligi,
993 2011 1095 2044 quam
1110 2010 1177 2033 non
1194 2001 1229 2033 in
1253 2002 1393 2043 Lipare,
1415 2002 1612 2044 Strongyle,

907 2052 1117 2095 Lemnoque,
1134 2050 1207 2084 ‘sed
1236 2058 1274 2085 et
1298 2053 1334 2085 in
1362 2052 1465 2085 AEtna
1485 2053 1612 2086 Siciliae

906 2108 1037 2144 monte,
1065 2107 1202 2136 veteres
1230 2108 1395 2146 statuere,
1421 2105 1536 2138 notius
1560 2109 1615 2138 est

900 2151 1011 2196 >quum
1035 2158 1075 2186 ut
1098 2153 1277 2186 admoneri
1297 2154 1437 2188 debeat.
1460 2156 1615 2188 Bernart-

907 2205 1083 2247 Steropem,
1095 2206 1167 2247 qun]
1181 2204 1371 2238 Notissima
1385 2206 1522 2238 nomina
1534 2210 1615 2239 sunt

908 2255 1110 2298 Cyclopum.
1155 2256 1244 2288 Vide
1261 2257 1447 2299 ,imprimis
1483 2257 1528 2290 de
1561 2258 1615 2290 his

907 2306 1089 2340 Scholiast.
1116 2307 1200 2340 Vet.
1224 2307 1375 2350 AEschyli
1401 2308 1446 2340 ad
1472 2308 1614 2341 Prome-

910 2358 1026 2391 theum
1043 2368 1077 2399 p.
1093 2361 1146 2390 59.
1162 2357 1324 2390 editionis
1337 2358 1592 2400 Stephanianae.

953 2411 972 2441 ὅ
996 2408 1170 2450 Palladia]
1193 2407 1347 2440 Palladis
1367 2417 1483 2450 operae
1504 2413 1542 2441 et
1565 2409 1615 2441 in·

909 2458 1011 2501 genio
1026 2458 1290 2500 praeclarissima
1309 2467 1456 2500 quasque
1470 2457 1617 2492 artificia

909 2508 1211 2542 adscribebantur.
1249 2508 1339 2540 Vide
1354 2508 1540 2541 Adversar.
1553 2508 1617 2543 lib.

909 2569 1022 2593 xxxr.
1036 2569 1113 2602 cap.
1130 2563 1162 2593 4.
1189 2562 1227 2591 et
1248 2560 1317 2592 alia
1331 2560 1408 2593 loca
1423 2566 1616 2594 nostrarum

910 2611 1142 2645 Commentat.
1162 2610 1282 2643 Barth.

952 2665 972 2695 7
982 2661 1094 2694 Ardua
1101 2660 1202 2703 Daci]
1214 2661 1347 2694 Vellem
1357 2661 1421 2694 viri
1430 2661 1523 2695 docti
1534 2672 1615 2704 ape-

909 2714 1062 2746 ruissent
1097 2713 1162 2746 hoc
1197 2713 1287 2754 loco,
1324 2722 1425 2755 quam
1454 2714 1617 2746 ‘arduam

909 2765 1048 2803 dommg·
1057 2763 1068 2779 '
1082 2763 1136 2796 hic
1148 2764 1183 2796 in
1194 2763 1303 2796 Dacia
1314 2763 1465 2798 aedificet
1474 2764 1617 2796 Statius.

909 2816 984 2859 Ego
1007 2813 1169 2849 existimo
1197 2813 1344 2848 Potitum
1373 2815 1429 2849 hic
1463 2814 1616 2850 innuisse
