1846 3120
421 218 465 250 r.
502 217 691 250 nemu
726 217 892 249 s'rA‘rn
926 216 1071 248 svnv.
1107 215 1201 249 mn.
1226 218 1258 249 ι.
1287 208 1330 249 4.

146 320 232 346 nare
255 319 348 350 urso,
371 311 461 345 irata
485 312 575 345 malo
609 312 738 352 seculo,
766 311 852 344 abiit

147 363 250 397 terris
285 363 434 396 Antron.
477 363 557 396 Jam
586 363 676 396 redit
703 363 746 395 ad
778 371 851 403 nos,

146 413 370 447 reconciliata
389 413 482 447 Jovi.
525 413 629 446 Multi
651 413 771 446 Poeta·
799 413 849 445 sic

145 465 191 497 da
204 464 374 497 redeunte
385 462 525 496 Astroea
537 464 738 506 loquuntur.
760 463 851 496 Vide

146 514 313 557 Calmrn.
331 513 512 546 claudian.
534 513 579 545 de
606 513 710 545 Cous.
728 512 849 544 Manlii

144 565 328 599 Theodori.
341 564 502 606 Virgilius
513 574 523 597 z
538 565 549 583 ⁶
557 564 580 598 J
583 573 635 596 am
644 564 731 596 redit
739 567 775 596 et
783 564 849 595 vir·

143 624 202 659 go,
216 615 364 648 redeunt
374 614 537 647 Saturnia
552 614 684 655 regna!
699 614 818 647 Barth.

186 670 207 702 ⁸
237 666 375 701 Erubuit
402 670 502 708 taam,
530 665 603 709 qt]
639 666 770 707 Verita,
799 667 850 697 in-

144 717 233 760 quit,
261 721 317 750 est
346 717 509 757 Fortuna,
536 725 613 759 quae
639 716 786 748 animum
813 719 851 748 et

145 761 274 800 vultum
291 766 484 800 Domitiani
507 766 643 808 probat,
659 776 702 798 ne
726 772 850 809 erepto

142 822 243 852 nuto
259 819 331 852 viro
353 817 454 861 proef.
476 818 568 859 urbi,
592 818 727 850 sinistra
744 817 850 851 fuisse

141 870 321 905 videretur
364 870 517 913 Imperio
548 870 638 912 quod
671 875 741 902 tam
779 871 850 902 alte

142 923 334 964 erexeram
356 927 396 956 ut
418 922 454 955 in
476 916 684 954 testamento
700 921 849 963 Augusti

142 974 313 1016 scriptum
328 977 418 1015 erat,
442 977 564 1006 autore
575 973 720 1006 Sueten.
743 973 777 1004 in
793 973 849 1004 'ri-

144 1022 219 1056 ber.
257 1032 337 1066 cap.
363 1025 418 1057 1⁸.
462 1024 472 1043 ‘
496 1023 665 1058 Quoniam
709 1024 850 1056 sinistra

142 1073 298 1107 Fortuna
323 1074 365 1107 C.
394 1077 431 1106 et
455 1074 539 1108 Luc.
562 1073 651 1106 filios
681 1073 760 1106 mihi
784 1074 849 1106 eri-

145 1124 234 1166 puit,
251 1123 372 1157 'siben
388 1124 508 1157 Cesar
521 1123 606 1156 mihi
621 1133 665 1156 ex
682 1128 783 1165 parte
799 1124 849 1156 di-

143 1173 248 1207 midia
258 1180 296 1206 et
309 1178 467 1207 sextante
481 1175 582 1206 heres
599 1174 699 1207 esto!
719 1174 847 1207 Mareu.

183 1228 208 1258 6
229 1225 463 1268 Statpnxim
476 1223 600 1266 cervix]
625 1224 681 1256 De
699 1223 846 1265 praefec-

142 1278 222 1309 turn
238 1276 394 1318 pratorii
418 1276 493 1309 haec
516 1275 623 1308 verba
645 1275 847 1316 accipienda

141 1327 316 1367 videntur,
339 1336 415 1369 qun
438 1325 623 1359 secundum
645 1325 679 1358 in
705 1325 848 1366 imperio

141 1377 256 1410 locum
271 1375 422 1410 obtinuit
443 1375 466 1408 l.
490 1375 603 1408 unica.
627 1374 667 1408 C.
692 1374 737 1406 de
761 1379 850 1407 sent.

143 1426 241 1469 pref.
257 1430 357 1469 praet.
368 1427 441 1459 etl.
459 1434 503 1459 n.
517 1427 548 1469 ς.
564 1426 652 1458 hunc
668 1425 849 1467 nnagistra-

142 1482 229 1514 tum.
244 1475 282 1510 ff.
295 1477 339 1510 de
357 1478 443 1518 orig.
457 1477 513 1519 ju.
531 1477 679 1510 Cntcetoe.

157 1552 161 1555 .
186 1531 228 1562 n
252 1528 411 1570 [agesque
424 1526 625 1568 confugiunt]
640 1527 727 1559 Fon
741 1526 850 1558 turbi-

142 1579 202 1620 da,
229 1579 404 1622 legesque,
426 1580 494 1611 dte.
514 1576 721 1621 ‚confugiunt
747 1578 781 1609 in
805 1578 850 1609 si-

143 1639 224 1662 num
248 1634 355 1662 tuum.
399 1628 490 1661 Nam
514 1628 622 1670 quiin
644 1627 719 1667 foro
732 1627 849 1670 inique

142 1679 324 1712 damnatus
344 1683 452 1720 esset,
478 1677 523 1710 ad
545 1678 711 1712 Rutilium
726 1687 848 1720 provo-

142 1731 260 1777 cahat.
271 1730 447 1764 Domitius.

184 1783 227 1814 1⁸
250 1780 365 1822 Collis]
387 1780 608 1822 Interpreles
622 1779 678 1812 hic
701 1787 765 1822 per
785 1781 847 1812 eol-

141 1834 216 1875 lrns,
232 1833 441 1866 Parnassum
457 1831 672 1873 intelligunt,
695 1836 732 1864 et
755 1830 848 1863 Poe-

142 1889 210 1916 tas.
255 1881 348 1917 Quin
372 1882 485 1925 potius
524 1881 646 1924 aliquis
675 1890 718 1913 ex
753 1882 848 1913 urbis

140 1932 299 1975 collibus,
325 1937 386 1966 ant
411 1931 633 1976 AEsquilinns‚
654 1932 848 1973 Palatium,

141 1990 201 2017 aut
223 1984 450 2026 Capitulinus,
477 1987 537 2016 aut
566 1982 652 2015 alins
679 1983 846 2026 quispiam

140 2034 389 2077 intelligendus
404 2039 469 2071 est,
485 2035 520 2066 in
549 2043 617 2076 quo
638 2034 788 2066 Rutilius
811 2039 847 2067 et

141 2085 255 2118 Poeta
278 2089 396 2117 noster
409 2084 625 2117 habitabant.
668 2085 746 2117 Hoc
768 2095 848 2117 con-

141 2133 259 2168 firmat
282 2134 472 2167 simillimus
497 2135 592 2167 loeus
617 2142 671 2166 iv.
687 2136 780 2176 sylv.
797 2138 855 2168 1⁷.

142 2185 320 2218 Consulat.
346 2185 474 2227 Imper.
504 2185 561 2217 ubi
589 2186 711 2217 collem
738 2186 849 2219 Evan-

140 2236 254 2269 drium
263 2235 367 2277 jubet
382 2235 552 2268 exultare.
578 2235 710 2267 Gevurt.

185 2279 237 2319 1⁷⁵
250 2285 321 2319 Nec
334 2289 469 2323 tantum,
484 2285 554 2328 δῖα]
577 2286 642 2318 vir
669 2285 792 2319 doctus
814 2287 849 2319 in

140 2338 280 2380 nuperis
295 2337 366 2370 suis
378 2338 643 2379 commentariis,
657 2339 778 2371 asserit
789 2339 846 2371 ad-

141 2387 218 2420 dita
245 2387 404 2421 litterula
434 2397 496 2430 pro
533 2387 622 2427 sutis
664 2390 848 2431 legendum

133 2438 254 2480 suuis.-
274 2439 286 2457 ⁸
299 2439 376 2471 Nec
389 2442 521 2471 tantum
537 2439 713 2473 induerint
735 2441 847 2474 Fastis

140 2498 232 2523 nova
247 2490 374 2523 soecula
387 2489 541 2533 crimen‚’
556 2493 623 2524 &c.
677 2493 746 2525 Sed
765 2494 846 2526 nihil

139 2539 198 2574 hic
220 2540 433 2582 mutandum,
461 2541 558 2574 locus
583 2543 721 2575 omnino
746 2552 847 2576 sanus

139 2595 207 2624 est.
250 2590 356 2631 Nam,
385 2594 426 2623 ut
450 2600 556 2633 supra
580 2591 737 2635 diximus,
760 2594 846 2626 sole-

139 2640 203 2674 bat
217 2640 323 2683 impis
337 2641 397 2674 illa
407 2641 595 2682 priscorum
608 2643 715 2683 natio,
724 2644 846 2687 siquid

141 2689 278 2723 adversi
294 2690 357 2723 sibi
380 2695 441 2723 aut
456 2700 501 2722 ex
523 2692 706 2725 amicornm
722 2698 845 2733 morte,

142 2744 204 2772 aut
219 2740 357 2774 aliunde
369 2741 556 2783 accideret,
566 2742 680 2775 subito
690 2743 724 2775 in
741 2744 846 2786 Deos,

142 2792 181 2824 et
189 2788 277 2823 Fata
286 2790 400 2825 verbis
415 2791 551 2826 saevire.
566 2791 691 2827 Omnia
700 2803 846 2841 namque

1492 179 1605 252 1658

899 311 1088 345 infortunIa
1117 321 1179 345 sua
1207 311 1358 345 fatorum
1390 321 1431 345 ac
1452 313 1605 347 Deorum

899 364 1041 397 crimine
1052 368 1089 396 et
1100 363 1229 396 invidia
1241 363 1307 396 sibi
1319 363 1477 397 accidere
1486 364 1608 396 existi·

899 415 1050 446 mabant.
1074 414 1166 446 Hinc
1178 414 1377 447 solemniter
1389 423 1454 446 vox
1466 412 1524 446 illa
1530 415 1609 457 jac-

899 465 1038 497 tabatur
1051 465 1061 483 ‘
1075 465 1237 497 Fatorum
1251 465 1408 507 crimen,'
1431 467 1441 484 ⁴
1454 465 1607 498 Deorum

897 514 1052 555 crimen‚’
1078 516 1144 547 &c.
1189 515 1341 547 Martial.
1372 524 1411 548 x.
1430 515 1532 558 Epig.
1551 518 1606 549 ol.

899 566 1062 607 Epitaph.
1075 566 1199 607 puellae
1226 566 1401 597 sexennis:
1433 567 1443 585 ⁶
1457 566 1526 598 Hic
1540 565 1609 599 fes-

899 618 1011 650 tinata
1026 616 1210 659 requiescit
1226 616 1368 648 Erotion
1385 614 1518 657 umbra,
1533 616 1607 649 Cri-

898 668 988 700 mine
1007 677 1108 709 quam
1120 665 1182 699 fati
1195 670 1294 699 sexta
1310 667 1446 708 peregit
1461 666 1606 709 hyems-⁸

898 720 952 751 Ex
962 719 1028 751 hoc
1044 723 1080 751 et
1102 718 1176 750 aliis
1191 718 1302 750 clarus
1318 722 1371 750 est
1392 718 1494 750 Statii
1504 719 1602 751 locus

899 779 1062 813 praesens,
1085 770 1183 812 cujus
1211 770 1409 802 hic-sensns
1439 774 1502 802 est.
1547 769 1605 801 Dii

899 821 1106 863 prohibeant
1128 828 1172 852 ne
1198 831 1278 853 nova
1308 821 1436 861 soeculu,
1470 821 1507 853 id
1539 824 1606 862 est,

898 873 977 906 anni
990 872 1111 915 quibus
1122 872 1193 904 ludi
1209 872 1390 904 saecnlares
1396 873 1469 914 jam
1487 882 1607 905 recen-

898 929 952 957 ter
967 924 1133 956 celebrati
1150 927 1241 961 sunt,
1266 924 1359 956 Fatis
1379 924 1496 956 crimen
1515 925 1609 956 indu-

897 978 965 1015 unt,
989 974 1023 1006 id
1049 979 1103 1008 est
1122 974 1210 1006 Fata
1226 979 1403 1011 accusent,
1424 974 1514 1016 quod
1531 979 1608 1006 tan-

898 1030 970 1058 tum
1003 1025 1114 1057 virum
1140 1025 1243 1071 ‘nobis
1273 1025 1475 1067 eripuerint.
1526 1025 1609 1057 Eie-

898 1080 1022 1118 ganter
1051 1080 1164 1109 antem
1192 1075 1294 1117 dixit,
1321 1075 1476 1107 ‘crimen
1503 1074 1607 1108 alicui

898 1125 1065 1166 induere,'
1091 1136 1156 1168 pro
1181 1125 1391 1166 insimulare,
1417 1129 1454 1158 et
1476 1125 1606 1161 crimen

898 1175 1073 1217 affingere.
1118 1175 1174 1207 Ita
1189 1174 1335 1209 Quintil.
1348 1175 1406 1207 lib.
1422 1183 1474 1207 lv.
1488 1184 1567 1217 cap.
1581 1184 1608 1207 1.

898 1227 908 1244 ‘
925 1227 1054 1258 Pictam
1067 1225 1255 1257 orationem
1266 1226 1423 1266 personis
1439 1225 1610 1266 induere:

898 1277 1001 1309 dixit.
1034 1277 1173 1308 Lucret.
1199 1275 1260 1307 lib.
1287 1284 1338 1307 nr.
1382 1274 1453 1307 ‘At
1482 1284 1545 1308 nos
1569 1275 1606 1307 in

897 1327 1055 1361 fraudem
1070 1325 1262 1359 induimus.'
1289 1326 1423 1358 Gevart.

941 1381 983 1411 18
1005 1378 1075 1410 Aut
1089 1377 1272 1415 instaurati,
1287 1375 1359 1418 ssa]
1383 1376 1477 1408 Illud
1505 1385 1607 1419 supe-

898 1429 990 1461 riora
1014 1427 1208 1460 confirmat.
1254 1427 1344 1459 Nam
1368 1427 1457 1460 Ludi
1473 1427 1607 1459 Taren-

898 1479 962 1512 tini
988 1488 1049 1510 seu
1073 1477 1257 1510 saeculares
1282 1477 1361 1509 ideo
1385 1481 1486 1510 eraut
1507 1477 1609 1510 insti-

898 1530 978 1571 tuti,
1001 1534 1040 1562 ut
1071 1529 1166 1561 Deos
1195 1528 1382 1561 infernales
1409 1529 1609 1571 Plutonem,

897 1581 1156 1623 Proserpinam,
1179 1585 1215 1612 et
1250 1580 1381 1612 Parcas
1413 1580 1606 1622 placarent,

899 1637 1004 1674 atque
1033 1634 1230 1670 exorarent,
1259 1639 1303 1662 ne
1333 1630 1531 1671 pestilentia
1550 1640 1608 1662 ur-

898 1682 976 1714 bem
991 1681 1186 1720 invaderet,
1200 1685 1307 1722 utque
1318 1680 1362 1712 ab
1378 1681 1469 1712 omni
1484 1680 1608 1714 morbo

899 1733 963 1764 viri
979 1732 1074 1764 urbis
1090 1731 1242 1773 primarii
1265 1737 1499 1771 servarentur,
1514 1735 1609 1764 teste

897 1783 1050 1815 Valerio.
1081 1782 1206 1823 Itaque
1223 1790 1299 1813 cum
1317 1781 1537 1813 Domitianus
1552 1790 1609 1814 re-

899 1839 1017 1868 center
1051 1834 1151 1866 ludos
1177 1833 1381 1865 Tarentinos
1407 1833 1608 1866 celebrave-

898 1891 964 1928 rat,
979 1890 1184 1928 peccassent
1204 1892 1286 1916 sane
1308 1883 1379 1923 Dii,
1396 1883 1423 1915 si
1438 1882 1607 1915 Rutilium

898 1937 988 1968 hunc
1006 1936 1123 1968 statim
1148 1933 1245 1966 initio
1271 1933 1351 1965 novi
1373 1933 1491 1966 saeculi
1516 1933 1608 1966 abri-

898 1987 1066 2028 puissent.
1112 1986 1158 2017 Et
1174 1992 1245 2017 tum
1267 1983 1389 2015 merito
1414 1983 1608 2025 potuissent

899 2037 1043 2070 Romani
1060 2037 1148 2068 Fata
1171 2040 1207 2067 et
1229 2035 1326 2067 Deos
1347 2033 1535 2067 infernales
1551 2043 1607 2067 ac-

899 2096 1032 2128 cusare,
1069 2085 1158 2128 quod
1189 2094 1253 2126 pro
1291 2085 1461 2117 institutis
1494 2094 1606 2127 nuper

898 2139 1074 2171 sacrificiis
1087 2138 1232 2170 fuissent
1248 2138 1386 2179 ingrati.
1410 2137 1510 2170 Idem.

941 2193 984 2223 23
1008 2191 1109 2222 Docto
1141 2199 1197 2221 nec
1231 2188 1315 2220 enim
1350 2189 1419 2220 sine
1452 2187 1607 2229 carmine]

898 2242 987 2274 Ven.
1014 2244 1051 2272 et
1076 2239 1178 2272 Salis.
1194 2239 1332 2280 numine,
1346 2239 1436 2281 quod
1460 2243 1498 2271 et
1520 2239 1607 2271 Ber·

898 2291 1029 2323 nai-tius
1046 2295 1212 2322 annotat:
1235 2299 1300 2321 nec
1326 2299 1412 2331 opus
1438 2299 1516 2321 cnm
1538 2289 1605 2321 Be·

897 2343 1010 2375 hottio
1034 2345 1155 2374 nactus.
1207 2341 1324 2382 Ipsum
1357 2340 1448 2372 enim
1478 2339 1606 2372 decora

898 2393 1035 2426 dedisse
1057 2398 1148 2434 togae
1171 2392 1233 2432 ait,
1255 2396 1294 2423 ut
1306 2392 1438 2432 Trogus
1454 2390 1498 2422 de
1514 2391 1605 2432 Epa-

897 2443 1070 2483 minonda,
1085 2443 1135 2475 ita
1143 2443 1290 2474 bonores
1305 2442 1461 2482 gessisse,
1474 2441 1484 2459 ‘
1497 2445 1536 2472 ut
1552 2450 1606 2472 or-

897 2498 1095 2527 namentum
1127 2502 1196 2524 non
1228 2492 1399 2533 accipere,
1428 2491 1490 2523 sed
1519 2490 1604 2523 dare

895 2544 962 2587 ipsi
978 2543 1140 2584 dignitati
1153 2541 1352 2574 videretur!
1376 2542 1516 2574 Gronov.

938 2595 982 2625 24
1008 2594 1201 2633 centumque
1211 2590 1343 2632 dedisti]
1361 2591 1603 2624 Cassiod.loco

896 2644 1061 2676 laudato:
1085 2644 1094 2662 ‘
1110 2642 1225 2684 Supra
1250 2651 1367 2674 omnes
1397 2642 1604 2674 Consulares

894 2694 1103 2727 sententiam
1127 2694 1260 2735 primus
1285 2692 1383 2724 dicis.
1427 2692 1470 2724 In
1498 2692 1604 2724 liber·

895 2746 978 2779 tatis
1014 2745 1092 2777 aula
1120 2743 1318 2777 commissos
1347 2743 1454 2775 habes
1480 2743 1604 2775 Mundi

894 2794 1099 2840 primarios-³
1137 2795 1311 2828 Caeterum
1326 2797 1366 2844 ut
1373 2792 1541 2836 judicium
1558 2792 1602 2824 ab
