1846 3120
219 236 332 278 1142
696 246 759 278 r.
794 246 984 277 PAPINH
1019 245 1183 278 s'rA‘rn

218 341 344 383 Trux
364 353 497 395 puer:
530 341 685 382 orbata
705 339 855 383 florem
875 344 1003 395 pater
1023 342 1149 385 alluit
1169 342 1306 384 unda.

219 406 334 458 Quis
354 408 434 450 tibi
457 406 700 449 Phoebaeas
721 409 854 460 acies,
875 415 1162 464 veteremque
1181 409 1382 451 revolvat

219 473 456 516 Phocida?
489 475 566 528 qui
588 474 818 528 Panopen,
841 475 918 529 qui
942 475 1151 528 Daulida,
1174 477 1251 530 qui
1272 475 1566 531 Cyparisson,

221 539 277 582 Et
296 541 448 591 valles,
469 542 696 593 Lebadea‚
719 546 831 593 tuas,
852 546 896 584 et
917 542 1197 597 Hyampolin
1220 543 1313 586 acri

222 606 468 650 Subnixam
488 609 696 663 scopulo,
716 609 791 650 vel
813 609 891 663 qui
911 608 1169 652 Parnasson
1189 615 1425 666 utrumque

223 673 319 717 Aut
339 673 553 729 Cyrrham
576 675 726 726 tauris,
747 675 1125 732 Anemoriamque
1147 679 1368 733 supinant,

1593 542 1684 586 845

221 785 354 828 ephebus
372 786 469 827 pallet
487 787 522 818 in
537 787 626 826 agris
649 787 840 828 Thespiacis,
861 790 890 819 et
903 787 1030 827 genitor
1048 788 1164 829 irrigat
1179 789 1290 822 orbata
1303 800 1383 832 aqua
1398 790 1528 832 florem,
1547 790 1582 823 ιἰι
1595 799 1685 833 quen

221 839 383 861 conversus
397 834 456 861 est.
502 830 582 865 Quis
596 829 656 861 tibi
669 830 812 870 expediet
827 830 931 870 copias
947 830 1140 872 Apollineas,
1156 836 1188 864 et
1202 833 1363 874 antiquam
1378 832 1559 872 Phocidem,
1580 834 1613 866 et
1632 843 1684 866 eos

221 871 274 912 qui
290 872 392 903 colunt
409 872 568 912 Panopen,
592 872 644 912 qui
661 872 840 911 Daulidem,
855 873 908 913 qui
926 874 1128 914 Cyparisson,
1151 878 1184 906 et
1198 879 1268 907 tuas
1283 876 1389 915 valles,
1414 885 1433 907 o
1455 875 1607 916 Lebadia,
1627 880 1684 909 aut

224 914 426 955 Hyampolim
440 914 596 945 conditam
610 915 642 946 in
659 914 755 946 arduo
768 916 900 956 scopulo,
915 916 962 947 vel
976 925 1026 948 eos
1039 917 1093 959 qui
1108 916 1199 949 bobus
1215 917 1381 951 moliuntur
1391 921 1553 960 utrumque
1565 918 1684 962 jugam

825 998 1070 1012 oooooooooooo

224 1041 306 1074 Put.
321 1040 444 1073 Petav.
460 1040 558 1073 Lind.
575 1045 610 1073 et
625 1042 837 1075 cruce—342
860 1044 999 1077 Behott.
1013 1047 1044 1076 1.
1059 1047 1091 1076 2.
1105 1044 1322 1077 abluite-843
1345 1045 1468 1079 Behot.
1483 1048 1514 1078 1.
1525 1045 1660 1080 revolvet
1669 1057 1685 1086 ;

224 1085 348 1117 Behot.
360 1085 609 1116 renonem—344
625 1085 789 1117 Phocida?
810 1086 879 1126 quis
893 1087 1040 1128 Panope?
1062 1088 1131 1128 quis
1151 1088 1291 1120 Aulida?
1311 1097 1359 1135 qs.
1371 1087 1560 1130 Cyparisson
1574 1088 1684 1132 Lang-
1707 1118 1715 1126 .

225 1142 325 1173 Laur.
346 1143 495 1183 Lipsian.
513 1148 547 1176 et
562 1143 693 1175 Buslid.
708 1148 745 1175 et
769 1144 816 1175 ita
842 1153 976 1189 quoque
992 1144 1070 1176 edd.
1088 1149 1174 1177 vett.
1193 1146 1245 1186 qui
1261 1144 1432 1187 Panopen?
1451 1145 1526 1188 quid
1539 1145 1683 1190 Aulida?

226 1194 311 1215 unus
326 1185 450 1217 Behot.
478 1186 569 1217 unde
595 1191 714 1227 postea
738 1192 929 1217 correctum
943 1197 952 1218 ι
975 1187 1029 1228 qui
1044 1186 1196 1226 Daulida,
1218 1193 1369 1220 retracta
1383 1188 1487 1220 litera
1500 1190 1521 1221 d
1536 1198 1557 1220 a
1573 1190 1680 1231 priori

226 1227 391 1267 dictione,
407 1232 443 1259 et
459 1228 597 1260 admota
620 1229 799 1268 posteriori
822 1229 889 1260 καθ’
913 1227 1000 1270 ὑφὲν,
1023 1230 1093 1270 quic
1112 1230 1271 1271 ipat-fissos.
1315 1231 1357 1263 In
1374 1231 1441 1263 alio
1465 1231 1589 1264 Behot.
1633 1232 1683 1264 uis

225 1269 395 1311 Panopem,
418 1270 486 1311 quis
509 1271 661 1312 Daulida,
683 1271 752 1312 quis
773 1271 977 1312 Ciparissam.
1019 1272 1109 1304 Vide
1127 1272 1211 1304 Not.
1229 1273 1420 1309 Van—345
1443 1273 1583 1318 Lebadia
1611 1242 1681 1307 Re-

225 1312 313 1343 hott.
328 1315 358 1344 l.
374 1315 407 1346 2.
430 1312 562 1344 Lebidia
578 1313 658 1346 Put.
680 1314 800 1346 Petav.
816 1314 1045 1355 Lindenbrog.
1069 1319 1104 1346 et
1129 1315 1227 1347 Cruc.
1262 1315 1398 1347 Lebedia
1426 1315 1517 1348 Dan.
1545 1316 1684 1358 hiapolin

226 1364 312 1385 unus
336 1355 565 1387 Bellon-346
588 1356 778 1388 Submissam
802 1358 924 1397 scopulo
947 1356 1052 1388 Aldd.
1079 1357 1188 1389 Colin.
1203 1357 1336 1399 Gryph.
1352 1358 1458 1392 Basil.
1469 1363 1505 1390 et
1520 1358 1684 1391 Plani.—

226 1398 288 1428 34⁷
311 1398 538 1429 AEnenwraeam
553 1398 658 1439 Lang.
677 1399 777 1431 Laut.
795 1399 927 1431 Buslid.
945 1399 1098 1441 Lipsian.
1112 1405 1147 1433 et
1160 1399 1238 1432 edd.
1254 1405 1340 1433 vett.
1360 1401 1576 1434 Anemoreiam
1597 1401 1684 1444 legit

880 1475 1022 1509 NOTAE

228 1535 309 1557 vero
326 1535 424 1558 coma
439 1532 475 1559 et
492 1528 617 1560 vestitu
641 1528 722 1560 nihil
738 1527 927 1564 differenti.

227 1575 353 1607 Solitos
365 1576 462 1608 simul
479 1578 610 1618 venari,
625 1583 660 1610 et
677 1588 819 1619 puerum
835 1589 927 1612 soro-

228 1626 273 1657 ris
299 1636 413 1659 amore
439 1632 598 1669 captum:
623 1637 664 1660 ea
689 1639 766 1660 cum
793 1634 928 1662 mortua

227 1675 363 1717 fuisset,
401 1678 540 1712 solitum
578 1688 654 1711 eum
689 1679 860 1711 ventitare
885 1681 928 1712 ad

227 1724 381 1757 fontem:
406 1727 440 1757 in
455 1736 523 1768 quo
539 1737 614 1760 curn
639 1737 732 1760 suam
745 1729 928 1770 imaginem

227 1775 432 1818 intueretur,
446 1781 605 1820 tanquam
619 1779 647 1810 si
662 1788 730 1811 non
747 1789 854 1816 suam,
867 1780 927 1812 sed

228 1827 352 1859 sororis
369 1828 551 1869 imaginem
567 1834 647 1862 ante
663 1831 778 1862 oculos
793 1831 927 1863 habuis-

229 1883 295 1918 set,
321 1879 482 1911 desiderii
498 1889 539 1911 ex
556 1889 596 1912 eo
618 1882 668 1912 sni
691 1882 847 1913 solatium
870 1883 928 1914 ali-

227 1930 317 1972 quod
334 1940 459 1972 capere
475 1932 702 1964 consuevisse.
734 1933 924 1974 Thespiacis]

228 1983 258 2014 A
284 1981 440 2022 Thespiis
468 1981 553 2014 urbe
578 1982 734 2019 Boeotiae,
766 1983 925 2015 Heliconi

206 2060 211 2063 ,
226 2031 395 2071 proxima,
407 2041 481 2073 quae
495 2031 648 2064 imminet
664 2033 754 2064 sinui
770 2033 924 2066 Crissaeo.

227 2080 327 2112 Unde
362 2081 473 2118 Musae
511 2082 521 2100 ‘
534 2082 744 2124 Thespiades
757 2082 777 2110 '-
804 2083 922 2116 dictae·

228 2130 347 2171 Pallet]
370 2130 412 2161 In
427 2129 547 2163 florem
563 2137 727 2164 mutatus.

270 2184 333 2213 342
349 2181 491 2222 Florem]
515 2182 606 2216 Quia
623 2183 804 2216 Narcissus
818 2185 854 2216 in
869 2184 927 2216 flo-

228 2241 299 2262 rem
319 2236 471 2263 mutatus
485 2237 547 2264 est.
593 2233 646 2264 De
665 2233 829 2266 Narcisso
842 2234 927 2267 flore

228 2281 308 2313 vide
324 2282 472 2313 Plinium
500 2282 558 2314 lib.
576 2291 657 2315 xx1.
683 2293 759 2325 cap.
776 2288 808 2316 5.
825 2289 862 2317 et
876 2287 928 2317 19.

227 2331 342 2372 Pater]
365 2332 550 2373 Cephissus
563 2332 717 2366 Narcissi
732 2339 842 2375 pater.

270 2385 333 2414 343
345 2383 507 2416 Plroebaeas
516 2383 611 2424 acies,
625 2388 817 2426 veteremque
827 2388 927 2418 revol-

225 2436 281 2464 vat
298 2432 452 2473 Phocida]
474 2434 563 2467 Quia
578 2435 754 2476 praecipua
773 2440 810 2468 et
831 2437 926 2469 nobi·

227 2483 313 2515 liora
338 2483 500 2514 Phocidis
525 2484 601 2516 loca
626 2483 778 2526 Apollini
806 2496 924 2520 conse-

228 2537 324 2565 crata
349 2539 460 2574 erant,
486 2533 563 2566 ideo
587 2535 784 2568 Phocenses
809 2538 924 2579 copias

227 2583 391 2616 Phoeboeas
416 2590 529 2617 vocat.
583 2585 637 2618 De
667 2587 818 2620 Phocide
846 2590 925 2622 vide

227 2633 333 2666 Theb.
351 2642 376 2665 ι.
392 2637 445 2666 64.

268 2686 332 2715 344
356 2684 421 2720 Qui
438 2685 599 2726 Panopen,
619 2687 674 2727 qui
696 2688 848 2730 Daulida,
874 2691 928 2732 qai

230 2734 433 2775 Cyparisson,
446 2736 493 2766 Et
506 2737 615 2772 valles,
632 2737 787 2778 Lebadea,
802 2743 886 2777 tuas,
896 2745 926 2773 et

228 2783 421 2827 Hyampolin
435 2786 501 2818 acri
515 2786 689 2819 Subnixam
703 2790 841 2832 scopulo]
859 2791 926 2823 Pa.

983 1540 1083 1572 nope,
1099 1531 1232 1573 Daulis,
1257 1531 1386 1573 oppida
1409 1531 1586 1571 Phocidis,
1599 1541 1683 1575 qua·

984 1591 1056 1613 rum
1072 1583 1197 1614 ultima
1212 1586 1287 1614 erat
1301 1582 1382 1614 olim
1393 1581 1602 1614 subditione
1614 1583 1681 1615 Te·
1702 1578 1704 1581 ’

983 1632 1032 1663 rei
1052 1633 1221 1665 Thracum
1238 1632 1350 1674 regis3
1375 1631 1466 1664 unde
1488 1633 1682 1667 Philomela

982 1683 1142 1715 ‘Daulias
1155 1683 1164 1698 '
1188 1683 1326 1723 dicitur,
1351 1683 1444 1726 quod
1468 1684 1502 1716 in
1527 1693 1568 1716 ea
1596 1684 1682 1717 urbe

984 1734 1109 1769 violata
1131 1733 1198 1767 fuit
1213 1745 1232 1766 a
1247 1735 1368 1772 Tereo,
1397 1739 1434 1767 et
1456 1735 1492 1767 in
1511 1744 1613 1768 avem
1630 1735 1683 1768 sni

982 1784 1126 1816 nominis
1149 1793 1326 1817 conversa.
1370 1785 1572 1827 Cyparissos
1602 1786 1682 1818 urbs

983 1835 1155 1876 Phocidis,
1165 1836 1258 1868 circa
1270 1836 1422 1877 Delphos
1431 1835 1480 1868 ‘ab
1491 1837 1564 1877 ejus
1579 1836 1681 1869 arbo-

982 1885 1028 1916 ris
1036 1884 1234 1927 frequentia
1244 1890 1378 1918 vocata.
1390 1885 1540 1918 Lebadia
1551 1886 1679 1920 Nostro

980 1936 1034 1967 hic
1047 1937 1128 1968 urbs
1135 1936 1308 1976 Phocidis,
1318 1936 1498 1968 Pausaniae
1511 1945 1594 1969 vero
1602 1932 1688 1969 Boe-'

980 1987 1074 2028 otiae,
1086 1988 1150 2019 nisi
1164 1988 1231 2020 sint
1245 1988 1320 2019 duae
1336 1987 1439 2020 urbes
1453 1987 1609 2029 ejusdem
1621 1997 1682 2022 no·

979 2037 1147 2078 miuis‚vel
1160 2047 1227 2069 una
1238 2039 1359 2078 solum,
1367 2047 1444 2080 quae
1452 2047 1542 2075 nnnc
1553 2039 1682 2071 tribna-

979 2092 1036 2120 tur
1044 2088 1297 2129 Phocidi,nunc
1305 2089 1459 2121 Boeotiae.
1475 2089 1682 2122 Eratautem

981 2147 1080 2175 sacra
1090 2137 1256 2179 Apollini.
1301 2138 1506 2182 Hyampolis
1519 2139 1681 2182 oppidum

981 2187 1147 2219 Phocidis
1162 2187 1205 2219 ad
1219 2187 1425 2220 Parnassum
1441 2194 1602 2222 montem.
1618 2190 1683 2222 Est

982 2242 1018 2269 et
1047 2237 1250 2278 Hyampolis
1280 2237 1392 2270 altera
1420 2238 1615 2271 Ptolemaeo
1645 2239 1682 2272 in

982 2288 1130 2328 Boeotia,
1146 2297 1218 2319 non·
1229 2289 1350 2329 procul
1365 2289 1409 2321 ab
1424 2289 1659 2324 Orchomeno.

1026 2341 1091 2370 346
1117 2337 1173 2370 Vel
1199 2338 1253 2379 qui
1284 2339 1468 2372 Parnasson
1501 2340 1687 2383 manuque]

983 2386 1026 2419 Id
1042 2391 1107 2428 est,
1133 2387 1216 2419 duos
1230 2388 1378 2421 vertices
1399 2388 1574 2431 Parnassi,
1598 2398 1682 2432 qno·

979 2447 1054 2470 rum
1067 2447 1153 2470 unus
1161 2438 1288 2470 Bacchi
1297 2447 1408 2480 sacer,
1417 2439 1505 2472 alter
1515 2437 1683 2481 Apollini.

979 2489 1044 2521 Vel
1068 2497 1132 2529 per
1155 2491 1319 2529 utrumque
1342 2489 1509 2531 intelligit
1534 2490 1681 2532 populos

979 2539 1038 2582 qui
1067 2539 1260 2571 Parnasson
1289 2539 1369 2572 hinc
1406 2543 1443 2572 et
1472 2539 1552 2573 inde
1581 2549 1681 2574 acco·

978 2590 1068 2621 lunt.

1020 2641 1083 2671 34⁷
1110 2639 1283 2681 Cyrrhum]
1306 2639 1440 2681 cyrrha
1461 2639 1544 2673 urbs
1558 2640 1682 2674 Phoci-

980 2690 1043 2731 dis,
1055 2690 1196 2722 oraculo
1205 2689 1375 2731 Apollinis
1390 2690 1550 2723 celebris.
1592 2691 1678 2724 Ane-

979 2739 1182 2781 moriamque]
1205 2739 1389 2780 Anemoria
1403 2739 1566 2782 oppidum
1588 2741 1680 2774 Pho·

980 2790 1078 2824 cidis.
1123 2789 1166 2824 Iu
1181 2790 1244 2828 hac
1256 2795 1370 2825 autem
1397 2790 1532 2825 urbium
1555 2792 1679 2828 Phoci-
