1846 3120
267 223 380 269 1596
764 235 804 266 P.
838 234 1031 267 ΡΑΡιΝιι
1063 234 1230 268 s'rA'rn

266 331 365 382 Eia,
386 344 484 385 age,
503 343 652 386 rumpe
671 343 842 374 moras:
873 331 982 383 sine,
1004 332 1175 386 perfida
1189 332 1357 387 palleat
1376 332 1472 384 Ide,

267 398 327 441 Et
335 397 468 453 juvet
482 398 580 440 haec
601 398 756 440 audire
773 401 962 452 patrem,
983 398 1243 453 pudeatque
1263 399 1470 442 dolosam

268 466 344 507 Sic
365 469 509 519 prote
527 465 733 508 timuisse
751 466 932 509 Thetin:
956 466 1050 521 jam
1071 469 1230 521 pectus
1250 467 1415 509 amictu
1547 467 1551 471 ’
1638 464 1726 510 200

267 532 501 575 Laxabat:
532 546 631 574 curn
653 535 818 587 grande
835 534 942 575 tuba
955 533 1043 589 (sic
1056 532 1234 589 Jussus)
1254 533 1442 589 Agyrtes

268 599 492 642 Insonuit:
523 600 693 654 fugiunt
712 600 908 655 disjectis
929 601 1122 655 undique
1138 601 1283 652 donis,

268 666 603 721 Implorantque
622 670 806 722 patrem,
828 671 1138 721 commotaque
1159 668 1316 722 praelia
1333 667 1533 710 credunt.

270 734 400 776 Illius
420 734 597 777 intactae
615 735 817 777 cecidere
839 748 867 777 a
887 739 1061 789 pectore
1081 740 1245 778 vestes.

247 810 251 813 ‘
267 800 298 844 J
301 814 374 842 am
393 801 592 856 clypeus,
613 802 872 856 breviorque
892 815 1025 843 manu
1043 805 1311 847 consumitur
1328 805 1474 856 hasta,
1643 803 1732 847 205

266 868 412 923 (Mira
431 867 563 923 fides)
583 868 874 923 Ithacumque
893 869 1085 911 humeris
1105 871 1321 913 excedere
1340 872 1480 923 visus,

270 936 564 990 AEtolumque
581 936 765 980 ducem:
795 940 966 990 tantum
986 938 1136 979 subita
1157 950 1292 989 arma,
1313 940 1521 993 calorque

271 1003 464 1046 Martius
483 1004 700 1046 horrenda
719 1004 949 1046 confundit
967 1005 1067 1047 luce
1086 1010 1287 1059 penates.

271 1071 578 1126 Immanisque
598 1072 748 1125 gradu,
769 1085 853 1114 ceu
873 1073 1076 1126 protinus
1100 1073 1300 1116 Hectora
1321 1086 1528 1128 poscens,

271 1139 371 1180 Stat
389 1138 563 1180 medius
585 1139 836 1192 trepidante
859 1139 1009 1182 domo.
1071 1139 1227 1182 Peleia
1247 1142 1371 1195 virgo
1616 1159 1619 1162 ·
1642 1140 1732 1184 210

272 1205 523 1256 Quaeritur:
555 1210 624 1248 ast
644 1208 734 1248 alia
752 1208 991 1262 plangebat
1009 1213 1133 1262 parte
1153 1212 1340 1251 retectos

272 1273 511 1315 Deidamia
530 1273 676 1324 dolos,
697 1274 830 1328 cujus
852 1287 952 1315 cum
973 1275 1156 1327 grandia
1174 1276 1361 1329 primum

275 1340 507 1392 Lamenta,
529 1345 573 1384 et
591 1345 721 1384 notas
742 1342 918 1396 accepit
936 1347 1121 1397 pectore
1142 1355 1296 1393 voces,

276 1455 405 1487 Groecio
443 1456 603 1497 opperitur
625 1456 782 1497 suspensis
808 1456 946 1496 vexillis,
977 1456 1107 1497 ipsaque
1136 1454 1228 1495 Troja
1254 1456 1325 1495 jum
1354 1456 1440 1489 labat
1469 1457 1597 1492 incertis
1625 1455 1734 1492 moeni-

272 1499 336 1529 bus.
387 1499 447 1530 Eia
468 1508 540 1539 age,
557 1509 597 1531 ne
613 1499 786 1531 cuncteris.-
804 1502 923 1540 patere,
938 1499 1049 1538 fallax
1066 1499 1125 1530 Ida
1145 1503 1299 1539 pavescat,
1319 1505 1351 1531 et
1369 1501 1505 1540 gaudeat
1525 1501 1649 1541 genitor
1667 1499 1733 1532 hac

271 1542 421 1581 accipere,
443 1545 474 1573 et
490 1542 697 1581 fraudulenta
715 1542 822 1574 Thetis
837 1541 996 1574 erubescat
1008 1542 1055 1573 sie
1071 1551 1130 1583 pro
1145 1544 1176 1572 te
1189 1541 1342 1573 metuisoe.
1385 1543 1463 1574 Jam
1475 1542 1614 1575 nudabat
1624 1545 1735 1583 pacm

272 1587 369 1623 veste,
393 1594 462 1616 cum
483 1584 636 1626 Agyrtes,
650 1585 700 1616 cui
714 1585 900 1626 imperatum
912 1584 1039 1622 suerat,
1064 1585 1138 1616 iuba
1152 1583 1287 1622 sortiter
1307 1585 1457 1617 insonuit.
1501 1586 1622 1617 Puelloe
1635 1583 1735 1627 diffu-

269 1626 364 1666 giunt
377 1627 518 1667 disiectis
541 1628 675 1668 undique
690 1627 879 1666 muneribus,
895 1626 1098 1668 invocavitque
1117 1625 1271 1658 auxilium
1285 1627 1398 1668 patrie,
1413 1631 1444 1659 et
1465 1631 1582 1669 putant
1595 1627 1735 1660 excitata

271 1669 452 1701 certamina.
498 1669 592 1701 Illius
605 1670 738 1701 amictus
755 1673 863 1711 sponte
884 1670 1003 1710 delapsi
1023 1673 1098 1701 sunt
1117 1680 1137 1701 a
1159 1672 1293 1709 pectore.
1336 1670 1413 1701 Jom
1426 1674 1548 1702 scutum
1561 1671 1595 1702 in
1610 1669 1735 1702 brachio

272 1715 319 1744 est
330 1722 341 1743 .-
364 1715 395 1744 et
409 1713 501 1744 hasta
516 1712 638 1744 brevior
651 1723 746 1744 ηιαηιι
760 1716 828 1744 tota
842 1712 1002 1752 impletur.
1050 1713 1112 1744 Res
1126 1711 1252 1743 creditu
1264 1712 1414 1754 difficilis,
1428 1716 1514 1744 viem
1527 1716 1575 1745 est
1588 1721 1735 1754 superare

272 1755 349 1786 totis
364 1755 499 1786 humm‘s
515 1756 656 1786 AEtolum
678 1756 799 1795 ducem,
813 1758 845 1786 et
867 1755 1029 1786 Ithacum:
1052 1757 1175 1786 tantum
1196 1764 1285 1786 armo
1305 1758 1432 1795 repente
1454 1759 1571 1796 sumta,
1584 1758 1616 1787 et
1629 1764 1736 1787 eorum

274 1797 416 1829 Martius
428 1797 543 1837 fulgor
557 1797 749 1837 confundunt
765 1799 887 1829 domum
900 1797 1051 1828 horrendo
1066 1797 1193 1828 lumine.
1236 1798 1282 1829 Et
1301 1797 1452 1829 terribilia
1465 1798 1565 1840 firmo
1577 1798 1655 1838 pede
1668 1800 1735 1829 etot

271 1840 306 1871 in
327 1839 428 1872 medio
451 1840 613 1872 trementis
628 1839 779 1881 familiae,
801 1850 857 1872 eeu
878 1841 989 1871 statim
1011 1839 1181 1871 Hectorem
1202 1843 1394 1880 provocaret.
1439 1841 1514 1872 Nou
1533 1843 1580 1872 ent
1602 1839 1738 1880 amplius

271 1883 363 1922 virgo
386 1882 475 1914 Pelei
486 1882 574 1924 filia.
623 1883 739 1915 Verum
764 1883 829 1914 alia
858 1891 899 1914 ex
922 1885 1013 1922 parte
1038 1882 1209 1914 Deidamia
1234 1882 1368 1923 deflebat
1389 1883 1567 1924 patefactos
1579 1882 1736 1921 frondeo:

273 1925 361 1965 eum
380 1928 487 1957 notam
508 1934 613 1957 vocem
634 1928 666 1957 et
687 1926 831 1966 ingentes
851 1924 986 1963 eiulatus
1006 1928 1042 1956 ut
1061 1924 1197 1966 primum
1226 1925 1365 1957 Achilles
1385 1925 1520 1966 audivit,
1549 1924 1683 1966 renim,
1702 1926 1735 1955 ee

882 2017 1125 2031 eeeaeoeuon‘

273 2087 404 2120 sumesis
415 2087 501 2119 Exc.
518 2087 622 2127 Burg.
634 2089 671 2118 at
682 2084 716 2116 in
732 2084 884 2125 margine
899 2093 961 2125 pro
976 2093 1008 2116 v.
1027 2084 1050 2116 1.
1058 2084 1333 2124 suspende-19⁷
1352 2083 1600 2124 Pergamasatt's
1614 2083 1738 2117 Petav.

274 2130 407 2171 trepidis
420 2133 534 2161 nutant
549 2129 608 2162 tibi
623 2129 785 2168 Pergama
798 2127 896 2159 muris
922 2126 1006 2167 legit
1020 2127 1214 2159 Gronovius
1230 2126 1264 2158 in
1281 2127 1395 2159 Diatr.
1410 2127 1453 2158 ad
1468 2127 1563 2168 Sylv.
1577 2135 1636 2160 111.
1651 2129 1684 2159 2.
1699 2136 1737 2168 p.

274 2176 350 2205 305.
367 2173 424 2204 ed.
439 2172 667 2204 Harum—198
680 2171 740 2202 Ida
753 2171 847 2202 Dan.
864 2170 988 2201 Petav.
1003 2174 1039 2201 et
1055 2169 1133 2201 edd.
1150 2172 1346 2201 veta—204
1362 2169 1434 2201 Lan
1461 2191 1471 2201 .
1487 2170 1587 2201 Laur.
1602 2169 1735 2205 Bualid.

279 2215 427 2256 Lipsian.
446 2215 536 2247 Dan.
552 2215 633 2246 Put.
646 2213 750 2245 Aldd.
765 2213 875 2244 Colin.
889 2212 1021 2253 Gryph.
1041 2212 1144 2243 Basil.
1161 2212 1278 2243 Plant.
1301 2179 1534 2253 Lindenfirog.
1551 2212 1654 2244 eruc.
1668 2211 1738 2244 Ge-

273 2262 362 2290 vart.
380 2258 537 2290 Grasser.
552 2261 588 2288 et
605 2256 751 2288 Amstel.
768 2255 943 2287 ceciderunt
967 2257 1092 2294 pectore
1119 2257 1239 2291 eestes,-
1262 2254 1388 2286 Petav.
1411 2254 1588 2286 oeciderunt
1611 2263 1738 2295 corpore

274 2305 374 2333 vestes
388 2311 401 2338 ;
423 2301 509 2332 Exc.
526 2301 632 2340 Burg.
649 2299 802 2330 Gronov.
818 2298 940 2329 Barth.
956 2297 1120 2328 Veen.,et
1134 2296 1263 2337 Delph.
1287 2296 1425 2328 cecidere
1439 2306 1460 2328 α
1485 2299 1608 2338 pectore
1621 2300 1737 2328 vestes.

274 2346 382 2375 -207
406 2343 493 2376 Exc.
506 2343 610 2383 Burg.
627 2343 767 2382 colorque
779 2350 792 2378 ,·
814 2340 848 2371 in
865 2339 1042 2380 margine:
1067 2340 1077 2357 ‘
1094 2338 1176 2370 alias
1191 2337 1462 2380 edomites—208
1484 2337 1572 2370 Edd.
1588 2337 1738 2371 Linden-

276 2386 373 2427 brog.
388 2389 424 2417 et
440 2385 542 2417 Cruc.
557 2384 718 2425 perfundit
731 2384 822 2421 luee‚·
845 2383 936 2413 Dan.
952 2382 1033 2413 Pur.
1049 2381 1171 2413 Petav.
1195 2381 1301 2422 Lang.
1319 2381 1420 2413 Laur.
1436 2380 1568 2413 Buslid.
1587 2381 1736 2422 Lipsien-

276 2430 361 2460 Exe.
380 2429 487 2469 Burg.
504 2427 584 2459 edd.
601 2433 687 2458 vett.
714 2426 866 2458 Gronov.
893 2425 1013 2456 Barth.
1029 2424 1139 2455 Veen.
1153 2428 1190 2455 et
1217 2424 1341 2464 Delph.
1365 2423 1526 2462 confundit
1552 2424 1739 2456 luce—209

277 2471 419 2503 Hectora
439 2473 549 2511 poscat
572 2471 656 2502 Exc.
686 2469 900 2511 Burg.—2ll
935 2467 978 2499 In
999 2466 1121 2498 iisdem
1154 2467 1236 2499 Exc.
1261 2472 1354 2507 parte
1378 2467 1627 2508 reposcit—213
1650 2466 1737 2499 Exe.

933 2549 1080 2584 NOTAE

320 2620 382 2650 198
406 2616 479 2657 Ide]
501 2617 603 2649 Mons
618 2610 798 2659 Phrygiae.'
837 2616 980 2658 Perfida]
1035 2615 1194 2657 gerebat,
1220 2614 1278 2657 qui
1307 2613 1443 2656 longior
1465 2618 1520 2647 est
1546 2614 1644 2646 liuta
1664 2613 1737 2646 bel-

277 2669 430 2709 Propter
456 2667 619 2699 violatum
640 2667 700 2709 jus
724 2667 862 2710 hospitii
877 2667 982 2700 aPa-
1035 2667 1116 2699 lion.
1573 2689 1576 2692 ,

279 2719 366 2750 ride.
418 2752 421 2755 ,
1077 2717 1142 2748 206
1164 2713 1325 2755 Ithacum]
1348 2714 1523 2755 Ulyssem.
1693 2735 1695 2737 .

319 2771 382 2801 205
407 2767 557 2809 Brevior]
571 2768 742 2810 Respectu
757 2767 866 2808 thyrsi
880 2776 980 2809 quem
1077 2769 1140 2799 207
1164 2766 1361 2807 AEtolumque
1374 2763 1498 2805 ducem]
1522 2763 1740 2798 Diomedem.
