1846 3120
295 237 410 291 1372
778 250 832 291 r.
866 259 1055 292 immun
1090 253 1254 294 s'rATn

294 353 335 404 Ι,
356 366 521 407 precor,
538 344 754 404 accelera,
769 366 825 395 ne
842 347 1071 409 proximus
1092 355 1283 412 occupet
1303 347 1512 403 Haemon.
1547 355 1551 358 ⁴

294 419 370 461 Sic
386 421 461 470 ait,
483 424 527 461 et
543 432 700 473 magna
719 423 965 464 cunctantis
980 428 1160 477 pectora
1179 425 1334 468 dextra

288 479 533 527 'Permulsit
551 487 695 537 tacite,
713 501 900 543 seseque
922 490 969 531 in
988 491 1118 532 corde
1137 492 1327 546 reliquit.

294 548 513 593 Fulminis
531 553 647 596 haud
669 555 804 597 citius
824 557 961 599 radiis
981 559 1127 601 afflata
1149 573 1383 614 cupressus

293 617 523 661 Combibit
541 620 725 664 infestas
745 627 788 664 et
809 625 947 679 stirpe
968 630 1015 667 et
1034 628 1193 668 vertice
1213 618 1430 680 flammas,

293 683 438 735 Quam
452 685 625 740 juvenis
645 689 782 731 multo
798 703 1031 744 possessus
1047 694 1224 735 numine
1244 699 1402 748 pectus

291 751 447 813 Erexit
467 765 642 804 sensus,
663 755 823 811 letique
834 749 1004 803 'invasit
1024 773 1235 803 amorem.

287 810 358 859 'Ut
377 832 480 861 vero
500 833 670 863 aversae
691 814 973 878 gressumque
994 826 1277 881 habitumque
1297 826 1481 880 notavit,

289 884 351 926 Et
371 887 564 929 subitam
583 901 610 930 a
630 890 756 931 terris
776 889 822 931 in
840 892 991 933 nubila
1010 884 1202 935 crescere
1223 893 1398 945 Manto,

289 951 546 1008 Obstupuit.
605 956 853 1017 Sequimur,
874 958 1041 1000 Divum
1060 973 1355 1016 quaecumque
1376 962 1563 1015 vocasti,

291 1019 390 1062 Nec
406 1022 531 1064 tarde
551 1036 768 1077 paremuS‚
789 1026 875 1068 ait:
899 1025 1175 1082 Jamjamque
1194 1029 1415 1081 recedenS‚

288 1086 535 1131 Instantem
555 1090 675 1132 vallo
695 1086 874 1146 Pylium
893 1096 1039 1134 tamen
1060 1092 1207 1148 Agrea
1224 1094 1336 1138 fixit.

284 1152 511 1208 'Armigeri
527 1157 695 1199 fessum
716 1159 973 1213 excipiunt:
1004 1165 1094 1202 tum
1112 1162 1270 1216 vulgus
1290 1166 1466 1206 euntem

288 1220 526 1264 Auctorem
546 1224 687 1277 pacis,
707 1231 1073 1282 servatoremque,
1094 1228 1325 1283 Deumque

287 1287 551 1332 Conclamat
570 1291 776 1345 gaudens,
797 1298 929 1347 atque
948 1295 1120 1349 ignibus
1140 1295 1294 1350 implet
1311 1288 1518 1340 honestis.
1561 1300 1564 1302 ’

1628 608 1638 638 ³
1656 594 1748 676 6⁷5⁵

1628 943 1738 1008 '680

1648 1276 1736 1343 6'85

292 1409 390 1450 Vade,
413 1421 501 1453 rogo,
519 1422 663 1453 propera,
685 1424 723 1446 ne
736 1415 844 1453 frater·
860 1415 995 1447 Haemon
1019 1417 1193 1458 proeripiat.
1238 1418 1294 1449 Sic
1317 1419 1377 1456 ait,
1401 1422 1433 1451 et
1454 1419 1550 1452 tacite
1570 1421 1735 1460 permulsit

283 1453 400 1492 pandi
414 1464 507 1485 manu
522 1456 679 1488 tardantis
691 1461 828 1497 pectora,
843 1462 873 1490 et
887 1467 954 1489 sese
968 1459 1095 1500 reliquit
1109 1460 1142 1491 in
1157 1460 1222 1499 qius
1233 1462 1334 1492 corde.
1380 1461 1547 1502 Cupressum
1559 1463 1668 1505 afflata
1680 1472 1735 1494 ra-

285 1495 350 1527 diis
363 1496 511 1533 fulminis
534 1507 594 1529 non
614 1508 706 1540 ocyus
720 1500 853 1540 concipit
870 1501 1011 1532 inimicas
1024 1501 1172 1542 flammas
1185 1502 1219 1534 in
1242 1503 1346 1534 radice
1358 1506 1388 1534 et
1403 1503 1437 1535 in
1450 1505 1619 1541 cacumine,
1640 1514 1733 1545 quam

256 1545 258 1548 ·
276 1536 415 1578 juvenis,
436 1539 550 1571 habens
572 1544 677 1581 pectus
698 1542 820 1582 plenum
833 1552 948 1582 magna
963 1543 1047 1581 Dea,
1061 1544 1188 1576 sustulit
1200 1544 1336 1576 animum
1357 1548 1390 1577 et
1408 1546 1543 1587 arripuit
1557 1546 1733 1588 cupidinem

285 1580 407 1612 monis.
448 1581 492 1613 Ut
505 1585 608 1614 autem
622 1583 843 1616 animadvertit
854 1586 989 1624 gradum
1003 1588 1033 1617 et
1052 1586 1191 1618 habitum
1206 1587 1284 1619 Deoe
1299 1591 1388 1627 terga
1401 1589 1565 1629 vertentis,
1577 1592 1607 1620 et
1619 1589 1733 1620 Mam

283 1626 410 1663 repente
431 1633 451 1654 a
472 1627 558 1655 terra
581 1626 688 1657 extolli
710 1627 744 1657 in
765 1627 868 1665 nubes,
891 1627 1064 1668 obtorpuit.-
1099 1628 1265 1669 Sequimur
1295 1633 1338 1670 te,
1362 1639 1547 1672 quacunque
1573 1631 1734 1663 nundum

284 1674 341 1695 nos
365 1666 541 1706 appellasti,
567 1677 623 1699 nec
645 1669 727 1700 lente
751 1669 959 1710 obsequemur,
978 1670 1094 1710 inquit.
1138 1672 1185 1702 El
1199 1671 1332 1710 jamjam
1355 1672 1472 1709 abiens,
1498 1676 1599 1705 tamen
1618 1673 1730 1704 occidit

284 1706 427 1747 Agreum
454 1709 580 1750 Pylium
601 1713 788 1750 prementem
812 1713 938 1743 vallum.
993 1712 1157 1752 Armigeri
1183 1714 1340 1755 excipiunt
1360 1714 1550 1755 fatigatum.
1594 1715 1639 1747 Ee
1664 1724 1733 1747 cuns

282 1750 447 1791 transiret,
466 1751 553 1792 plebs
566 1752 641 1784 loeta
655 1762 724 1784 eum
737 1755 872 1795 appellat
885 1757 1040 1786 auctorem
1052 1756 1151 1795 pacis,
1173 1755 1425 1798 liberatoremque
1438 1767 1476 1790 ac
1486 1757 1600 1795 Deum.
1615 1761 1647 1790 et
1660 1767 1730 1791 sum

283 1920 495 1949 centn—6⁷1
513 1917 601 1951 Edd.
618 1922 702 1951 vett.
717 1928 794 1951 cum
811 1920 962 1961 plurimis
977 1922 1076 1954 codd.
1090 1923 1204 1954 AEmon
1212 1933 1226 1960 ,·
1247 1923 1387 1956 Behott.
1404 1926 1435 1955 1.
1450 1925 1483 1955 2.
1499 1923 1726 1956 hennom—⁶⁷8

283 1959 423 1991 Behott.
453 1963 483 1992 1.
498 1963 529 1992 2.
552 1961 585 1991 in
600 1962 689 1993 corde
716 1962 981 2003 relinquit.-—680
1005 1965 1092 1997 Dan.
1120 1966 1260 1997 Behott.
1277 1968 1308 1998 l.
1323 1968 1356 1998 2.
1381 1965 1463 1997 Put-
1480 1965 1603 1998 Petav.
1627 1965 1728 1999 Aldd.

284 2002 392 2034 Colin.
408 2002 540 2044 Gryph.
557 2003 662 2035 Basil.
678 2004 792 2036 Plant.
815 2005 1047 2048 Lindenbrog.
1065 2008 1167 2039 eruc.
1183 2013 1220 2039 et
1242 2008 1382 2040 Gevart.
1405 2008 1575 2049 quicunque
1587 2009 1705 2040 vocasti
1713 2018 1728 2046 ,·

282 2044 390 2085 Lang.
405 2045 507 2076 Laur.
522 2045 652 2096 l3uslid.
668 2046 956 2097 Lipsian3optimi
970 2050 1160 2099 Bartlriani,
1181 2050 1324 2083 Venett.
1340 2052 1371 2082 8.
1385 2052 1417 2082 4.
1433 2054 1468 2083 et
1483 2054 1630 2088 recentt.
1645 2060 1728 2092 φια-

280 2089 1611 2175 &3333.”1‘:⁰1‡‚⁸;2²2;;⁶3²':.stamiriam&{flissffffzxsszt‘gss'ssfissts
1617 2092 1730 2168 325:

280 2171 570 2212 Amigerifessum
584 2173 672 2205 Dan.
695 2174 848 2206 nonnulli
869 2175 1059 2218 Barthiani,
1073 2176 1212 2209 Behott.
1230 2181 1260 2210 1.
1275 2180 1307 2210 2.
1318 2181 1356 2210 et
1377 2177 1456 2210 edd.
1473 2181 1619 2210 recentt.
1635 2177 1724 2210 vide

938 2266 1077 2299 NOTAE

322 2322 541 2369 673'Seseque
562 2329 597 2361 in
622 2330 713 2362 corde
736 2330 880 2372 reliquit]
917 2332 976 2363 Dii

279 2378 429 2419 Poetici,
453 2389 530 2410 cum
554 2379 699 2421 aliquem
723 2381 863 2413 allocuti
886 2387 978 2422 sunt,

277 2429 425 2461 numinis
441 2429 492 2460 sui
509 2430 648 2471 vestigia
662 2430 696 2461 in
711 2430 829 2462 animis
841 2430 975 2463 illorum

278 2479 498 2521 relinquunt;
521 2480 607 2512 adeo
623 2480 744 2513 efficax
762 2485 816 2513 est
837 2481 974 2514 deitatis

277 2529 352 2561 sola
366 2530 569 2570 praesentia:
593 2535 632 2562 ut
648 2530 823 2571 colligitur
838 2541 880 2563 ex
899 2533 972 2573 plu-

277 2579 371 2611 ribus
382 2579 466 2611 locis
479 2580 621 2611 Homeri
637 2585 672 2612 et
687 2580 884 2613 Poetarum.
907 2581 973 2614 Pa-

277 2629 389 2671 pinius
415 2629 568 2660 Hercule
598 2630 818 2663 Surrentino:
842 2631 972 2673 ‘Dixit,

275 2682 494 2720 mentemque
510 2679 692 2720 relinquit!

318 2730 383 2763 1378
406 2728 618 2769 Habitumque
637 2730 775 2771 notavit]
796 2731 973 2775 Virgilius,

277 2775 290 2798 ‘
301 2780 337 2811 et
351 2786 434 2810 vera
449 2778 582 2810 incessu
599 2779 713 2821 patuit
728 2779 824 2813 Dea:

1070 2335 1135 2364 679
1160 2331 1320 2373 Crescere]
1341 2331 1432 2366 Quia
1443 2332 1523 2364 Dea
1537 2331 1656 2365 Virtus
1671 2341 1727 2365 re·

1028 2387 1197 2414 sumserat
1227 2382 1397 2423 propriam
1435 2386 1629 2431 staturamg
1669 2383 1724 2414 vel

1027 2442 1176 2472 crescere,
1205 2441 1338 2463 sursum
1366 2432 1454 2465 tolli.
1497 2432 1587 2465 Vide
1615 2443 1721 2476 supra

1027 2485 1318 2570 vs‘cgg2ss4rmigm
1334 2530 1457 2569 sessum
1480 2530 1656 2573 excipiunt]
1678 2531 1721 2564 Id

1027 2586 1094 2621 est,
1127 2590 1190 2623 pro
1214 2590 1308 2613 more
1333 2581 1523 2622 principum
1551 2581 1721 2613 sustinue-

1026 2635 1116 2664 runt.
1160 2631 1306 2672 Fessum]
1338 2631 1534 2663 Praeliando
1562 2635 1599 2664 et
1630 2632 1720 2664 occi-

1025 2682 1287 2771 degg5001gnibus
1300 2731 1408 2773 implet
1421 2731 1572 2772 honestis]
1593 2730 1635 2777 ld
1651 2735 1717 2773 est,

1024 2782 1192 2822 laudibus,
1215 2792 1291 2825 quae
1319 2782 1413 2815 illum
1439 2781 1594 2815 ardorem
1615 2780 1717 2814 devo-
