1846 3120
651 221 939 255 THEBAIDOS
977 221 1021 253 m
1031 221 1072 252 B.
1102 219 1192 251 vu.

193 323 450 374 Herculeae,
470 320 755 376 placitusque
774 332 900 375 vagae
916 316 1166 374 Nycteidos
1187 315 1333 366 ardor,

1550 200 1666 249 1127

1581 315 1667 359 190

192 393 288 436 Hic
305 391 489 448 Tyrium
510 402 667 444 genus,
683 392 729 431 et
746 391 900 431 nostro
920 386 1094 429 felicior
1114 385 1212 439 igne

190 461 400 504 Taurus:
428 457 690 512 Agenoreos
710 456 875 499 saltem
896 456 1260 507 tutare-nepotes.

191 527 417 571 Invidiam
435 526 535 568 risit
554 527 694 580 pater,
709 528 756 566 et
769 523 868 580 jam
884 521 1059 578 poplite
1079 521 1263 570 flexum,

192 594 559 647 sternentemque
579 604 739 634 manus
758 589 1027 646 tranquillus
1054 588 1112 630 ad
1131 587 1287 630 oscula
1308 587 1436 638 tollit,

191 662 336 719 Inque
354 661 500 704 vicem
519 658 705 715 placida
723 671 828 701 orsa
846 657 1005 700 refert:
1038 656 1145 699 Non
1166 654 1370 710 conjugis
1389 655 1477 698 ista

1582 653 1668 698 195

193 728 424 780 Consiliis,
442 731 493 771 ut
509 739 621 778 rere,
639 739 771 782 puer,
790 738 875 768 nec
898 738 1022 768 saeva
1044 723 1215 778 roganti

193 797 271 842 Sic
287 799 509 852 expostus
529 807 624 849 ego.

686 794 881 837 Immoto
901 788 1164 835 deducimur
1180 791 1287 832 orbe

193 865 431 909 Fatorum:
459 866 646 914 veteres,
667 874 865 917 seraeque
884 861 931 903 in
950 860 1108 916 proelia
1124 871 1292 901 causae.

194 933 317 977 Nam
336 931 410 975 cui
430 933 553 974 tanta
573 929 703 985 quies
722 930 888 972 irarum
902 930 922 971 ‘l
955 932 1035 970 aut
1057 925 1287 980 sanguinis
1308 938 1418 968 usus

193 1064 302 1097 sum
314 1061 457 1106 potentia
471 1059 535 1104 est)
556 1062 663 1092 noctes
687 1058 800 1102 quibus
817 1058 987 1092 Herculem
1000 1057 1156 1099 genuisti,
1168 1060 1199 1089 et
1207 1061 1322 1098 gratus
1332 1059 1419 1099 ignis
1425 1060 1571 1102 profuga:
1584 1060 1674 1103 Nyc-

193 1102 309 1148 teidos,
335 1105 388 1137 ιιι-ο

415 1100 516 1146 Tyria
538 1103 668 1143 soboles,
693 1105 724 1134 et
755 1106 867 1134 taurus
880 1102 1081 1142 fortunatior
1110 1105 1218 1133 nostra
1233 1102 1390 1142 stamma:
1419 1104 1531 1135 saltem
1542 1107 1674 1146 protege

191 1151 333 1191 putem
346 1147 516 1188 Agenoris.
562 1145 698 1180 Genitor
718 1144 822 1177 illusit
837 1146 1028 1178 invidiosum
1042 1144 1228 1183 orationem,
1242 1148 1274 1176 et
1285 1145 1430 1187 placidus
1444 1147 1547 1178 erexit
1569 1148 1610 1179 od
1624 1157 1674 1178 os-

193 1191 297 1225 enlm
309 1189 474 1229 musnjam
487 1192 669 1223 curvantem
691 1197 808 1229 genua,
836 1192 869 1220 et
892 1198 1002 1220 manus
1024 1187 1282 1227 summittentem,
1297 1189 1378 1220 etin
1391 1189 1492 1222 vicem
1507 1191 1674 1231 respondet

193 1232 287 1268 uitia
307 1234 425 1267 verba:
448 1233 525 1265 Non
547 1233 625 1269 hoec,
647 1235 683 1264 ut
704 1231 884 1271 existimas,
896 1231 967 1275 fili,
979 1231 1072 1274 fiunt
1094 1234 1162 1262 arte
1188 1232 1308 1271 uxoris,
1323 1241 1379 1263 nec
1394 1242 1451 1273 ego
1465 1232 1630 1271 sicsooilis
1644 1232 1675 1265 ei

190 1277 316 1318 petenti
329 1276 462 1310 atrocia.
508 1275 666 1317 Rupimur
694 1274 886 1306 immutabili
902 1274 1048 1314 fatorum
1066 1274 1187 1306 ordine.
1233 1272 1386 1316 Antiquae
1399 1279 1485 1315 sunt,
1501 1279 1533 1307 et
1547 1278 1676 1308 remota.»

193 1328 297 1354 oum
315 1321 350 1353 in
371 1320 428 1352 hoc
444 1319 566 1352 bellum.
614 1318 702 1350 Nam
722 1318 775 1350 cui
796 1317 894 1351 lenior
912 1317 1105 1358 indignatio,
1119 1327 1211 1358 quam
1233 1317 1335 1349 mihi?

1378 1319 1447 1350 Aut
1473 1318 1544 1360 quis
1573 1319 1676 1351 mima

816 1402 1056 1416 ‘numm‘

158 1468 165 1475 x
197 1479 332 1513 anlid.
360 1480 512 1522 Lipsian.
528 1480 622 1512 Dan.
640 1480 723 1512 Pnt.
739 1480 865 1512 Petnv.
880 1488 968 1511 nnus
984 1479 1110 1512 Behot.
1127 1480 1269 1512 Venett.
1290 1479 1394 1513 Aldd.
1411 1481 1523 1514 Colin.
1540 1481 1677 1525 Gryph.

196 1523 303 1557 Bau.
321 1523 437 1557 Plant.
454 1523 598 1556 Gevart.
615 1523 772 1556 Gresser.
787 1527 824 1555 et
838 1521 984 1554 Amstel.
1011 1523 1213 1564 placidusque
1227 1533 1338 1564 vagae5
1362 1525 1452 1556 alter
1475 1526 1598 1558 Behot.
1616 1536 1676 1566 op-

199 1566 292 1600 umas
307 1566 441 1600 Bertliii
458 1566 678 1609 membrnnae,
688 1566 811 1609 optimi
827 1565 930 1599 codd.
945 1565 1112 1598 Gronovii
1124 1571 1160 1599 et
1175 1567 1336 1599 Petrens.
1348 1568 1568 1610 placitu-soum
1583 1569 1675 1611 quod

864 1675 896 1708 N
903 1675 1008 1709 01·AE

242 1753 306 1784 189
330 1750 396 1784 Hic
418 1750 480 1784 tibi
501 1753 607 1784 noctes
631 1750 814 1793 Herculeoe,
838 1751 911 1794 ξω]

199 1800 251 1834 Ut
285 1800 458 1834 Thebanis
495 1800 776 1834 benevolentiam
811 1802 911 1835 Jovis

197 1851 365 1886 conciliet
379 1851 552 1893 Bacchus,
569 1851 636 1893 ipsi
652 1856 913 1892 commemorat,

201 1894 286 1945 unns
298 1901 441 1944 Jupiter
454 1901 625 1934 amaverit
647 1901 809 1934 mulieres
824 1902 912 1934 The-

198 1950 317 1993 bnnns,
329 1951 487 1984 nimirum
494 1951 710 1992 Alcmenam,
725 1951 913 1994 Antiopam

197 2002 329 2047 Nyctei
356 2002 476 2043 filiam,
505 2006 543 2035 et
572 2003 761 2044 Europam.
807 2003 913 2036 Notae

199 2059 318 2087 nutem
332 2053 518 2086 Herculem
533 2056 669 2084 noctes.

243 2105 309 2137 190
331 2103 536 2145 placitusque
561 2103 793 2145 [placidusque]
824 2104 912 2137 Rec-

199 2154 270 2188 tius
284 2154 430 2197 scripti:
454 2155 671 2197 maestusque.
716 2156 794 2188 Nec
809 2157 913 2189 velim

201 2206 303 2239 aliter
330 2206 393 2239 lib.
426 2214 465 2240 x.
493 2208 573 2239 769.
599 2200 656 2239 ‘Si
688 2216 749 2240 vos
781 2209 914 2250 placita

198 2257 314 2290 hostia
330 2256 431 2300 juvi.'
475 2257 553 2290 Etsi
584 2260 620 2290 et
641 2257 763 2301 scripti
774 2259 914 2301 placida,

200 2313 240 2342 et
255 2308 549 2352 interpretentur,
572 2312 583 2328 ‘
598 2319 675 2352 quae
701 2319 769 2342 non
786 2320 912 2353 repug-

199 2359 304 2393 navi!
350 2359 479 2393 Placita
508 2365 564 2393 est
591 2360 750 2402 probata,
774 2362 913 2403 placens

201 2409 386 2454 lituusque.
410 2410 534 2453 *Silius
562 2410 623 2444 lib.
654 2420 681 2444 1.
717 2411 915 2445 ‘Placitam

201 2456 404 2496 temerando
442 2470 604 2503 rumpere
640 2461 785 2494 vocem!
844 2462 916 2496 Ubi

202 2507 309 2547 etiam
323 2510 484 2544 fecerant
498 2510 509 2530 ‘
521 2511 716 2554 placidam?
753 2512 829 2545 Lib.
847 2522 917 2546 xu.

202 2559 282 2596 eod.
295 2563 306 2581 ⁸
317 2562 501 2604 Integrnre
516 2563 609 2595 acies
624 2562 816 2604 placitum!
839 2563 917 2595 Vir-

203 2613 306 2656 gilius
333 2612 466 2646 AEneid.
483 2622 522 2646 x.
543 2613 553 2631 ‘
569 2614 616 2646 Et
645 2613 813 2656 placitum
843 2615 919 2648 laeti

202 2665 401 2708 componite
416 2663 554 2697 foedus:
579 2663 744 2708 Georgic.
761 2674 802 2699 ιι.
817 2666 828 2684 ‘
842 2666 919 2699 Pla·

203 2713 310 2750 citum
341 2716 414 2758 pati
439 2715 593 2749 nutritus
621 2716 773 2749 olivam.¹
796 2717 920 2751 Grono-

203 2765 286 2800 vius.
328 2766 429 2808 Vaga·
441 2766 632 2811 Nycteidos]
650 2766 830 2812 Antiopae,
844 2779 920 2814 quae

966 1761 987 1784 a
1004 1751 1099 1794 Lyco
1112 1752 1254 1794 expulsa
1269 1756 1416 1794 propter
1430 1752 1575 1795 Dircen,
1585 1763 1677 1786 com·

966 1812 1087 1845 pressa
1101 1802 1166 1836 fuit
1182 1813 1203 1835 a
1216 1803 1308 1836 Jove
1324 1804 1359 1836 in
1382 1808 1519 1837 taurum
1535 1814 1678 1837 conver·

967 1864 1019 1894 so,
1036 1854 1127 1886 unde
1142 1855 1211 1887 orti
1228 1855 1391 1888 dicuntur
1403 1856 1533 1889 Zethus
1550 1860 1588 1889 et
1599 1856 1681 1889 Am-

968 1906 1083 1948 phion.

1012 1958 1074 1988 191
1114 1956 1182 1988 Hic
1215 1957 1349 1999 Tyrium
1368 1957 1486 1999 genus]
1522 1957 1681 1991 Thebani

969 2006 1059 2039 enim
1075 2006 1207 2040 conditi
1222 2012 1298 2040 erat
1313 2018 1333 2040 a
1349 2008 1479 2040 Cadmo
1493 2009 1597 2051 Tyrio
1613 2008 1683 2041 fra·

968 2062 1023 2089 tre
1038 2058 1200 2099 Europae.
1246 2059 1293 2090 Et
1323 2062 1432 2091 nostro
1450 2059 1582 2100 felicior
1607 2060 1681 2100 igne

971 2107 1110 2149 Taurus]
1122 2108 1278 2148 Respicit
1291 2108 1334 2140 ad
1352 2108 1504 2142 fabulam
1519 2110 1681 2152 Europae,

968 2169 1045 2202 quae
1062 2165 1163 2201 rapta
1177 2158 1245 2192 fuit
1260 2169 1280 2191 a
1294 2159 1384 2193 Jove
1403 2161 1439 2193 in
1455 2165 1591 2194 taurum
1608 2171 1681 2193 mu-

968 2214 1061 2243 tato:
1087 2209 1172 2241 dicit
1187 2219 1262 2242 eam
1277 2209 1467 2244 feliciorem
1483 2217 1593 2245 matre
1608 2222 1683 2254 sua,

969 2260 1050 2303 quia
1064 2259 1206 2292 fulmine
1221 2270 1288 2293 non
1306 2265 1361 2294 est
1375 2272 1552 2304 percussa.
1600 2264 1684 2295 Nos-

968 2311 1033 2353 tro]
1055 2311 1124 2343 Seu
1139 2311 1292 2344 Semeles
1307 2313 1440 2345 matris.

1012 2365 1076 2394 192
1111 2364 1292 2403 Agenoreos
1320 2363 1461 2405 nepotes]
1488 2364 1683 2407 Thebanos,

969 2413 1134 2446 oriundos
1151 2423 1172 2444 a
1188 2413 1318 2446 Cadmo
1336 2414 1502 2456 Agenoris
1517 2414 1604 2448 filio.

1015 2466 1078 2497 194
1101 2463 1359 2506 sternentemque
1383 2465 1510 2506 manus]
1546 2466 1588 2498 Id
1619 2471 1685 2509 est,

970 2516 1005 2549 in
1023 2525 1135 2558 genua
1151 2516 1451 2559 procumbentem,
1467 2521 1506 2549 ut
1528 2518 1684 2551 manibus

972 2571 1101 2600 terram
1118 2572 1309 2608 premeret.

1018 2620 1080 2650 197
1114 2618 1249 2650 Immoto
1278 2618 1460 2652 deducimur
1486 2619 1558 2652 orbe
1587 2620 1685 2652 Fato-

971 2669 1057 2711 rum]
1088 2670 1187 2703 Deos
1204 2669 1295 2702 euim
1310 2668 1391 2703 fatis
1407 2671 1510 2704 etism
1526 2671 1685 2706 subditos

972 2724 1110 2755 veteres
1124 2719 1329 2754 credebant.

1020 2773 1084 2805 199
1108 2771 1195 2806 Nan·
1224 2771 1275 2805 cui
1300 2775 1391 2805 tanta
1426 2772 1513 2815 quiec
1548 2772 1686 2816 irarum]
