1846 3120
262 218 376 264 1608
757 225 796 260 Ρ.
830 229 1022 261 nemu
1055 229 1224 262 srA'ru

260 325 416 381 Usque
433 325 547 367 adeo
567 337 790 379 nusquam
810 339 932 368 arma
949 331 995 368 et
1013 326 1128 381 equi,
1144 325 1345 380 fretaque
1365 325 1485 371 invia
1504 324 1657 371 Graiis
1670 325 1692 366 ’ἲ

262 393 384 445 Quid
405 393 444 435 si
463 406 578 435 nunc
600 393 764 447 aliquis
783 393 939 448 patriis
959 398 1167 448 rapturus
1189 395 1246 436 ab
1268 394 1357 438 oris
1383 430 1389 434 ,

259 461 527 502 Deidamian
549 466 637 512 eat,
655 461 880 517 viduaque
899 475 927 504 a
948 463 1054 505 sede
1075 462 1261 505 revellat

258 527 522 579 Attonstam,
543 532 587 570 et
604 529 753 582 magni
773 529 1039 572 clamantem
1059 543 1221 572 nornen
1241 528 1463 572 Achillis?

259 595 388 637 Illius
408 595 466 637 ad
487 596 696 650 capulum
717 597 851 640 rediit
870 611 1046 649 manus,
1064 603 1111 640 et
1130 598 1262 640 simul
1281 598 1436 650 ingens
1633 595 1720 638 370

258 662 447 717 Impulit
465 677 546 706 ora
565 665 726 706 rubor:
758 666 896 708 tacuit
916 669 1150 708 contentus
1167 664 1343 708 Ulixes·

258 730 444 785 Excipit
464 731 656 774 OEnides
676 745 687 774 ε
720 730 857 784 Quin,
878 746 907 775 o
928 733 1194 787 dignissima
1216 732 1322 775 coeli

258 798 517 852 Progenies,
538 798 739 854 ritusque
759 804 878 852 tuOS‚
897 802 1199 855 elementaque
1219 800 1378 854 primae

260 866 446 917 Indolis,
468 869 514 907 et
534 866 684 908 valida
702 879 810 909 mox
830 868 1068 911 accedente
1081 868 1283 923 Juventa,

260 931 378 983 Quae
398 932 558 975 solitus
577 933 760 975 laudum
779 935 861 977 tibi
883 936 1051 977 semina
1070 935 1266 990 pandere
1290 932 1472 984 Chiron,
1635 933 1722 977 375

257 999 546 1054 Virtutisque
568 1001 737 1052 aditus,
759 1015 870 1057 quas
890 1003 1088 1045 membra
1107 1016 1269 1057 augere
1289 1014 1370 1057 per
1388 1004 1518 1052 artes,

259 1066 385 1119 Quas
406 1069 617 1119 animum,
638 1069 790 1121 sociis,
811 1070 1087 1126 multumque
1106 1069 1365 1112 faventibus
1388 1068 1498 1111 ede:

258 1133 327 1176 Sit
347 1134 539 1188 pretium
557 1135 709 1190 longas
730 1136 908 1190 penitus
930 1138 1150 1192 quaesisse
1171 1151 1250 1192 per
1269 1137 1411 1179 undas

256 1201 440 1255 Scyron,
461 1204 503 1243 et
521 1202 590 1243 his
609 1203 744 1245 armis
763 1203 955 1257 primum
975 1204 1220 1246 intendisse
1241 1204 1453 1246 lacertos.
1499 1231 1501 1235 ,

256 1266 402 1319 Quem
421 1269 571 1323 pigeat
589 1282 672 1311 sua
691 1269 812 1312 facta
829 1270 987 1325 loqui?
1017 1274 1165 1313 tamen
1186 1271 1259 1313 ille
1279 1270 1479 1313 modeste
1629 1269 1717 1313 380

254 1335 458 1395 Inchoat,
479 1337 713 1390 ambiguus
734 1338 931 1392 paulum,
953 1339 1220 1395 propiorque
1239 1341 1429 1382 coacto:

254 1403 414 1455 Dicor,
434 1408 481 1446 et
497 1405 545 1447 in
563 1404 743 1456 teneris,
762 1408 807 1448 et
826 1405 969 1448 adhuc
991 1406 1296 1448 crescentibus
1318 1406 1458 1456 annis,

255 1544 317 1566 non
331 1539 403 1567 sunt
418 1536 540 1568 Graecis
553 1546 641 1568 arma
655 1540 687 1568 et
706 1536 790 1578 equi,
798 1539 828 1568 et
845 1537 932 1570 hisne
951 1539 1025 1568 sunt
1040 1537 1142 1568 maria
1155 1535 1326 1577 impervia.
1317 1536 1334 1560 1
1370 1537 1456 1574 Quid
1470 1536 1500 1568 si
1513 1545 1594 1568 nunc
1607 1534 1724 1575 aliquis

258 1578 352 1609 vadat
366 1581 514 1618 rapturus
527 1579 728 1611 Deidamiam
742 1589 759 1611 e
777 1580 892 1621 patriis
912 1580 1029 1621 plagis,
1050 1583 1082 1610 et
1096 1580 1169 1610 dum
1183 1579 1265 1615 abes,
1286 1579 1424 1619 abripiat
1443 1581 1534 1612 domo
1547 1581 1723 1611 consima-

256 1623 333 1657 tam,
354 1624 387 1652 et
400 1621 618 1662 implorantem
632 1632 719 1663 opem
734 1622 843 1660 magni
857 1621 1015 1654 Achillis?
1038 1622 1171 1653 Manum
1184 1622 1291 1662 capulo
1306 1622 1390 1654 ensis
1408 1623 1562 1659 admovet.
1583 1624 1615 1654 et
1629 1620 1723 1652 med

257 1662 325 1701 ejus
339 1664 442 1695 vultus
455 1664 579 1704 ingenti
593 1665 706 1697 rubore
719 1664 928 1706 suffunditur.
976 1664 1104 1713 Ulysses
1120 1664 1211 1697 siluit
1233 1668 1408 1704 contentus,
1422 1674 1491 1697 eum
1505 1665 1724 1706 inflammasse.

259 1705 358 1737 OEnei
371 1716 465 1747 nepos
475 1707 614 1747 excipit.-
640 1707 705 1739 Sed
721 1711 766 1746 tu,
781 1718 798 1738 o
810 1706 1015 1739 meritissima
1028 1706 1097 1739 coeli
1110 1706 1239 1747 soboles,
1258 1707 1341 1746 refer
1354 1707 1539 1757 comiti-bus,-
1547 1709 1580 1739 εί
1593 1706 1726 1738 multum

259 1747 320 1779 tihi
331 1749 462 1789 devotis,
483 1759 583 1781 mores
597 1753 679 1787 tuos,
702 1753 733 1782 et
747 1730 926 1782 ssudimenta
946 1749 1057 1790 primae
1071 1749 1189 1790 oetatis,
1209 1753 1240 1781 et
1254 1759 1338 1790 mox,
1358 1753 1394 1782 ut
1407 1749 1556 1790 attigeris
1567 1748 1725 1780 robustam

255 1789 435 1832 juventam,
455 1801 525 1833 quae
546 1793 671 1824 laudum
695 1792 815 1824 semina
838 1792 898 1825 tibi
924 1792 1042 1824 Chiron
1055 1792 1218 1832 inseverit,
1239 1802 1368 1833 quosque
1381 1793 1487 1825 aditus
1499 1794 1542 1824 ad
1562 1791 1725 1830 virtutem,

256 1833 368 1873 quibus
392 1834 514 1867 arcibus
536 1835 785 1867 corroboraverit
806 1844 915 1876 cor-pus
939 1839 1039 1875 tuum,
1059 1834 1170 1875 quibus
1192 1835 1369 1875 disciplinis
1388 1835 1527 1867 animum
1540 1831 1725 1866 excoluerit.

259 1875 330 1908 Hoc
344 1877 389 1908 sit
407 1887 507 1918 operoe
529 1881 645 1909 nostrae
668 1877 818 1918 pretium,
838 1878 919 1918 quod
942 1886 1000 1917 per
1015 1878 1122 1917 longas
1134 1887 1231 1918 aquas
1242 1878 1474 1918 penetravimus
1485 1887 1578 1918 mque
1592 1875 1725 1916 Scyron:

256 1922 288 1949 et
302 1919 398 1959 primi
413 1922 602 1952 armavimus
617 1920 743 1952 brachia
757 1923 813 1951 tua
824 1920 881 1951 hoc
892 1920 1009 1960 clypeo.
1057 1919 1119 1951 cui
1131 1929 1228 1969 grave
1238 1923 1284 1951 est
1297 1929 1531 1951 commemorare
1539 1928 1597 1950 sim
1607 1919 1706 1966 gesta-
1710 1918 1725 1947 P

260 1960 375 1995 Tamen
387 1962 440 1994 ille
453 1963 588 1995 modeste
603 1962 728 2004 incipit,
747 1963 875 2004 paulum
889 1971 1014 2004 anceps,
1037 1965 1069 1994 et
1088 1962 1179 2004 quasi
1191 1966 1334 1994 coaetus.-
1358 1963 1480 1995 Ferunt
1498 1971 1546 1994 me
1560 1962 1597 1993 in
1609 1959 1722 2002 primis

862 2044 1002 2058 oeeeeaee
1005 2036 1103 2057 ooooo

257 2114 365 2143 tatem.
366 2113 473 2143 -367
495 2110 539 2147 In
554 2110 698 2144 iisdem:
720 2111 842 2152 pateris
862 2120 923 2152 pro
934 2111 1062 2152 patriis.
1065 2113 1173 2143 -368
1195 2110 1360 2146 Nonnulli
1375 2109 1477 2144 codd.
1487 2114 1523 2143 et
1539 2107 1620 2142 edd.
1637 2110 1724 2140 vett.

253 2154 453 2196 patriaquea
467 2155 560 2192 sede;
585 2154 670 2186 Exc.
687 2154 796 2195 Bnrg.
821 2153 974 2195 viduaque
998 2155 1256 2186 assedere—369
1279 2154 1487 2195 Exc.13nrg.
1509 2156 1541 2184 et
1563 2159 1724 2192 magnum.

256 2199 365 2229 -378
388 2196 498 2228 Codd.
516 2178 780 2238 Li'ndenbrogii:
806 2197 957 2229 transisse
983 2206 1041 2238 per
1063 2197 1172 2228 undae.
1174 2199 1282 2228 —379
1305 2197 1376 2228 Pro
1391 2196 1441 2228 his
1465 2195 1617 2228 Gronov.
1631 2192 1726 2224 malit

255 2239 320 2272 hos.
345 2234 447 2273 Vide‘
450 2239 534 2272 Not.
551 2240 634 2272 Var.
636 2241 744 2271 -382
768 2239 974 2272 Scholiastes
995 2244 1032 2272 et
1059 2239 1127 2271 duo
1150 2238 1252 2271 codd.
1269 2238 1435 2272 Gruteri.
1457 2237 1647 2271 restantibus
1666 2243 1723 2266 m·-

921 2319 1065 2357 NOTAE

300 2395 363 2426 3⁷1
387 2387 580 2436 Contentus]
618 2393 857 2428 Inflammasse
887 2405 966 2429 eum
1062 2398 1127 2428 378
1149 2395 1203 2427 Sit
1215 2394 1368 2436 pretium]
1391 2394 1518 2438 Operae
1533 2397 1674 2426 nostrae.

258 2443 406 2475 scilicet.
1062 2448 1126 2479 380
1163 2446 1264 2485 Quem
1288 2445 1400 2486 pigeat
1426 2454 1484 2477 sua
1501 2444 1596 2484 faeta
1623 2442 1724 2486 loqui]

301 2496 365 2525 372
404 2493 553 2534 OEnides]
596 2493 785 2527 Diomedes
827 2495 872 2528 ab
901 2506 966 2528 avo
1018 2496 1075 2528 Sic
1101 2496 1241 2528 Tacitus
1268 2495 1304 2528 in
1318 2495 1403 2528 vita
1424 2494 1621 2536 Agricolae:
1647 2492 1724 2526 ‘Ac

258 2543 391 2582 OEne03
425 2553 503 2575 nam
520 2543 652 2577 OEneus
677 2548 753 2577 erat
776 2549 877 2587 pater
897 2546 965 2588 Ty·
1019 2547 1175 2589 plerique
1188 2556 1284 2579 suam
1307 2546 1374 2587 ipsi
1389 2545 1497 2578 vitam
1518 2552 1670 2585 narrare,
1686 2542 1725 2575 fi-

258 2593 327 2634 dei,
340 2594 449 2635 patris
465 2595 655 2627 Diomedis.
1018 2597 1151 2629 daciam
1168 2596 1283 2638 potius
1296 2605 1439 2638 morum,
1449 2605 1550 2638 quam
1563 2602 1725 2636 arrogan-

300 2647 363 2676 375
386 2643 531 2676 Laudum
545 2643 678 2687 semina]
699 2645 791 2678 Vide
811 2646 963 2690 superio·
1019 2647 1103 2680 tium
1119 2647 1281 2679 arbitrati
1295 2650 1387 2679 sunt.
1390 2645 1401 2662 '

258 2694 287 2726 ri
302 2693 362 2727 lib.
377 2704 426 2725 vs.
441 2697 495 2727 83.
1060 2700 1124 2730 382
1146 2697 1264 2739 Dicor]
1297 2697 1388 2739 Quia
1411 2704 1480 2737 non
1505 2698 1644 2739 poterat
1671 2703 1725 2728 ιο-

301 2747 364 2778 37⁷
388 2744 508 2787 Sociis]
532 2744 573 2777 Id
590 2749 656 2786 est,
671 2745 779 2778 nobis.
1018 2749 1165 2785 cordat-i.
