1846 3120
215 213 327 256 1334

220 318 555 372 Impatiensque
581 316 681 366 Dei,
702 316 849 369 fragili
871 329 1002 371 quem
1021 321 1163 359 mente
1189 324 1415 375 receptum
1583 321 1678 365 165*

713 222 754 252 P.
788 221 977 252 PAPINH
1009 221 1185 254 STA'rlr

219 385 326 427 Non
346 386 491 439 capit:
521 383 744 425 exundant
762 385 944 437 stimuli,
963 385 1197 440 nudusque
1215 400 1388 442 perora

219 452 318 493 Stat
338 452 473 501 furor,
494 456 539 492 et
556 450 751 505 >trepidas
768 452 937 494 incerto
955 453 1164 507 sanguine
1183 454 1339 506 reddit,

220 518 526 572 Exhauritque
548 530 709 571 genas:
740 519 859 560 acies
878 520 964 561 huc
985 524 1113 571 errat,
1134 526 1180 562 et
1199 521 1318 572 illuc,

219 585 438 639 Sertaque
459 585 602 626 mixta
622 586 761 627 comis
782 599 938 641 sparsa
958 587 1128 630 cervice
1148 587 1353 642 flagellat-

220 653 297 694 Sic
317 652 493 707 Phryga
511 653 714 694 terrificis
734 654 921 707 genitrix
945 654 1069 696 Idaea
1089 662 1316 698 cruentum
1569 657 1672 701 -170

220 720 355 762 Elicit
370 733 428 761 ex
449 720 610 775 adytis,
626 725 948 775 consumtaque
967 722 1150 763 brachia
1171 723 1285 765 ferro

219 787 342 829 Scire
359 792 494 837 vetat,
515 788 658 841 quatit
677 788 751 829 ille
774 800 925 829 sacras
942 789 986 829 in
1006 792 1189 842 pectora
1207 790 1356 844 pinus,

221 855 582 908 Sanguineosque
601 859 714 897 rotat
733 856 893 906 crineS,
914 860 957 899 et
979 857 1160 898 vulnera
1181 869 1312 898 cursu

218 977 344 1014 aspeclu
358 978 388 1006 et
399 975 511 1014 verbis,
527 985 596 1015 quoe
610 975 786 1016 intonabat,
806 987 843 1008 ac
855 976 1026 1008 intolerans
1042 977 1116 1017 Dei,
1130 987 1219 1018 quem
1232 978 1401 1010 admissum
1414 978 1446 1010 in
1461 980 1590 1019 aug-eto
1603 977 1672 1010 eni·

218 1026 267 1046 mo
277 1026 337 1047 non
347 1019 493 1049 continet.
508 1017 639 1049 stimuli
646 1029 702 1060 per
712 1020 851 1051 sudorem
860 1023 1033 1060 erumpunt,
1035 1021 1131 1058 furor
1140 1021 1172 1051 in
1181 1030 1233 1052 ore
1245 1021 1407 1060 manifeste
1417 1023 1559 1062 apparet,
1568 1022 1600 1052 et
1609 1030 1672 1052 mo-

218 1059 258 1088 do
269 1058 363 1100 inflat
373 1063 538 1092 trementes
547 1070 646 1100 genas
655 1062 798 1103 affluente
805 1062 969 1101 sanguine,
979 1064 1067 1093 modo
1076 1063 1226 1103 deprimit
1237 1065 1452 1102 concedente,
1463 1061 1673 1103 ocabim—

220 1103 274 1131 tur
285 1102 345 1132 huc
358 1105 390 1133 et
405 1102 490 1144 illuc,
500 1106 530 1133 et
545 1103 692 1135 cervicem
706 1105 905 1136 concutiendo
920 1108 1003 1136 serta
1017 1105 1102 1136 inter
1115 1115 1148 1136 se
1163 1106 1293 1144 collidit,
1305 1106 1417 1147 quihus
1426 1107 1527 1137 crines
1539 1105 1671 1146 cingun-

220 1145 285 1175 tur.
302 1143 358 1175 Sic
365 1149 465 1175 mater
476 1146 564 1176 Idoea
570 1146 781 1186 penetralibus
791 1147 932 1178 extrahit
938 1147 1208 1187 sanguinolentum
1216 1148 1392 1189 Phrygem,
1401 1152 1431 1179 et
1442 1148 1522 1180 scire
1530 1147 1672 1189 prohitm

219 1186 484 1227 vulnera2quibus
491 1186 582 1225 ferro
597 1189 696 1220 laniat
708 1199 779 1220 suos
793 1190 937 1221 lacertos.
960 1190 1018 1221 Ille
1033 1190 1139 1221 tundit
1147 1194 1256 1231 pectus
1269 1191 1417 1230 religiosa
1423 1191 1514 1232 pinu,
1529 1190 1671 1230 etjactae

220 1231 399 1260 cruentatas
412 1239 521 1270 comas,
542 1234 574 1262 et
587 1232 736 1263 currendo
758 1232 819 1263 sibi
833 1232 946 1263 adimit
963 1233 1130 1273 plagarum
1143 1242 1265 1264 sensum
1275 1244 1285 1264 .·
1308 1243 1413 1266 omnes
1434 1233 1535 1275 campi
1546 1235 1670 1274 pavent,

218 1377 348 1410 stimuli.
384 1378 474 1410 Vide
499 1379 584 1412 Not.
599 1380 789 1413 Van—167
811 1382 893 1413 Put.
917 1382 1041 1414 Petav.
1066 1381 1171 1422 Lang.
1195 1379 1445 1412 Laur.Buslid.
1469 1379 1619 1421 Lipsiau.
1631 1365 1672 1414 ’et
1734 1358 1739 1363 ⁹

218 1419 298 1451 edd.
314 1424 400 1453 vett.
415 1422 567 1462 sanguine
587 1423 708 1461 tendit;
733 1424 872 1456 Behott.
890 1427 920 1456 1.
935 1427 968 1456 2.
993 1424 1083 1455 Dan.
1106 1423 1258 1455 Gronov.
1279 1423 1400 1455 Barth.
1421 1427 1459 1454 et
1478 1422 1672 1455 Veenaan-
1717 1424 1721 1429 '

967 1315 1064 1328 ΜΟ

215 1461 314 1501 enine
326 1463 548 1497 reddin—1⁷1
571 1466 580 1483 ‘
601 1466 750 1498 Omnino
765 1477 842 1500 cum
857 1467 987 1507 optimo
1000 1467 1087 1498 libro
1099 1465 1280 1507 legendum
1292 1463 1417 1504 Efficit!
1432 1465 1554 1497 Barth.
1579 1464 1671 1497 vide

219 1505 303 1538 Not.
329 1506 521 1539 Van—172
543 1508 626 1540 Put.
646 1513 771 1550 pectore
792 1509 1003 1551 pinum—178
1026 1509 1278 1549 sanguineosque
1297 1511 1381 1540 rotat
1405 1507 1506 1540 crines
1531 1507 1614 1540 Pur.
1637 1518 1674 1540 ac

875 1592 1020 1626 NOTAE

262 1646 326 1676 166
361 1646 535 1678 Exundant
561 1648 741 1689 ¹[exudant]
780 1647 916 1689 stimuli]

218 1694 355 1727 Quibus
382 1706 401 1728 a
423 1698 558 1729 numine
575 1698 780 1740 agitabatur.
826 1699 918 1729 Exu-

217 1745 306 1782 dant,
332 1755 396 1786 per
421 1747 580 1779 sudorem
602 1755 793 1789 erumpunt.
832 1749 917 1782 Qni-

218 1794 297 1826 dam
324 1795 459 1828 codices
484 1791 609 1830 habent
634 1800 807 1831 exundant.
852 1799 920 1830 Na-

218 1844 292 1886 dus]
315 1845 463 1879 Quidam
479 1848 611 1888 legunt,
623 1849 749 1880 multus.

261 1898 322 1927 167
348 1896 468 1929 Reddit
493 1898 626 1939 [tendit]
657 1898 759 1940 Legit
786 1898 919 1930 Grono-

221 1946 307 1987 vius,
323 1947 440 1980 reddit.
481 1949 545 1980 Est
559 1949 663 1989 enim,
678 1949 725 1980 ait
735 1949 808 1987 ine,
820 1949 918 1989 quasi

219 1996 374 2028 dixisset.
419 1997 579 2029 Exhaurit
593 1999 767 2038 redditque,
791 1997 921 2040 ὕστερον

217 2046 376 2089 πρότερον.
411 2047 556 2079 Ovidius
571 2048 715 2080 Metam.
737 2057 779 2079 n.
804 2049 814 2066 ‘
831 2049 918 2080 Dum

219 2097 323 2135 redit,
361 2098 456 2140 itque
486 2097 673 2140 frequens!
732 2099 807 2130 Lib.
835 2107 922 2132 vni.

220 2147 277 2179 ‘Si
300 2148 385 2180 dant
406 2147 628 2191 adimuntque
659 2148 807 2190 figuras.’
866 2149 922 2181 In-

218 2198 318 2240 certo]
342 2199 423 2231 Sive
445 2199 618 2241 ambiguo,
645 2200 723 2241 quia
740 2199 840 2231 modo
867 2210 921 2232 ru-

220 2235 295 2288 b‹⁸›r,
317 2249 416 2280 modo
440 2250 550 2290 pallor
573 2259 633 2281 ora
658 2249 733 2291 ejus
755 2250 920 2282 mutabat.

219 2298 386 2340 Virgilius
398 2298 474 2331 AEn.
493 2308 544 2331 vl.
587 2300 598 2317 ‘
610 2300 673 2332 Cui
689 2300 832 2342 plurima
845 2299 921 2332 fan·

221 2350 248 2381 ti
271 2348 364 2381 Ante
386 2349 476 2382 fores
494 2350 605 2382 subito
628 2361 695 2383 non
713 2351 838 2392 vultus,
853 2360 920 2383 non

157 2440 160 2442 q
221 2399 314 2431 color
327 2399 435 2431 unus.'

265 2451 329 2480 169
352 2449 485 2490 Sparsa]
508 2450 587 2482 Huc
603 2454 640 2482 et
655 2450 736 2482 illuc
746 2455 871 2483 rotata.

264 2501 327 2531 170
349 2500 498 2541 Phryga]
521 2500 658 2533 Gallum
681 2501 842 2542 intelligit
857 2501 922 2542 Cy-

222 2550 317 2582 beles
340 2551 566 2596 sacerdotem,
594 2551 652 2592 qui
684 2551 803 2592 Phryx
833 2555 922 2583 erat.

225 2600 379 2633 Genitrix
390 2600 492 2641 Idoeo]
515 2600 643 2641 Cybele
667 2611 726 2633 seu
743 2601 839 2633 Rhea
854 2611 923 2634 ma-

220 2658 275 2683 ter
297 2651 461 2688 Deorum,
487 2651 585 2691 cujus
611 2658 710 2683 erant
733 2652 828 2684 varia
843 2662 923 2693 cog-

221 2702 392 2734 nomina.-
415 2700 538 2732 Strabo
561 2700 618 2733 lib.
636 2710 672 2733 x.
699 2702 924 2743 Berecynthii

224 2757 350 2789 autem,
376 2752 526 2792 Phrygia
551 2761 647 2792 gens,
671 2756 705 2784 et
727 2753 761 2784 in
785 2754 922 2786 univer-

969 1656 1044 1678 sum
1055 1645 1228 1687 Phryges,
1241 1654 1281 1677 ac
1296 1646 1422 1677 Troum
1437 1644 1486 1676 illi
1503 1644 1561 1686 qni
1572 1643 1671 1676 Idam

969 1698 1130 1730 accolunt
1159 1697 1256 1739 (hinc
1286 1697 1375 1728 Idaea
1399 1695 1516 1736 mater)
1544 1694 1672 1727 Rheam

971 1751 1007 1779 et
1043 1747 1111 1788 ipsi
1148 1747 1278 1783 colunt,
1308 1747 1411 1788 eique
1444 1745 1552 1787 Orgia
1576 1752 1676 1786 pera-

973 1802 1068 1840 gunt,
1094 1803 1238 1830 matrem
1263 1796 1479 1838 appellantes
1506 1793 1672 1835 Deorum,

972 1855 1008 1881 et
1023 1849 1215 1891 Agdestim,
1236 1854 1272 1880 et
1297 1847 1497 1889 Phrygiam,
1522 1850 1558 1878 et
1578 1848 1673 1887 mag-

972 1909 1050 1931 nam
1083 1900 1201 1931 Deam.
1259 1897 1292 1930 A
1326 1898 1410 1930 locis
1441 1901 1555 1929 autem
1584 1894 1674 1928 111ae-

973 1960 1025 1981 am
1039 1949 1292 1991 Dyndimenen,
1303 1947 1471 1989 Pylenen,
1490 1944 1674 1979 Pessinun-

972 2001 1069 2039 tiam,
1091 2009 1131 2032 ac
1147 1998 1324 2040 Cybelem.

1018 2053 1079 2094 1⁷)
1107 2051 1334 2090 Consumtaque
1348 2046 1476 2079 brachia
1486 2045 1594 2087 ferro]
1613 2045 1676 2078 Sa-

975 2101 1134 2134 cerdotes
1160 2100 1248 2132 enim
1275 2098 1422 2140 Cybeles
1446 2096 1510 2130 sibi
1532 2095 1624 2129 ferro
1639 2100 1676 2128 et

975 2152 1094 2184 cultris
1110 2151 1258 2182 lacertos
1274 2148 1485 2181 lacerabant.

1018 2205 1081 2234 172
1104 2201 1193 2233 Scire
1212 2198 1313 2240 vetat]
1350 2198 1441 2242 Quia
1454 2197 1607 2230 dolorem
1619 2195 1676 2229 'fu-

973 2263 1030 2286 ror
1055 2252 1183 2284 sentire
1207 2260 1274 2282 non
1297 2249 1441 2291 patitur.
1486 2247 1601 2284 Quatit
1624 2247 1677 2279 ille

973 2313 1080 2336 sacras
1103 2303 1137 2334 in
1158 2303 1285 2342 pectora
1311 2297 1419 2340 finus]
1456 2297 1545 2330 Pina
1572 2298 1676 2330 etiam

975 2354 1040 2386 sibi
1062 2351 1244 2384 caedebant
1266 2353 1389 2391 pectus
1405 2347 1548 2380 fanatici
1570 2347 1678 2388 Galli,

975 2404 1089 2436 omnia
1102 2402 1144 2434 ad
1161 2399 1384 2433 imitationem
1402 2399 1515 2430 luctus
1533 2398 1678 2440 Cybeles

976 2456 1020 2488 ob
1040 2455 1150 2495 Attin,
1168 2452 1254 2485 etin
1268 2450 1468 2484 memoriam
1486 2451 1598 2492 pinus,
1614 2449 1677 2482 sub

976 2516 1042 2550 qua
1065 2505 1160 2538 Attis
1190 2513 1226 2535 se
1248 2506 1476 2535 castraverat.
1521 2499 1678 2533 Claudia-

977 2566 1061 2588 nus:
1083 2557 1092 2574 ‘
1107 2554 1272 2597 Cymbala
1282 2552 1372 2585 ferre
1384 2552 1480 2592 licet,
1490 2555 1678 2593 pectusque

975 2607 1108 2639 illidere
1121 2604 1229 2647 pinu-³
1261 2602 1391 2643 Sacros]
1404 2601 1495 2636 Quia
1504 2600 1596 2633 Attis
1611 2601 1680 2642 Cy·

976 2657 1070 2688 beles
1087 2655 1234 2686 dilectus
1254 2653 1317 2685 sub
1333 2652 1413 2694 pinu
1422 2651 1548 2692 jacuit.

1021 2708 1082 2738 173
1106 2704 1363 2744 Sanguineosque
1372 2703 1456 2733 volat
1466 2699 1583 2741 crim]
1596 2699 1679 2733 Jac-

977 2755 1098 2788 tabant
1120 2753 1224 2786 etiam
1247 2751 1362 2794 capita
1382 2745 1558 2782 furibundi
1574 2748 1680 2790 Galli,

1835 1087 1846 1115 ψ.
1831 998 1846 1078 usum-¹
1831 751 1846 955 ...D-casm),
1828 708 1846 738 3.ss
1833 651 1846 690 ·=·⁴
1836 592 1846 635 aa„
1839 508 1846 551 μ...»
1833 452 1846 497 ω.-
1838 437 1846 442 1
1840 406 1846 423 ..
1834 372 1846 397 ss,
1844 357 1846 361 ,
