1858 3112
228 252 345 295 1708

228 356 372 398 primum
384 356 475 398 quod
488 356 632 389 maxime
644 358 814 391 obstabat.
837 359 926 391 Nam

228 416 346 438 servus
389 406 520 439 fuerat:
570 417 669 448 quam
711 408 926 449 ignominiam

228 457 345 489 multis
366 457 532 498 exemplis
556 462 592 489 et
620 459 806 491 rationibus
822 460 926 501 Papi-

226 508 302 539 nius
319 508 433 539 levare
450 506 581 540 nititur.
605 509 703 540 Idem.

271 560 312 588 50
336 557 474 597 Regibus
487 558 586 589 omnis
602 558 713 600 Terra]
737 559 928 600 Paraphra-

229 606 275 637 sis
290 606 441 638 Gnomes
460 607 679 640 Horatianae:
702 610 712 626 ‘
730 610 860 650 Regum
888 611 926 641 ti-

227 656 425 688 mendorum
449 657 483 688 in
510 659 666 706 proprios
693 668 834 700 greges:
859 661 926 692 Re·

226 715 285 747 ges
301 707 333 737 in
350 707 443 747 ipsos
458 708 638 748 imperium
655 713 707 741 est
720 709 839 742 Jovis.’
874 711 926 742 Ex

226 757 291 789 boc
313 758 501 799 Sophocleo
527 760 559 789 in
577 759 685 800 Ajace
700 759 927 802 μαστιγοφόρῳ,

226 807 377 839 Lorario:
400 807 459 839 Καὶ
473 808 535 849 ’γὰρ
549 808 590 839 τὰ
605 809 686 841 δεινὰ
703 809 755 841 καὶ
767 810 808 841 τὰ
817 821 926 851 καρτε-

226 856 350 898 ρόῑατα
374 859 480 897 Τιμαῖς
500 858 627 890 ὑπείκει.
654 860 698 890 Et
720 860 833 899 gravia
859 871 926 902 quoe

225 911 310 948 sunt,
325 918 451 949 quaeque
468 912 541 940 sunt
557 909 716 949 immania,
734 911 858 942 Cedunt
872 911 926 942 Ιιο-

227 959 309 990 nori.
354 959 402 990 Ut
418 960 605 1000 eleganter,
617 960 691 994 Jos.
705 961 860 1003 Scaliger
875 962 924 993 in-

227 1012 451 1050 terpretatur.
475 1011 601 1043 Morell.

234 1078 235 1081 =
268 1062 311 1092 54
333 1061 379 1091 Et
394 1059 489 1101 ruga]
514 1061 607 1092 Luna
622 1071 697 1102 quae
714 1060 852 1093 videtur
867 1070 925 1093 va-

227 1109 299 1150 gari
325 1109 563 1147 arbitrio-suo,
591 1115 628 1142 et
653 1115 768 1142 tamen
798 1112 924 1151 servit3

227 1168 302 1191 nam
331 1160 549 1200 plenilunium
576 1170 641 1191 non
670 1160 731 1200 fit;
756 1170 819 1192 nec
850 1161 924 1202 ipsa

225 1213 343 1251 potest
364 1210 504 1251 implere
520 1210 635 1242 orbem
652 1220 747 1243 suum
772 1211 923 1243 imminu-

226 1264 311 1300 tum,
338 1260 400 1292 nisi
424 1264 519 1292 certa
542 1263 734 1302 temporum
754 1261 843 1303 lege,
867 1262 923 1293 cui

227 1310 346 1342 servit.
368 1310 541 1342 Domitius.

268 1363 310 1392 58
322 1359 444 1391 Fistula
463 1359 586 1400 Pleoebz']
599 1360 674 1392 Nec
690 1360 811 1402 puduit
822 1361 922 1393 Phue-

224 1409 304 1442 bum
320 1419 453 1441 sumere
465 1410 610 1442 fistulam
622 1421 716 1442 more
729 1416 900 1452 pastorum
913 1423 921 1443 ε

224 1463 261 1491 et
275 1460 449 1492 custodire
465 1465 618 1492 armenta
634 1461 722 1502 regis
731 1460 871 1494 Admeti
889 1463 922 1494 in

223 1511 407 1550 Thessalia,
428 1511 483 1543 cui
507 1512 678 1544 serviebat
694 1513 736 1544 ad
752 1512 918 1556 Amphry-

224 1570 307 1592 sum.
329 1561 429 1594 Idem.

264 1613 308 1642 59
326 1610 390 1642 Sed
404 1610 516 1652 neque]
531 1612 616 1643 Eum
633 1611 749 1644 laudat
763 1621 782 1644 a
798 1613 923 1654 patria,

223 1660 315 1702 quod
345 1661 498 1702 quamvis
528 1671 645 1694 servus
675 1667 777 1703 esset,
807 1668 919 1694 tamen

221 1720 290 1742 non
314 1712 448 1743 venerit
471 1721 514 1743 ex
540 1712 715 1753 Barbaris,
738 1723 782 1745 ex
805 1714 922 1754 Dacis,

223 1761 336 1802 Getis,
353 1762 636 1804 Cappadocibus:
652 1763 743 1796 unde
759 1764 816 1795 alii
832 1763 920 1795 servi

221 1811 314 1843 mitti
330 1812 462 1844 solent:
486 1812 548 1843 sed
563 1822 606 1844 ex
620 1813 767 1854 Smyrna
792 1813 920 1854 oppido

222 1860 431 1893 nobilissimo
460 1861 579 1894 Ioniae.
631 1863 701 1900 sz
727 1863 848 1905 Lydius
870 1863 919 1895 ἰη-

221 1914 286 1943 trat
311 1911 471 1953 Bacchus]
494 1913 628 1944 Tmolus
658 1918 739 1945 ante
766 1914 918 1945 Timolus

221 1961 413 2002 dicebatur,
442 1966 621 2004 utrumque
659 1963 694 1994 in
733 1973 797 1994 usu
827 1963 918 2004 apud

221 2011 340 2053 poetas
369 2011 532 2043 Ovidium
562 2016 599 2044 et
632 2012 764 2045 Silium.
817 2013 919 2045 Mons

222 2063 340 2105 Lydiae
356 2063 479 2095 vitibus
495 2063 659 2104 consitus,
679 2068 715 2095 et
730 2064 800 2095 vini
817 2073 918 2105 gene-

220 2113 363 2146 rositate
379 2113 609 2145 nobilissimus
624 2125 631 2144 :
655 2114 735 2145 inde
751 2114 853 2146 etiam
870 2114 917 2145 la-

220 2164 313 2196 bitur
326 2164 501 2196 Pactolus.
546 2163 641 2205 Apte
657 2163 773 2205 poeta,
785 2168 824 2196 ut
844 2173 918 2196 car-

219 2223 297 2246 men
317 2214 439 2254 variet,
453 2214 501 2246 ait
516 2214 690 2246 Bacchum
707 2214 917 2246 descendere

219 2264 255 2295 in
272 2263 437 2295 Hermum
454 2262 604 2304 fluvium,
622 2268 661 2296 ut
682 2264 728 2295 ibi
744 2268 863 2296 aurato
879 2265 918 2296 il·

218 2313 282 2346 lius
298 2314 377 2345 iimo
392 2323 450 2344 sua
470 2313 603 2346 reficiat
617 2323 755 2346 cornua.
776 2315 874 2346 Idem.

261 2366 305 2395 69
330 2364 498 2395 Proximus
523 2363 636 2404 hares]
661 2364 829 2405 Caligula,
860 2365 917 2406 qui

217 2413 353 2446 Tiberio
368 2413 542 2446 successit.
564 2414 661 2446 Idem.

261 2466 302 2495 77
326 2463 440 2496 Senior
461 2463 621 2500 demissus,
650 2463 720 2505 ism]
753 2464 916 2505 Suspicor

219 2514 413 2554 scripsisse:
436 2514 539 2545 senior
551 2515 696 2551 emissus:
725 2515 810 2546 utin
827 2516 915 2547 Her-

218 2564 295 2596 cule
312 2563 469 2604 Epitrap.
491 2564 501 2581 ‘
517 2564 637 2595 OEtaeis
652 2564 795 2595 emissus
809 2564 843 2596 in
861 2574 914 2596 as-

219 2620 273 2646 tra
287 2613 433 2644 favillis?
474 2613 517 2644 In
532 2618 682 2654 patrem:
703 2615 715 2632 4
731 2623 789 2645 seu
813 2622 916 2646 mem·

217 2663 289 2695 bris
304 2663 447 2694 emissus
460 2662 495 2693 in
511 2663 617 2695 ardua
633 2662 801 2695 tendens?
841 2664 915 2695 Sal·

216 2722 295 2746 vum
310 2716 453 2754 praestat
468 2722 602 2744 versum
616 2714 798 2754 Virgilius:
816 2714 827 2732 ‘
842 2713 917 2752 ubi-

219 2771 287 2805 que
302 2771 409 2803 pavor
423 2766 460 2794 et
480 2762 630 2803 plurima
644 2763 763 2794 mortis
781 2762 914 2804 imago.'

218 2813 452 2856 Rursumquet
468 2813 478 2831 4
494 2813 540 2845 Et
551 2811 648 2845 furiis
662 2814 809 2856 agitatus
821 2823 915 2847 amor

686 265 828 296 NOTAE
865 266 1125 299 vARloRUM
1159 268 1211 299 IN

978 364 1014 392 et
1027 362 1165 393 conscia
1182 361 1315 395 virtus)
1336 363 1474 395 Gronov.

1022 414 1063 443 80
1086 412 1301 444 Promeruisse
1320 414 1430 455 datur]
1452 413 1493 446 Id
1509 417 1575 455 est,
1589 413 1675 447 dici-

979 466 1047 492 tnr.
1069 462 1078 478 ‘
1097 461 1178 493 dare
1195 462 1417 494 sententiam'
1441 473 1503 505 pro
1522 465 1532 482 ‘
1548 464 1675 497 dicere'

978 515 1013 542 et
1026 514 1035 528 ‘
1046 510 1161 543 ferre:
1183 511 1397 544 Modestinus
1407 512 1675 546 Jurisconsultns

977 568 1138 591 Lxxvur.
1164 561 1208 592 D.
1226 561 1267 592 de
1288 562 1338 593 Re
1353 562 1469 595 Judic.
1491 567 1501 581 ‘
1515 563 1598 595 Duo
1617 563 1678 604 ju·-

977 610 1070 642 dices
1094 610 1163 642 dati
1190 611 1342 643 diversas
1365 613 1552 645 sententias
1573 613 1676 646 dede-

977 659 1081 691 runt!
1105 665 1140 691 et
1158 660 1283 693 Paulus
1309 662 1348 693 L.
1364 671 1433 695 Lvr.
1455 664 1474 704 ᾗ
1492 666 1520 696 1.
1542 664 1588 696 1).
1613 663 1672 696 De

978 709 1088 741 Evict.
1124 711 1134 728 ⁴
1159 716 1194 742 et
1221 716 1342 743 contra
1371 722 1425 744 me
1456 712 1537 745 data
1564 712 1675 746 fuerit

976 760 1171 792 sententia?
1201 761 1308 793 Immo
1322 763 1524 804 simpliciter
1538 764 1548 783 ‘
1563 763 1673 802 dare)

977 809 1094 840 eadem
1111 811 1260 844 notione.
1286 813 1453 854 Ulpianus
1467 814 1505 845 L.
1515 822 1606 847 xxv.
1622 815 1669 847 D.

976 859 1020 891 de
1046 860 1160 892 Liber.
1188 862 1289 894 Caus.
1313 863 1331 885 -‘
1349 863 1382 894 Si
1411 863 1502 895 enim
1529 863 1674 906 liquebit

976 916 1098 942 contra
1125 911 1319 944 libertatem
1357 912 1478 945 dabit.'
1534 913 1674 947 Tacitus

975 958 1033 991 lib.
1051 968 1075 990 ι.
1097 959 1107 976 4
1124 960 1179 991 Ita
1201 961 1387 993 secundum
1407 962 1597 995 Messenios
1614 962 1674 995 da-

976 1008 1071 1049 tum‚'
1103 1009 1136 1041 id
1164 1015 1230 1050 est,
1260 1013 1270 1029 ‘
1290 1011 1569 1052 pronunciatum!
1589 1012 1673 1045 Bas

974 1062 1060 1091 nare.
1104 1060 1220 1101 Arcas]
1243 1062 1449 1102 Mercurius,
1466 1062 1591 1104 inquit,
1605 1071 1673 1096 ser·

975 1109 1025 1141 vit
1033 1109 1126 1150 Jovi,
1142 1120 1210 1142 non
1228 1111 1393 1152 pluribus.
1435 1113 1521 1144 Juno
1534 1113 1672 1155 potitur]

974 1159 1067 1192 Juno
1091 1161 1162 1191 sola
1186 1161 1294 1192 utitur
1314 1161 1672 1195 ministra-Thauman-

975 1208 1060 1249 tide,
1088 1208 1123 1240 id
1147 1215 1213 1250 est,
1239 1210 1306 1242 Iri:
1329 1221 1405 1252 quae
1420 1212 1577 1253 quoniam
1592 1222 1671 1246 cum

975 1258 1199 1291 admiratione
1213 1260 1358 1302 quadam
1374 1261 1539 1303 oritur,ut
1550 1263 1672 1296 scribit

974 1307 1107 1339 Macro.
1127 1313 1164 1340 et
1191 1310 1326 1350 Cicero,
1355 1310 1448 1342 dicta
1478 1316 1531 1343 est
1560 1312 1671 1344 'Pham

973 1358 1097 1389 mantis
1113 1357 1180 1389 filia
1195 1370 1203 1389 :
1222 1369 1298 1390 nam
1314 1360 1413 1399 θαῦμα
1428 1360 1600 1401 significat
1612 1361 1672 1394 mi·

973 1408 1120 1439 raculum.
1160 1408 1222 1449 Tu]
1238 1410 1290 1441 Tu
1306 1419 1397 1442 vero.
1436 1410 1558 1451 Toties]
1577 1411 1669 1445 Qua·

974 1461 1037 1489 ter.
1083 1458 1228 1498 Integer]
1251 1458 1394 1491 Illaesus.
1420 1460 1541 1492 Domie.

977 1529 982 1532 -
1016 1511 1058 1539 86
1079 1509 1156 1541 Jam
1184 1509 1321 1541 creditur
1348 1509 1416 1550 emi,
1444 1509 1514 1551 ὅπη]
1546 1511 1668 1544 Totum

973 1557 1062 1590 hunc
1091 1559 1203 1590 locum
1233 1569 1327 1591 more
1353 1569 1411 1591 suo
1437 1560 1590 1592 imitatus
1616 1565 1671 1594 est

973 1607 1179 1640 Claudianus
1215 1608 1250 1639 in
1299 1609 1512 1650 Panegyrico
1547 1610 1668 1643 Manlii

971 1658 1159 1690 Theodori:
1182 1658 1192 1676 ‘
1210 1658 1301 1690 Huic
1331 1668 1438 1691 sacrae
1466 1660 1670 1694 mandantur

972 1707 1078 1748 opes,'
1089 1708 1153 1739 &c-
1186 1709 1355 1742 Qnaernut
1367 1710 1589 1752 interpretes,
1600 1721 1669 1753 quo

972 1758 1104 1789 nomine
1132 1768 1254 1790 munus
1281 1759 1344 1791 hoc
1375 1760 1583 1801 appellatum
1611 1760 1669 1802 sit,

971 1808 1061 1850 quod
1079 1813 1146 1840 tam
1164 1809 1233 1841 late
1248 1809 1303 1841 hic
1324 1810 1505 1851 descripsit
1525 1811 1667 1846 Statius.

971 1859 1056 1891 Sunt
1081 1859 1138 1901 qui
1159 1859 1170 1877 4
1185 1859 1435 1892 Praefecturam
1462 1860 1590 1892 aerarii’
1618 1861 1669 1894 in·

972 1909 1143 1950 telligaut.
1185 1910 1254 1941 Sed
1271 1919 1329 1942 eos
1345 1909 1475 1942 refutat
1489 1911 1544 1943 vel
1559 1911 1667 1944 solum

970 1959 1160 2000 epitheton,
1173 1959 1372 2000 Sanctarum,
1387 1960 1470 1992 illud
1485 1962 1575 1993 enim
1590 1971 1668 2003 pro·

970 2010 1044 2052 prie
1061 2009 1104 2042 ad
1125 2010 1372 2051 Imperatorem
1394 2016 1545 2053 spectat,
1565 2012 1665 2055 eujus

970 2069 1024 2092 res
1050 2070 1166 2092 omncs
1191 2059 1379 2093 familiares
1400 2062 1529 2094 solenni
1553 2063 1669 2105 titulo,

969 2111 979 2129 ‘
996 2120 1103 2142 sacrae
1115 2110 1125 2125 '
1141 2110 1356 2143 dicebantur.
1399 2111 1492 2143 Hinc
1511 2113 1522 2131 ‘
1534 2121 1667 2147 sacrans

969 2160 1127 2201 domun=‚’
1140 2161 1150 2180 ‘
1162 2170 1296 2192 sacrum
1310 2161 1421 2203 latus‚'
1439 2166 1449 2181 ¹
1462 2171 1576 2194 sacros
1593 2163 1666 2195 vu}-

970 2210 1042 2243 tus'
1065 2210 1147 2242 alibi
1163 2210 1247 2243 dicit
1264 2211 1402 2250 Noster,
1416 2210 1474 2244 ubi
1489 2211 1533 2244 de
1548 2212 1666 2245 Domi-

969 2261 1060 2293 tiano
1089 2262 1171 2302 agit.
1215 2260 1339 2302 Itaque
1369 2261 1666 2302 ‘Dispensatoris'

967 2320 1087 2343 munus
1103 2311 1157 2341 hic
1174 2310 1284 2342 notari
1299 2319 1434 2348 censeo,
1454 2312 1503 2343 sic
1524 2311 1614 2344 enirn
1629 2312 1664 2344 in

968 2361 1276 2394 Constitutionibus
1298 2364 1473 2401 vocantur,
1490 2361 1547 2402 qui
1561 2361 1664 2394 Prin-

967 2412 1080 2453 cipum
1099 2410 1259 2451 pecunias
1267 2413 1405 2446 ·curant,
1417 2410 1666 2444 thesaurorum.

968 2472 1034 2504 que
1064 2459 1391 2493 administrationem
1417 2464 1555 2500 gerunt.
1599 2461 1664 2493 La-

966 2514 1070 2546 bente
1084 2510 1236 2552 Imperio
1259 2510 1451 2551 hujusmodi
1470 2512 1664 2545 muneribus

966 2561 1126 2604 praefecti
1143 2560 1227 2592 dicti
1240 2564 1319 2591 sunt
1343 2560 1354 2580 ‘
1371 2559 1524 2592 Comites
1551 2570 1664 2594 sacra-

966 2623 1040 2644 rum
1065 2609 1306 2652 largitionum,’
1336 2610 1400 2642 sub
1424 2610 1544 2652 quibus
1564 2615 1664 2643 erant

966 2665 976 2692 ⁴,
993 2661 1160 2695 Praefecti
1186 2660 1457 2700 'rhesum-orum:
1484 2662 1495 2679 ‘
1512 2661 1664 2694 Comites

965 2710 1202 2750 metallorum‚'
1215 2711 1351 2751 aliique.
1379 2711 1464 2742 Erat
1475 2714 1512 2742 et
1525 2711 1535 2729 ‘
1548 2720 1662 2744 comes

966 2764 1016 2797 rei
1033 2761 1192 2805 privatae'
1219 2761 1342 2793 dictus.
1387 2761 1440 2792 De
1454 2761 1577 2803 quibus
1591 2771 1662 2794 om-

965 2813 1064 2848 nibus
1080 2811 1157 2844 vide
1174 2811 1339 2844 Notitiam
1355 2809 1507 2852 Imperii,
1528 2816 1564 2844 et
1580 2811 1662 2855 ean„

1818 3011 1826 3016 t

1839 2982 1858 3112 Qu·
1845 2916 1858 2970 »ns
1850 2883 1858 2891 .-
1849 2840 1858 2863 ·...
