1858 3112
405 233 448 267 P.
481 231 671 266 PAPlNll
705 233 870 266 STA'rll

142 326 388 362 certaminibus
409 334 447 363 et
468 338 536 362 non
559 329 682 362 timens
708 329 854 372 imperia

144 378 330 422 Eurysthei
372 379 508 423 Argivi,
549 381 854 423 Eurysthenmqne

143 434 318 462 mortuum
333 429 521 463 etdiversis
531 431 670 463 tumulis
682 431 855 473 sepultum

145 486 188 513 ae
202 489 363 515 mersum.
387 481 564 514 Domitius.

186 532 231 563 24
252 530 351 564 Liber
371 531 488 573 calcas]
520 532 602 564 Sive
628 541 667 564 es
694 531 728 564 in
755 532 855 573 caelo,

145 580 238 622 quod
253 580 382 615 virtute
397 585 458 614 tna
479 581 542 614 tibi
561 582 705 623 parasti,
719 582 778 614 nbi
790 583 856 614 'ha-

145 631 208 664 bes
223 632 358 665 Hebem
375 642 530 677 uxorem.
563 632 666 673 Nam,
681 637 719 665 ut
734 632 857 665 scribit

145 681 330 724 Homerus,
343 688 382 716 et
396 683 569 716 Diodorus
589 693 648 725 seq
654 684 760 724 uitur,
775 692 856 715 eon—

144 737 284 765 secrato
301 732 444 766 Herculi
465 737 502 766 et
519 737 662 775 recepto
679 733 712 765 in
733 733 855 766 caelum

147 781 252 815 Hebe
267 793 354 817 uxor
367 783 454 817 data
469 789 536 817 est.
554 785 656 816 Idem.

185 837 231 868 26
255 835 475 877 Bausta-nque
502 835 575 875 tibi,
601 834 674 876 φη]
711 835 856 866 Flaccus

146 895 201 919 lv.
226 885 296 919 od.
310 888 343 919 8.
386 886 509 920 ‘Jovis
536 886 682 918 interest
713 885 854 927 Optatis

147 936 262 979 epulis
274 936 420 979 impiger
435 936 632 969 Hercules-¹
670 937 767 968 Uxor
781 934 856 977 ejus

146 986 298 1019 coelestis
314 985 429 1028 Hebe,
443 987 611 1028 pubertas
628 985 858 1027 seujuventa,

146 1037 324 1080 pincernae
361 1036 552 1069 ministerio
592 1036 751 1078 fungens,
780 1037 857 1069 vice

145 1087 374 1130 Ganymedis,
387 1087 564 1122 succincta
579 1088 719 1128 dicitur,
736 1091 774 1119 ut
791 1087 858 1119 Ve-

146 1139 315 1173 na'trieem
326 1138 551 1181 virgilianam
570 1138 716 1170 vidimus
731 1148 740 1169 ε
756 1141 765 1156 ⁴
776 1138 858 1170 Sne-

146 1190 297 1224 einctam
313 1190 474 1233 pharetra
486 1193 523 1222 et
538 1189 721 1221 maculosae
736 1188 858 1230 tegmi-

146 1251 192 1275 ne
209 1240 344 1284 lyncis!
360 1241 488 1284 quippe
511 1244 587 1273 erat
609 1240 619 1257 ⁶
637 1239 738 1272 Nuda
756 1249 858 1280 genu,

146 1292 324 1335 nodosque
337 1291 415 1324 sinu
430 1291 575 1324 collecta
591 1289 764 1322 fluentes!
788 1290 858 1322 Par

146 1352 232 1376 vero
261 1343 358 1387 locus
386 1347 441 1375 est
469 1342 560 1384 apud
592 1342 857 1384 Xenophontem

147 1392 252 1435 Κύρου
278 1391 423 1426 Παιδεία,-
451 1393 511 1426 lib.
541 1402 567 1425 ι.
612 1392 724 1434 Cyrus
766 1392 858 1424 enim

147 1444 331 1487 cambysis
354 1444 539 1477 Persarum
567 1444 654 1485 Reg.
678 1442 781 1484 filius,
797 1442 857 1475 ad-

146 1495 214 1528 huc
228 1495 378 1538 puellus,
387 1495 528 1528 Saceam
539 1494 737 1537 pincernam
751 1493 857 1536 Asty—

147 1546 220 1588 agis
245 1545 430 1580 Medorum
455 1546 543 1588 Reg.
559 1546 615 1577 avi
638 1545 688 1577 sni
717 1546 858 1577 numula-

99 1599 101 1601 '
148 1602 218 1638 tns,
235 1602 398 1638 porrecta
411 1596 500 1638 Regi
516 1596 628 1638 phiala
644 1596 754 1629 tribus
773 1596 858 1638 digi-

148 1648 209 1688 tis,
221 1648 336 1689 δεξιᾶς,
358 1651 441 1689 apte
467 1651 504 1679 et
526 1646 708 1687 decenter,
724 1647 858 1679 oscula·

147 1703 274 1742 tnsqne
289 1708 401 1739 avum,
414 1699 425 1716 ‘
443 1698 475 1731 Ο
491 1697 621 1738 Saeca,’
637 1697 760 1740 inquit,
776 1699 787 1716 ‘
801 1707 857 1730 ac-

150 1754 222 1782 tum
239 1754 295 1783 est
309 1749 354 1782 de
376 1753 424 1786 te,
439 1749 636 1781 excluderis
653 1758 673 1781 a
689 1748 766 1782 me!
781 1748 856 1781 ἀπό-

147 1807 267 1835 λυλιις·
284 1801 412 1847 CRM
425 1811 464 1833 «re
477 1801 536 1839 τῆς
549 1801 650 1840 τιμῆς.
675 1801 842 1833 Mor-enm.

191 1855 234 1886 27
257 1853 390 1895 Phryge
404 1851 544 1893 excluso]
569 1845 646 1884 Hoc
663 1852 711 1884 ait
726 1852 761 1884 in
777 1862 859 1884 con-

148 1903 353 1937 solationem
379 1904 507 1937 veteris
540 1899 697 1945 repulsae'
718 1904 858 1937 Hebes:

147 1964 228 1987 nam
240 1955 341 1988 Hebe
352 1960 494 1997 recepto
507 1954 709 1996 Ganymede
720 1955 860 1988 exclusa

148 2010 204 2038 est
223 2014 244 2037 a
271 2005 472 2047 poculorum
495 2004 776 2038 ministratione:
799 2005 858 2038 sed

149 2060 232 2098 post
246 2055 540 2088 consecrationem
562 2054 742 2094 Herculis,
759 2059 798 2087 ut
811 2056 859 2087 ait

149 2107 330 2150 Papinius,
344 2107 450 2140 rediit
464 2108 499 2140 in
524 2107 686 2150 pristinos
701 2107 859 2139 honores.

150 2158 280 2191 Donate.

193 2211 240 2242 28
263 2209 308 2241 Et
330 2209 459 2250 genium
474 2209 609 2251 templis,
624 2208 694 2250 δῖα]
717 2209 860 2241 Solenni

149 2258 299 2292 formula
314 2259 396 2292 olim
423 2259 434 2277 ‘
451 2260 628 2292 nascentia
645 2259 773 2301 templa
785 2259 794 2272 ⁹
810 2259 861 2291 di-

150 2309 336 2351 cebantur,
361 2319 440 2352 quae
465 2310 611 2352 primum
636 2311 797 2343 dedicata
820 2320 860 2343 ac

149 2364 353 2393 consecrata
362 2366 475 2394 erant.
496 2362 651 2394 Martini.
665 2362 782 2394 lib.vr.
794 2362 861 2404 Ep.

149 2413 185 2445 4.
210 2410 252 2444 sd
282 2411 410 2444 Domit.
454 2414 465 2431 ⁴
482 2413 549 2444 Tot
576 2412 754 2444 nascentia
780 2415 862 2444 tem-

150 2462 221 2504 pla,
236 2466 288 2494 tot
313 2462 456 2495 renata?
499 2463 546 2495 Et
563 2463 691 2495 Noster
706 2472 754 2495 iv.
767 2462 862 2505 Sylv.

151 2514 217 2546 Via
234 2513 458 2546 Domitiana:
481 2516 491 2532 ⁴
509 2514 628 2546 Donec
650 2513 796 2545 Troicus
812 2513 861 2554 ig-

149 2564 216 2601 nis,
230 2569 267 2596 et
283 2569 413 2596 renatae
427 2565 598 2606 Tarpeius
613 2569 716 2606 pater
731 2564 863 2596 intona-

151 2614 203 2657 lm
220 2613 330 2647 aulan’
347 2614 484 2646 Gevart.

196 2669 240 2699 29
265 2666 339 2698 Non
349 2670 381 2698 te
393 2665 710 2708 Lemnocens‚85·c.]
733 2666 864 2699 Secun-

153 2716 234 2749 dnm
261 2717 423 2750 Herculis
446 2722 623 2749 certamen
651 2718 760 2760 primo
787 2718 863 2750 loco

153 2768 290 2811 statuit,
305 2778 374 2812 quo
389 2768 587 2802 deluctatus
603 2774 658 2801 est
673 2779 749 2802 cnm
761 2777 863 2801 exce-

153 2825 221 2861 tra,
250 2824 289 2853 ut
315 2820 466 2863 loquitur
495 2820 639 2855 Plautus
670 2820 706 2853 in
741 2819 863 2854 Persa.

906 233 1051 267 sYLv.
1085 228 1184 268 ms.
1210 236 1285 268 111.
1319 224 1358 267 1.
1492 224 1608 268 1695

907 329 1000 362 Arva
1015 336 1130 363 autem
1158 331 1328 364 Molorchi
1354 340 1482 372 pascua
1500 330 1613 365 ‹lesia-

905 385 978 422 nat,
991 382 1066 423 ejus
1083 383 1138 424 qui
1158 383 1343 415 Herculem
1358 382 1551 414 venit-ntem
1569 382 1612 413 ad

905 432 1036 464 caedem
1049 433 1157 464 leonis
1168 432 1320 474 hospitio
1332 432 1502 472 suscepit:
1519 431 1613 473 apud

906 481 990 513 Nas.
1006 481 1040 513 in
1061 481 1184 515 Deian.
1219 487 1229 500 ⁸
1247 482 1381 523 Nempe
1399 482 1463 514 sub
1475 483 1524 514 his
1541 482 1613 514 ani-

905 541 995 564 mam
1018 532 1115 565 testis
1138 533 1305 565 Nemeaea
1328 534 1466 565 lacertis
1493 533 1615 566 Edidit

906 582 1116 616 Herculeis!
1160 583 1229 616 Hic
1261 589 1374 616 tamen
1405 585 1460 616 leo
1486 584 1615 617 dicitur

905 633 1009 665 etiam
1031 633 1222 674 Κιθαιρώνιος
1244 634 1288 666 ab
1313 632 1527 676 Apollodoro
1550 635 1613 667 lib.

907 692 950 716 11.
975 694 1076 726 quem
1103 684 1274 716 Hercules
1303 686 1357 717 18.
1381 685 1494 717 aetatis
1521 694 1613 718 anuo

906 734 1097 768 interfecit.
1141 737 1151 754 ‘
1174 735 1433 768 Formidatum’
1464 745 1545 767 vero
1577 746 1613 768 a·

906 795 1004 827 grum
1021 785 1105 818 dicit
1121 785 1166 818 ob
1178 786 1268 818 hunc
1283 787 1293 804 ‘
1311 790 1444 818 vastum
1468 786 1613 819 Nemeae

905 836 968 868 sub
981 846 1065 877 rupe
1079 836 1253 869 Leonem!
1267 837 1346 870 Jam
1356 845 1438 868 vero
1452 846 1513 878 per
1521 840 1616 869 antra

908 886 1043 918 Thracia
1072 887 1250 918 Diomedis
1285 886 1445 919 Thraciae
1474 886 1615 928 tyranni

905 936 1057 977 Mapalia
1067 937 1244 978 intelligit,
1256 937 1266 955 ‘
1277 938 1377 979 cujus
1389 947 1494 980 equos
1507 938 1616 979 (Her-

905 984 1009 1027 culis)
1024 995 1112 1018 nono
1125 996 1202 1018 cum
1217 996 1301 1028 rege
1317 987 1491 1029 peremit.’
1516 988 1615 1020 Grae-

906 1039 937 1071 ci
955 1038 1078 1072 πώλους
1093 1038 1352 1082 ἀνθρωποφάγους
1374 1045 1408 1073 et
1429 1040 1614 1083 ἀνδρομέους

907 1095 1046 1123 vocant.
1091 1091 1201 1123 Porro
1215 1091 1333 1123 altaria
1350 1092 1471 1133 polluta
1485 1092 1615 1134 AEgyp-

907 1140 946 1173 tii
972 1142 1076 1181 regis,
1096 1142 1262 1184 Virgilius
1279 1147 1288 1161 ‘
1306 1142 1462 1174 illaudati
1486 1143 1616 1175 Busiri-

907 1190 960 1223 dis
987 1192 1080 1223 aras’
1098 1193 1267 1234 appellat,
1288 1192 1435 1225 victimis
1457 1193 1615 1226 humanis

907 1244 1058 1286 pollutas
1072 1255 1082 1276 ε
1099 1243 1272 1277 inficiatur
1283 1249 1399 1276 tamen
1414 1245 1616 1278 Eratosthe-

908 1306 968 1328 nes
1014 1297 1210 1330 Busiridem
1247 1298 1446 1341 AEgyptinm
1496 1298 1615 1332 fuisse.

907 1347 1037 1379 Morell.

950 1401 993 1430 36
1027 1399 1260 1441 lustramurque
1288 1399 1439 1439 humeris,
1468 1398 1538 1442 δῖα]
1573 1399 1616 1432 In

907 1449 1064 1482 omnibus
1092 1456 1186 1482 retro
1204 1451 1351 1490 vulgatis
1371 1451 1519 1492 pessime
1535 1451 1616 1483 hac·

908 1505 1008 1532 tenus
1024 1501 1154 1533 lectum
1170 1500 1237 1534 fuit
1250 1500 1508 1544 Lustrammque,
1523 1501 1617 1544 quod

907 1550 1111 1583 Calderinus
1126 1551 1258 1584 frustra
1279 1553 1455 1594 explicare
1470 1557 1616 1585 conatus

907 1606 971 1633 est.
1007 1601 1093 1635 Cod.
1110 1606 1225 1635 autem
1242 1603 1403 1635 Senensis
1420 1604 1552 1642 signate
1568 1603 1619 1635 ina

905 1655 1040 1683 stratum
1054 1652 1172 1694 habet,
1184 1657 1219 1685 et
1233 1653 1457 1686 dubitandum
1473 1663 1540 1685 non
1553 1658 1618 1687 est.

909 1702 998 1734 Nam
1011 1703 1059 1734 sic
1075 1704 1198 1744 Virgil.
1223 1705 1233 1722 ‘
1253 1704 1419 1746 Fulvique
1442 1704 1618 1737 insternor

908 1752 998 1793 pelle
1015 1752 1150 1785 leonis!
1195 1754 1241 1785 Et
1270 1754 1396 1786 Noster
1416 1755 1530 1796 Epulo
1546 1755 1617 1787 Do-

907 1802 1062 1835 mitiani:
1086 1804 1108 1821 -‘
1133 1803 1189 1836 Sic
1220 1805 1336 1845 gravis
1367 1804 1518 1844 Alcides,
1539 1809 1618 1846 post

907 1853 1144 1895 horridajussa
1157 1863 1325 1895 reversus,
1336 1855 1519 1888 Gaudebat
1531 1860 1620 1888 stra·

909 1910 945 1936 to
963 1906 1052 1936 latus
1070 1905 1243 1947 acclinare
1261 1905 1378 1937 leoni.’
1417 1906 1516 1940 Quod
1534 1916 1617 1939 vero

908 1955 1004 1996 dicit,
1019 1956 1156 1987 humeris
1176 1956 1371 1996 gerentibus,
1395 1957 1535 1988 tolerari
1553 1957 1619 1989 hoc

909 2011 1045 2048 potest:
1070 2007 1184 2038 malim
1201 2011 1315 2038 tamen
1329 2007 1548 2049 transpositis
1561 2007 1620 2039 lit-

909 2057 1050 2090 terulis:
1074 2057 1264 2097 rigentibus.
1309 2056 1402 2089 Ante
1427 2057 1518 2089 enim
1547 2067 1619 2090 om-

908 2109 966 2140 nia
991 2112 1031 2140 ut
1054 2108 1193 2139 horrida
1214 2113 1251 2140 et
1273 2117 1398 2149 aspera
1422 2107 1622 2150 descripsit,

909 2164 1012 2191 truces
1031 2168 1136 2200 arcus,
1159 2158 1282 2201 inquit,
1304 2168 1476 2200 agmenque
1499 2159 1621 2191 immite

907 2209 1078 2251 pharetroe,
1094 2210 1147 2250 ὅγε.
1192 2209 1239 2241 Et
1255 2209 1386 2240 humeri
1403 2209 1510 2241 cruda
1529 2209 1621 2251 pelle

910 2262 1051 2293 instrati
1087 2260 1229 2302 proprie
1252 2261 1262 2277 ‘
1282 2260 1394 2302 rigere
1411 2260 1420 2274 ’
1446 2260 1621 2294 dicuntur.

910 2311 969 2344 Sie
994 2311 1102 2344 Theb.
1129 2321 1154 2344 ι.
1193 2312 1204 2329 ‘
1222 2310 1326 2353 Riget
1355 2311 1493 2343 horrida
1521 2316 1621 2354 tergo

911 2362 1024 2402 Palla,
1040 2367 1077 2394 et
1092 2361 1233 2394 coerulei
1259 2360 1406 2393 redeunt
1423 2362 1456 2392 in
1477 2366 1622 2403 pectora

912 2412 1015 2445 nodi.'
1037 2413 1168 2445 Getart.
1207 2411 1443 2453 [instratumque
1468 2411 1622 2453 humeris,

911 2462 982 2505 fit]
1006 2463 1051 2495 Et
1079 2467 1195 2504 potest
1210 2466 1246 2493 et
1262 2461 1367 2493 debet
1384 2462 1432 2493 ita
1453 2461 1535 2503 legi,
1551 2471 1621 2493 nnn

911 2513 1099 2555 rigentibus.
1127 2512 1318 2544 Gerentilms
1332 2512 1469 2543 humeris
1484 2516 1536 2544 est
1553 2521 1621 2544 non

907 2565 982 2607 jam
997 2565 1225 2604 luctantibus,
1238 2563 1298 2595 sed
1317 2563 1535 2604 gestantibus
1554 2573 1624 2595 mo·

914 2615 957 2647 do
982 2620 1019 2647 et
1037 2615 1109 2655 jam
1138 2613 1326 2646 victoribus
1350 2613 1510 2646 humeris.
1539 2613 1622 2645 Gro-

912 2677 984 2699 nov.
1002 2666 1112 2698 Diutr.

956 2720 998 2749 37
1023 2716 1169 2749 Acantho
1189 2714 1338 2756 Sidonio]
1362 2715 1540 2748 Acanthus
1558 2715 1622 2746 La-

913 2767 985 2799 tine
1011 2767 1111 2808 spina
1138 2766 1285 2798 dicitur:
1310 2765 1420 2798 herba
1436 2769 1551 2796 tamen
1568 2766 1622 2794 est

915 2827 992 2862 quae
1019 2817 1170 2859 assurgit
1200 2817 1234 2850 in
1261 2816 1445 2859 topiarium
1461 2819 1497 2846 et
1523 2813 1624 2846 urba·
