1846 3120
242 257 368 301 ‘1610

750 267 792 298 P.
824 266 975 298 PAPIN
985 266 1018 297 ΙΙ
1051 265 1217 299 S'rA'rrt

255 363 286 406 J
290 376 360 405 am
381 366 483 404 tunc
503 363 638 404 hasta
655 374 802 413 manu,
817 362 914 417 jam
934 366 1040 405 tunc
1062 364 1233 406 cervice
1254 363 1483 419 pharetrae,

256 429 315 471 Et
334 429 437 471 ferri
460 433 722 483 properatus
742 442 878 480 amor,
900 428 1146 484 durataque
1167 431 1308 473 multo

257 495 363 538 Sole
385 496 574 550 geluque
594 497 734 548 cutis;
759 501 907 538 tenero
924 510 1006 539 nec
1024 498 1147 553 flexa
1164 498 1297 540 cubili

258 563 478 612 Membra,
497 563 575 604 sed
594 563 759 616 ingenti
780 576 938 605 saxum
959 577 1190 606 commune
1209 565 1431 618 magistro.

1621 556 1718 606 ’395

256 629 353 671 Vix
372 629 480 671 mihi
500 630 707 671 bissenos
728 643 942 671 annorum
962 635 1152 672 torserat
1171 632 1297 673 orbes

256 696 371 739 Vita
390 697 526 748 rudis,
547 697 750 740 volucres
769 711 869 740 cum
884 698 982 752 Jam
1001 703 1270 752 praevertere
1294 711 1468 748 cervos,

259 764 319 807 Et
338 764 554 819 Lapithas
576 766 764 819 cogebat
785 777 915 819 equo,
937 765 1261 819 praemissaque
1283 777 1414 807 cursu

257 831 372 873 Tela
389 833 517 885 sequi
537 845 659 886 saepe
680 832 778 886 ipse
799 830 936 884 gradu
958 844 1029 873 me
1048 836 1246 885 praepete
1266 831 1444 873 Chiron.

259 898 379 940 Dum
394 899 530 940 velox
552 903 679 948 aetaS,
699 899 873 953 campis
895 899 1119 941 admissus
1140 899 1301 952 agebat

261 965 499 1016 Omnibus,
521 965 878 1020 exhaustumque
895 979 1011 1020 vago
1033 979 1112 1020 per
1134 966 1332 1019 gramina
1351 978 1488 1020 passu

259 1032 498 1074 Laudabat
516 1032 729 1086 gaudens,
745 1037 877 1087 atque
899 1034 944 1075 in
965 1046 1046 1075 sua
1066 1033 1180 1075 colla
1201 1033 1389 1076 levabat.

261 1099 396 1153 Saepe
417 1100 553 1140 etiam
573 1099 716 1152 primo
735 1100 860 1142 fluvii
880 1103 1059 1153 torpore
1073 1100 1259 1154 jubebat

259 1165 333 1208 Ire
353 1179 499 1220 super,
520 1166 795 1220 glaciemque
811 1167 901 1209 levi
920 1179 1012 1208 non
1032 1166 1231 1220 frangere
1251 1167 1419 1221 planta·

258 1232 365 1274 Hoc
386 1233 553 1286 puerile
573 1233 734 1275 decus:
766 1234 873 1289 quid
893 1247 1012 1275 nunc
1033 1234 1114 1275 tibi
1134 1234 1294 1288 praelia
1315 1233 1462 1276 dicam
1500 1241 1501 1244 ’

1632 1231 1719 1276 405

258 1299 528 1354 Sylvarum‘?
558 1304 605 1342 et
622 1314 787 1343 vacuos
806 1315 928 1345 saevo
942 1302 1038 1356 Jam
1058 1314 1277 1345 murmure
1299 1302 1472 1344 saltus?

259 1412 340 1444 tium
355 1413 494 1453 ingentis
508 1414 652 1446 nemoris.
694 1414 771 1445 Jam
785 1416 858 1444 tunc
875 1412 966 1444 hasta
979 1411 1014 1444 in
1036 1422 1140 1454 manu,
1155 1412 1227 1452 jam
1248 1417 1322 1446 tunc
1339 1414 1491 1455 pharetra
1503 1413 1539 1445 in
1553 1413 1629 1444 cono
1640 1416 1720 1449 erat,

261 1458 294 1486 et
306 1458 478 1487 accelerata
492 1457 601 1497 cupido
608 1456 706 1495 ferri,
728 1459 760 1487 et
774 1456 853 1486 cutis
867 1456 1017 1486 indurata
1030 1457 1125 1487 multo
1141 1457 1270 1496 frigore
1283 1467 1320 1488 ae
1334 1458 1407 1496 sole,
1427 1466 1482 1488 nec
1496 1459 1584 1488 arm
1593 1454 1722 1498 efflemi-

260 1497 330 1529 nati
339 1502 429 1530 erant
443 1500 477 1530 in
490 1499 574 1530 molli
589 1499 677 1538 lecto,
686 1499 740 1529 sed
753 1498 902 1529 cubabam
916 1507 985 1529 cum
1000 1507 1112 1536 magno
1125 1503 1315 1539 proeceptore
1327 1508 1422 1539 supra
1435 1507 1592 1530 commune
1600 1506 1722 1531 samm.

267 1540 332 1572 Vix
346 1541 381 1572 in
393 1542 450 1572 hac
462 1541 537 1580 fera
551 1541 620 1573 vita
633 1540 804 1580 attigeram
819 1540 979 1571 duodecim
993 1549 1100 1580 annos,
1121 1551 1189 1572 cum
1197 1542 1268 1580 jam
1281 1542 1408 1580 cogebat
1423 1551 1471 1572 me
1485 1549 1576 1572 cursu
1587 1549 1722 1580 prem*

262 1585 329 1614 iere
343 1584 445 1623 agiles
458 1593 575 1624 cervos,
598 1594 634 1614 ac
657 1592 749 1623 equos
763 1583 931 1623 Lapithas,
953 1585 983 1613 et
1009 1583 1129 1623 assequi
1153 1584 1332 1623 praemissas
1352 1583 1500 1624 sagittas.
1544 1582 1636 1623 Saepe
1657 1582 1724 1622 ipse

262 1625 395 1665 Chiron,
417 1627 490 1657 dum
514 1625 641 1665 vigebat
655 1628 761 1665 aetate,
779 1634 910 1656 currens
925 1625 1080 1656 concitato
1103 1627 1206 1665 gradu
1233 1636 1281 1657 me
1300 1635 1402 1658 secum
1423 1625 1536 1665 agebat
1555 1634 1611 1665 per
1621 1633 1726 1656 onmes

262 1677 398 1708 campos,
418 1671 450 1699 et
465 1668 518 1699 ubi
532 1669 701 1700 exhaustus
715 1677 800 1699 eram
814 1667 988 1698 errabundo
1002 1677 1094 1698 cursu
1104 1677 1162 1708 per
1172 1669 1330 1708 gramina,
1351 1678 1400 1699 me
1413 1669 1504 1700 loetus
1518 1666 1676 1706 nudabat,
1691 1670 1724 1698 οἱ

262 1710 390 1741 tollebat
405 1712 445 1742 ad
459 1719 547 1742 suum
562 1712 683 1742 collum.
728 1709 819 1750 Saepe
834 1710 929 1740 etiam
942 1710 1015 1740 dum
1027 1710 1165 1749 primum
1177 1710 1343 1751 incipiebat
1346 1710 1469 1751 flumen
1482 1709 1651 1749 congelari,
1664 1708 1724 1740 im·

259 1752 391 1793 perabat
404 1763 452 1784 me
466 1753 514 1784 ire
531 1763 636 1794 super,
657 1761 713 1783 nec
728 1761 869 1793 rumpere
881 1752 1014 1791 glaciem
1028 1752 1090 1783 levi
1106 1754 1192 1792 pede.
1238 1753 1320 1784 Hoec
1333 1752 1464 1793 puerilis
1475 1751 1591 1792 gloria.
1638 1750 1726 1787 Quid

263 1803 344 1826 nunc
359 1795 417 1827 tibi
431 1805 593 1827 memorem
607 1805 674 1827 mea
687 1795 859 1826 certamina
875 1795 910 1825 in
923 1794 1108 1835 nemoribus,
1123 1798 1155 1826 et
1170 1795 1336 1827 exhaustos
1356 1796 1457 1827 saltus
1471 1794 1556 1834 feris
1568 1793 1724 1834 rugienti-

874 1877 1071 1890 OOOOOOOOOO
1074 1877 1113 1890 u

262 1947 579 1977 correctum—392
599 1946 676 1976 Jam
698 1949 773 1977 tunc
798 1954 886 1977 arma
912 1955 1005 1978 manu
1027 1946 1218 1978 Pan-394
1251 1946 1371 1978 Barth.
1386 1946 1484 1987 fluxa
1508 1944 1724 1977 cubita—³96

264 1988 350 2021 Exc.
367 1988 474 2029 Burg.
489 1988 618 2019 cursitat
632 1988 838 2020 orbem—398
861 1988 981 2021 Barth.
1000 1988 1130 2028 cogebat
1144 1991 1353 2029 αιτιοι-403
1376 1989 1461 2021 Exc.
1484 1988 1590 2029 Burg.
1603 1991 1727 2028 torpore

922 2073 1065 2106 NOTAE

309 2140 371 2169 895
411 2137 476 2169 Sed
512 2138 637 2178 ingenti
665 2147 777 2170 saxum
814 2148 971 2170 commune
1025 2138 1288 2180 certaminibus,
1323 2137 1477 2180 ‘Calpe‘
1526 2137 1727 2178 vocabatur,

264 2187 437 2228 magistro]
461 2187 637 2229 Superiori
649 2188 758 2219 libro:
780 2188 790 2206 ‘
806 2189 887 2220 Nox
902 2188 971 2220 ruit

265 2241 301 2272 in
332 2249 478 2279 somnos,
510 2250 592 2272 saxo
629 2240 815 2272 collabitur
852 2241 970 2281 ingens

266 2291 474 2329 Centaurus,
490 2290 691 2332 blandisque
706 2290 853 2322 humeris
868 2300 904 2322 se
920 2291 969 2322 in-

266 2341 377 2373 nectit
391 2340 567 2372 Achilles?

309 2394 374 2423 398
395 2390 566 2432 Lapithas]
598 2389 751 2431 Populos
776 2389 972 2422 Thessaliae.

272 2442 377 2483 Equo]
402 2443 507 2482 Equos
523 2439 608 2481 legit
631 2439 797 2479 Cruceus,
818 2444 855 2471 et
871 2439 972 2479 bene,

270 2495 307 2523 et
338 2490 446 2523 refert
477 2490 519 2522 ad
548 2489 725 2530 Lapithas,
754 2489 972 2530 explicatque

266 2542 277 2560 ‘
288 2541 500 2573 Thessalicos
515 2549 619 2581 equos
631 2539 640 2552 ’
655 2539 882 2580 pernicissimi
897 2549 972 2570 cur-

268 2601 338 2623 sus.
381 2591 483 2622 Silius
500 2590 643 2621 Italicus
661 2590 722 2622 lib.
743 2600 825 2621 vm.
842 2590 885 2622 de
901 2589 975 2622 Sci-

267 2640 372 2682 pione
400 2640 557 2672 Juvene:
593 2639 716 2681 ‘Saepe
745 2640 827 2672 alite
856 2641 975 2681 planta

267 2691 335 2723 Ilia
360 2688 554 2731 perfossum
583 2694 620 2722 et
650 2690 764 2731 campi
787 2700 850 2732 per
873 2699 974 2732 aper-

270 2746 306 2772 ta
341 2741 514 2771 volantem
544 2739 624 2781 Ipse
656 2741 763 2782 pedes
794 2740 976 2782 praevertit

267 2789 416 2834 equum?
459 2790 546 2822 Erat
561 2793 598 2821 et
613 2799 719 2831 genus
735 2790 807 2823 ludi
822 2791 856 2823 in
870 2790 975 2823 sacris

1025 2189 1082 2221 ubi
1098 2199 1195 2231 equae
1211 2188 1362 2220 insidens
1378 2189 1412 2220 in
1424 2188 1538 2220 medio
1551 2197 1652 2220 cursu
1668 2187 1727 2220 de·

1025 2239 1175 2279 sitiebat,
1202 2243 1238 2271 et
1259 2239 1480 2271 velocitatem
1502 2247 1726 2280 eqnae,quam

1024 2291 1097 2321 loro
1113 2289 1266 2330 tenebat,
1277 2289 1535 2332 assequebatur.
1549 2288 1727 2321 Plutarch.

1024 2349 1059 2373 v.
1075 2339 1193 2381 Symp.

1068 2392 1132 2421 399
1157 2390 1234 2421 Tela
1246 2388 1348 2430 sequi]
1370 2387 1531 2430 Assequi,
1550 2388 1603 2420 vel
1619 2387 1730 2430 sequi,

1025 2443 1064 2471 ut
1080 2448 1290 2480 assequerer.
1630 2454 1633 2456 ·

1070 2491 1135 2521 400
1161 2488 1288 2530 Campis
1301 2487 1469 2528 admissus]
1503 2487 1546 2520 Id
1571 2490 1636 2527 est,
1658 2496 1730 2519 eou-

1029 2542 1103 2572 rant
1119 2540 1139 2570 ὰ
1153 2542 1237 2570 toute
1249 2538 1336 2570 bride
1343 2549 1357 2576 ,-
1372 2543 1381 2557 ⁶
1390 2537 1572 2569 admittere
1583 2535 1733 2578 equum,’

1027 2598 1220 2629 masseritia
1244 2589 1361 2620 cheoul.
1385 2587 1549 2620 Ovidius:
1574 2586 1730 2619 ‘Hicla-

1029 2649 1088 2671 cer
1104 2638 1266 2670 admissos
1284 2638 1406 2670 terruit
1419 2638 1553 2669 Hector
1567 2637 1697 2679 equos!

1069 2691 1135 2720 406
1162 2687 1283 2719 Vacuus
1295 2688 1454 2727 saevoJam
1468 2686 1638 2729 murmure]
1665 2687 1731 2719 Ex-

1028 2738 1168 2770 haustos
1195 2735 1275 2769 feris
1301 2737 1503 2771 rudentibus
1519 2741 1556 2769 et
1569 2737 1731 2779 rugienti-

1028 2788 1103 2822 bus.

1824 3051 1846 3120 5-me
1822 2985 1846 3042 Qu*
1829 2903 1846 2976 :za-4²<
1832 2850 1846 2894 ,ιζ-εἱ
1824 2803 1846 2843 „ut'
