1846 3120
278 228 392 272 1468

279 335 428 378 Nocte
450 336 572 378 velut
593 334 784 389 Phrygia
804 347 904 377 cum
923 335 1166 378 lamentata
1185 336 1398 379 resultant

236 442 239 444 .
281 403 522 457 Dindyma,
544 402 735 457 pinigeri
754 403 923 457 rapitur
942 403 1183 446 Simoentis
1204 403 1260 446 ad
1281 417 1455 446 amnem

279 471 387 512 Dux
408 483 575 513 vesana
593 471 728 522 chori,
749 470 878 526 cujus
899 471 1000 514 Dea
1022 473 1235 526 sanguine
1257 472 1376 514 lecto

798 241 836 270 P.
872 239 1060 270 PAPan
1094 239 1260 271 STATn

278 537 390 591 Ipsa
409 538 532 581 dedit
549 538 724 589 sermm,
745 545 791 581 et
809 539 968 581 vittata
987 538 1130 582 fronte
1150 541 1333 583 notavit.

279 603 310 645 J
313 617 385 646 am
405 609 533 659 pater
554 605 776 661 Hesperio
797 605 1052 660 fiagrantem
1072 608 1239 662 gurgite
1260 620 1434 650 currum

279 669 523 715 Abdiderat
541 673 692 727 Titan,
714 674 817 716 aliis
839 673 1055 718 rediturus
1076 675 1133 717 ab
1154 675 1304 727 undis,

280 782 373 822 Deoe,
395 794 464 816 cum
480 786 640 829 Dindyma
663 786 828 827 eiulatibus
848 787 994 838 percussu
1017 791 1172 825 resonant,
1194 788 1305 820 insana
1327 788 1393 820 dux
1415 792 1524 829 coetue,
1544 787 1596 821 cui
1619 796 1732 824 numen

254 841 261 850 =
279 825 379 865 ipsum
403 829 537 868 proebuit
559 831 705 870 cultrum,
727 840 835 862 cruore
859 830 947 863 illius
968 830 1103 869 collecto,
1125 833 1157 861 et
1180 841 1271 872 quam
1290 830 1466 871 designavit
1479 831 1594 863 vittata
1609 829 1732 872 smee,

270 868 382 906 fertur
393 880 528 913 praeceps
541 872 725 913 adflavium
739 873 909 911 Simo’e'nta
943 874 1020 905 Jam
1034 876 1123 915 pater
1135 873 1228 905 Titan
1242 874 1422 908 condiderat
1434 874 1593 907 ardentem
1607 882 1732 908 currum

280 910 315 942 in
330 921 414 944 mare
430 914 630 957 Hesperium,
644 925 823 948 reversurus
836 916 875 948 ab
889 915 962 948 aliis
976 917 1088 957 aquis,·
1107 926 1176 948 cum
1199 920 1301 948 tamen
1319 917 1374 949 illa
1388 917 1515 957 ignorat
1526 916 1608 963 diem
1623 916 1735 960 effluat-

888 1011 1006 1026 eeeeee

1009 1012 1126 1026 000000

281 1060 497 1096 chori.—226.
520 1067 583 1097 22⁷
607 1065 647 1098 In
673 1066 810 1113 optimis
837 1067 973 1101 Barthii
998 1068 1224 1102 membranis:
1247 1068 1370 1109 cuijus
1384 1067 1455 1101 Dea
1481 1067 1633 1110 sauguine
1655 1068 1734 1102 ueto

940 1152 1017 1186 No
1018 1154 1081 1186 ΓΖΕ

325 1215 406 1244 224
414 1214 515 1246 Nocte
528 1215 611 1247 velut
625 1215 772 1258 Phrygia
789 1226 858 1248 cum
870 1217 984 1250 lamen·
1028 1229 1085 1258 Jus
1100 1220 1172 1252 Dea
1180 1219 1330 1261 sanguine
1340 1218 1433 1261 lecto]
1445 1218 1553 1260 Cujus
1570 1217 1736 1263 sanguine

282 1266 353 1294 tata
388 1264 541 1297 resultant
574 1265 753 1308 Dindyma]
777 1267 983 1310 Dindymus,

283 1324 343 1347 seu
364 1314 560 1356 Dindyma·
552 1326 586 1348 ιιι
603 1317 740 1358 plurali,
753 1327 847 1350 mons
873 1317 984 1360 Phry-

283 1364 365 1405 giae,
386 1364 420 1396 in
441 1374 508 1407 quo
523 1371 627 1398 noctu
642 1367 773 1409 magnis
786 1367 932 1400 luctibus
947 1373 985 1401 et

282 1415 472 1449 ululatibus
489 1417 635 1459 Cybeles
647 1429 744 1452 sacra
755 1430 775 1452 a
788 1421 984 1463 Phrygibus

283 1467 569 1502 celebrabantur:
593 1470 684 1503 unde
703 1471 790 1503 ‘nox
807 1472 984 1516 Phrygia!

327 1520 390 1550 225
416 1518 605 1562 Simo‘e'ntis]
630 1521 750 1554 Simois
765 1523 909 1555 Troadis
925 1523 986 1556 flu-

284 1567 371 1608 vius,
386 1569 502 1610 quiex
528 1571 590 1604 Ida
611 1576 727 1605 monte
751 1572 872 1606 defluit
896 1574 930 1605 in
953 1584 987 1606 a·

285 1628 383 1660 grum
400 1620 593 1661 'rr-ojanum,
617 1627 654 1654 et
670 1623 754 1654 mari
777 1623 922 1665 vicinus,
941 1625 988 1656 la-

285 1668 379 1701 bitur
392 1669 428 1701 ia
450 1670 638 1714 Xanthum,
648 1676 753 1715 atque
778 1673 812 1704 in
828 1674 988 1715 paludem

284 1721 441 1763 cogitur:
484 1723 608 1755 deinde
637 1722 672 1755 in
711 1724 1014 1768 Hellespontum‚'

283 1782 391 1815 prope
406 1774 555 1816 Sigaeum
570 1776 859 1819 Promontorium‚
876 1787 913 1811 se
928 1788 986 1810 ex-

288 1829 420 1857 onerat.

327 1880 393 1910 226
414 1877 494 1911 Dux
505 1888 618 1912 vesana
629 1879 732 1921 chori]
754 1878 987 1922 Archigallum

285 1928 463 1970 intelligit,
475 1936 511 1961 et
527 1934 629 1962 vocat
645 1930 738 1963 illum
754 1931 912 1970 θηλυκῶςι
927 1931 988 1963 du-

285 1988 361 2011 cem
372 1988 531 2010 vesanam
554 1979 673 2020 chori,’
696 1990 764 2013 non
781 1982 889 2014 solum
908 1981 988 2023 quia

286 2033 459 2064 castratus
475 2033 563 2069 erat,
576 2030 636 2063 sed
653 2031 733 2073 quia
757 2032 914 2064 muliebri
927 2033 986 2064 ha-

287 2080 363 2111 bitu
391 2079 528 2111 indutus
558 2085 643 2113 erat.
688 2082 860 2114 Lucianus
897 2083 988 2115 enim

288 2134 449 2170 testatur,
464 2130 556 2171 ipsos
575 2131 692 2164 Gallos
721 2133 849 2165 vestitu
870 2133 989 2165 mulie-

286 2180 341 2212 bri
368 2190 445 2212 usos
468 2179 586 2222 fuisse,
614 2185 651 2214 et
680 2182 859 2215 Gallorum
887 2184 989 2216 choro

286 2229 444 2263 foeminas
470 2231 646 2263 immistas.
691 2232 839 2266 Ovidius
869 2233 988 2266 eodem

289 2283 392 2314 modo
422 2282 581 2315 Phaedrae
608 2283 787 2325 Epistola:
811 2288 821 2303 ‘
837 2285 990 2327 Quaeque

290 2333 354 2365 sub
383 2333 481 2366 Idaeo
509 2338 673 2375 tympana
702 2335 790 2367 colle
829 2334 990 2367 movent!

289 2384 346 2416 Ibi
362 2384 451 2417 enim
467 2388 585 2424 argute
609 2384 727 2417 Gallos
746 2389 906 2427 tanquam
929 2385 992 2417 foe-

290 2435 398 2466 minas
415 2433 592 2466 describit«.
628 2434 745 2466 Gallus
767 2435 868 2467 simili
891 2436 992 2468 modo

291 2486 444 2519 Catullus
472 2487 507 2518 in
533 2487 728 2520 Galliambo
758 2488 905 2529 vocavit,
932 2488 990 2519 ubi

290 2537 415 2579 passim
441 2538 542 2578 ludit,
560 2537 674 2580 Attyn
699 2542 861 2581 tanquam
886 2537 991 2570 foemi·

290 2596 370 2619 nam
383 2587 591 2623 describens.
603 2592 642 2620 ut
653 2593 688 2621 et
704 2589 913 2621 Claudianus
926 2590 991 2621 Eu·

291 2636 440 2678 tropium
457 2637 670 2669 Eunuchum.
699 2638 858 2670 Dicitur‘
870 2639 990 2670 chorus

292 2685 452 2727 piniger‚'
468 2686 558 2728 quod
581 2686 671 2719 Galli
685 2688 879 2720 sacerdotes
893 2688 992 2730 pinus

291 2737 464 2779 ferebant,
485 2739 605 2781 quibus
635 2739 700 2771 sibi
731 2744 850 2782 pectus
873 2739 993 2773 tunde-

293 2788 389 2831 bant,
406 2794 442 2822 ut
455 2790 644 2823 notavimus
659 2791 826 2833 superiori
845 2791 905 2825 lib.
930 2792 993 2824 Cu·

1023 1270 1111 1314 ⁴vult
1136 1271 1260 1312 placari
1278 1270 1421 1313 Cybele
1448 1270 1518 1304 Vct.
1546 1269 1651 1305 schol.
1694 1269 1736 1302 In

1037 1322 1165 1361 optimo
1187 1320 1274 1354 libro
1299 1321 1365 1353 alia
1380 1325 1432 1354 est
1456 1320 1584 1354 lectio:
1610 1320 1738 1361 Cuijuo

1037 1370 1109 1403 Dea
1136 1372 1289 1412 sanguine
1315 1373 1393 1403 lecto
1424 1372 1499 1413 Ipsa
1529 1371 1615 1403 dedit
1637 1370 1737 1410 ferri.

1039 1422 1119 1452 Non
1145 1427 1200 1454 est
1213 1421 1369 1454 fortassis
1384 1421 1593 1454 librariorum
1605 1425 1665 1452 aut
1677 1429 1736 1452 na-

1037 1475 1189 1503 sutorum
1199 1472 1368 1504 hominum
1380 1471 1454 1503 haec
1465 1470 1647 1513 scriptura,
1657 1476 1736 1502 euru

1039 1522 1082 1553 de
1097 1523 1403 1564 Modimperatrice
1418 1529 1591 1554 sacrorum
1615 1514 1736 1567 horum

1041 1575 1153 1607 clarus
1168 1576 1211 1607 sit
1226 1585 1349 1608 sermo.
1395 1573 1487 1607 Nihil
1501 1577 1615 1604 tamen
1626 1575 1738 1603 muta-

1041 1635 1125 1658 mus.
1148 1627 1314 1659 Burthius.
1364 1623 1526 1664 Sanguine
1548 1620 1642 1663 lecto]
1669 1621 1737 1654 His

1041 1677 1155 1708 verbis
1180 1677 1319 1709 innuere
1335 1676 1470 1707 videtur
1497 1672 1662 1714 Papinius
1685 1671 1736 1703 fa-

1040 1727 1174 1760 naticos
1191 1727 1265 1759 illos
1283 1725 1429 1783 Cybeles
1442 1721 1652 1762 sacerdotes,
1660 1730 1737 1753 san

1040 1778 1191 1820 guinem,
1203 1776 1262 1819 qui
1276 1775 1392 1808 scissis
1406 1773 1496 1806 ferro
1505 1771 1650 1805 brachiis
1662 1779 1739 1813 pro·

1040 1828 1183 1869 fluebat,
1206 1829 1240 1860 in
1263 1836 1342 1859 vasa
1371 1824 1526 1868 quaedam
1549 1818 1739 1865 collegisse,

1041 1889 1155 1922 quem
1157 1878 1292 1911 scilicet
1312 1876 1401 1908 Deae
1417 1872 1592 1907 offerrent.
1634 1869 1737 1905 Quod

1041 1927 1232 1962 confirmari
1255 1930 1370 1969 potest
1385 1925 1459 1957 loco
1474 1918 1606 1956 valerii
1620 1919 1739 1956 Flacci

1041 1981 1170 2022 Argon.
1193 1978 1253 2011 lib.
1268 1988 1325 2011 ιιι.
1351 1977 1410 2010 ubi
1434 1985 1538 2018 agens
1551 1975 1596 2007 de
1617 1972 1738 2006 iisdem

1040 2031 1199 2064 fanaticis
1207 2031 1281 2062 haec
1297 2029 1402 2061 dicit:
1422 2027 1432 2046 ‘
1446 2028 1492 2060 Et
1503 2026 1646 2059 barbara
1655 2023 1741 2056 bux-

1041 2092 1080 2115 us
1092 2082 1128 2114 Si
1142 2085 1256 2121 vocet,
1270 2085 1307 2112 et
1322 2080 1422 2111 motis
1431 2076 1596 2118 ululantia
1609 2074 1741 2116 Dindy-

1041 2143 1098 2165 ma
1109 2132 1226 2172 sacris,
1244 2131 1340 2163 Tunc
1352 2128 1455 2168 ensis,
1471 2128 1675 2170 placeatque
1689 2123 1742 2157 fu·

1042 2193 1122 2222 ror;
1144 2182 1242 2214 modo
1254 2181 1324 2214 tela
1339 2178 1500 2212 sacerdos
1514 2176 1692 2219 Porrigat,³
1702 2180 1740 2209 et

1037 2236 1134 2277 Justa
1161 2232 1298 2274 sanguis
1325 2230 1494 2264 exuberet
1521 2227 1629 2260 urna-⁹
1678 2225 1740 2260 vi-

1043 2287 1160 2319 demus
1184 2284 1287 2316 etiam
1314 2283 1349 2315 iu
1375 2279 1606 2313 Miscellaneis
1631 2277 1742 2310 Erud.

1044 2333 1270 2376 Antiquitatis
1309 2330 1498 2364 doctissimi
1531 2329 1628 2371 Spon
1668 2337 1740 2361 me-

1045 2385 1114 2418 dici
1137 2382 1386 2426 Lugdunensis,
1399 2378 1586 2412 fanaticum
1610 2387 1740 2420 repr-m-

1044 2435 1185 2474 sentari‚
1223 2436 1400 2466 tenentem
1435 2439 1538 2462 manu
1566 2429 1740 2462 vasculum

1045 2485 1226 2530 quoddam.
1269 2481 1324 2514 An
1349 2481 1392 2514 ad
1416 2480 1506 2513 hunc
1524 2489 1621 2512 usum
1647 2478 1741 2512 colli-

1045 2535 1146 2578 gendi
1161 2532 1345 2575 sanguinis,
1360 2541 1403 2564 an
1419 2530 1461 2563 ad
1477 2529 1664 2572 cogendam
1680 2529 1739 2561 sti·

1044 2596 1135 2633 pem,
1148 2583 1391 2617 mendicabant
1405 2590 1496 2613 emm
1505 2580 1611 2613 Idoeae
1623 2578 1744 2612 matris

1043 2638 1173 2675 famuli,
1209 2637 1454 2676 incompertum
1488 2631 1607 2664 babeo.
1655 2630 1744 2673 Dea]

1032 2688 1189 2731 Cybele.

1086 2741 1150 2771 227
1179 2736 1304 2770 Vitiata
1317 2732 1445 2777 fronte]
1465 2732 1563 2766 Vitta
1584 2731 1673 2764 enim
1689 2730 1740 2764 in·-

1043 2799 1138 2833 signe
1150 2785 1344 2823 sacerdotii
