1846 3120
313 517 414 596 P.
439 578 441 580 .
494 518 1007 597 PAPINII
1086 519 1525 620 STATII-

546 713 605 772 Τ
626 713 693 772 Η
723 714 778 771 Ε
800 715 860 772 Β
883 714 946 772 Α
969 714 1003 772 Ι
1029 714 1090 771 D
1112 711 1174 772 O
1197 713 1242 772 S

723 897 945 946 LIBER
993 895 1073 945 X.

689 1207 1084 1248 ,ARGUMENTUM.

168 1289 298 1324 Noctu
312 1289 433 1332 proelio
447 1289 607 1333 diremto,
620 1290 741 1333 Argivi
758 1291 872 1324 tristes
888 1291 922 1323 in
939 1296 1052 1324 castra
1067 1301 1104 1323 se
1127 1291 1316 1333 recipiunt,
1330 1289 1461 1323 amissis
1477 1294 1624 1333 quatuor

210 1343 406 1377 fortissimis
421 1344 578 1383 ducibus,
599 1344 822 1388 Amphiarao,
840 1346 975 1388 Tydeo,
995 1346 1292 1388 Hippomedonte,
1306 1349 1343 1377 et
1363 1345 1631 1387 Parthenopaeo.

210 1397 292 1431 Hoc
306 1407 468 1432 successu
482 1400 594 1432 elatus
616 1399 793 1441 Eteocles,
817 1399 935 1441 copias
962 1410 1024 1441 per
1046 1404 1184 1432 noctem
1200 1399 1320 1436 mittit,
1336 1409 1413 1442 quae
1429 1409 1489 1431 eos
1506 1399 1539 1445 in
1556 1409 1632 1431 cas-

211 1452 274 1484 tris
287 1451 480 1492 obsideant,
493 1452 759 1496 observentque,
775 1453 913 1494 ignibus
925 1454 1098 1496 tunnensis,
1112 1463 1156 1485 ne
1178 1452 1260 1495 fuga
1275 1452 1376 1485 saluti
1393 1462 1462 1484 suae
1477 1453 1632 1485 consule·
1672 1445 1675 1447 ’

211 1510 302 1538 rent.
346 1505 441 1539 Dum
464 1506 619 1539 Thebani
643 1508 769 1540 vallum
793 1507 1022 1549 circumdant,
1045 1508 1138 1541 Juno
1162 1512 1258 1540 mota
1282 1507 1456 1549 precibus,
1472 1516 1556 1549 quas
1581 1506 1632 1538 illi

210 1563 376 1601 matronas
390 1559 532 1602 Argivoe
552 1570 615 1603 pro
630 1560 763 1595 maritis
784 1561 921 1594 assidue
936 1561 1137 1604 fundebant,
1160 1559 1280 1593 videns
1295 1559 1329 1592 in
1345 1570 1412 1603 quo
1428 1565 1525 1592 erant
1542 1559 1632 1602 peri-

168 1643 173 1647 .
211 1613 301 1655 culo,
315 1613 388 1646 Irin
402 1614 512 1648 mittit
527 1614 570 1648 ad
582 1615 758 1655 Somnum,
771 1614 843 1658 qui,
857 1615 1059 1656 Deaejussis
1074 1615 1282 1657 obsequens,
1298 1613 1496 1656 gravissimo
1510 1623 1634 1655 sopore

209 1666 387 1700 uubanus
412 1667 538 1705 obruit.
581 1669 830 1701 Consternatus
857 1669 994 1701 interim
1010 1668 1182 1701 Adrastus
1209 1668 1392 1701 concilium
1415 1671 1530 1708 vocat,
1546 1667 1631 1700 deli-

210 1720 393 1754 beraturus
409 1721 489 1764 quid
504 1721 538 1754 iu
553 1721 617 1754 hoc
633 1721 826 1755 discrimine
842 1722 1013 1764 agendum
1035 1721 1137 1755 foret.
1183 1722 1305 1763 Augur
1321 1722 1462 1754 advenit
1484 1722 1631 1754 Thioda-

211 1785 295 1816 mas,
308 1775 367 1818 qui
389 1774 543 1818 trepidos
561 1775 681 1819 erigit,
694 1777 901 1816 exclamans,
920 1786 1014 1818 arma
1037 1777 1111 1808 sine
1134 1785 1230 1808 mora
1252 1774 1433 1817 capienda,
1446 1775 1632 1808 Thebanos

168 1859 173 1862 .
210 1828 405 1864 arctissimo
420 1838 538 1862 somno
553 1833 729 1871 gravatos,
742 1829 944 1871 apparuisse
968 1829 1035 1861 sibi
1056 1828 1314 1871 Amphiaraum,
1329 1832 1367 1862 et
1387 1829 1570 1870 monuisse,
1587 1839 1633 1861 ne

209 1882 297 1916 hanc
310 1882 402 1921 elabi
417 1883 631 1916 occasionem
646 1889 809 1926 acceptas
823 1883 939 1917 clades
963 1882 1150 1916 ulciscendi
1172 1883 1336 1915 sinerent.
1380 1882 1446 1915 His
1471 1882 1574 1915 dictis
1596 1883 1633 1915 in

208 1936 325 1970 hostes
338 1935 463 1979 tendit,
477 1941 514 1970 et
536 1946 654 1970 omnes
671 1947 748 1970 eum
774 1937 1024 1980 sequebantur;
1046 1936 1108 1969 sed
1133 1937 1276 1978 triginta
1292 1939 1425 1983 tantum
1450 1935 1548 1978 eligit
1563 1946 1632 1969 una

210 1999 288 2023 cnm
303 1989 450 2033 Agylleo
465 1994 503 2023 et
517 1990 647 2023 Actore
661 2001 670 2023 :
686 1991 762 2035 aliis
774 1990 1042 2033 indignantibus,
1054 1999 1138 2032 quos
1151 1989 1321 2022 Adrastus
1336 1990 1483 2032 mitigat,
1498 1990 1631 2030 dicens,

208 2043 302 2086 dolo,
316 2053 390 2090 non*
395 2043 616 2089 fortitudine,
633 2055 703 2077 rem
720 2044 790 2088 agi,
802 2049 841 2078 et
855 2044 1107 2077 multitudinem
1120 2044 1272 2076 consiliis
1286 2044 1488 2076 nocituram.
1531 2044 1634 2076 Thio-

209 2098 326 2132 damas
341 2099 457 2142 igitur,
467 2097 645 2142 Agylleus,
661 2103 698 2133 et
710 2099 830 2140 Actor,
845 2109 922 2131 cum
939 2099 1038 2131 sociis
1052 2098 1233 2142 Thebanos
1249 2098 1402 2141 undique
1416 2097 1543 2138 adorti,
1558 2108 1630 2145 om-

210 2162 272 2186 nea
296 2152 340 2186 ad
365 2153 636 2187 internecionem
661 2151 814 2187 ciedunt.
859 2154 934 2186 Hos
957 2154 1219 2186 intervenerant
1246 2152 1402 2194 Hopleus
1428 2156 1465 2184 et
1488 2152 1630 2194 Dymas,

209 2207 265 2240 hic
280 2216 395 2240 comes
410 2206 670 2249 Parthenopaei,
685 2208 744 2240 ille
760 2206 884 2250 Tydei,
910 2207 968 2250 qui
992 2207 1027 2239 in
1043 2207 1107 2239 hoc
1125 2216 1238 2239 rerum
1255 2211 1348 2238 statu
1364 2215 1400 2237 se
1416 2205 1562 2238 invicem
1585 2205 1630 2237 nd

209 2260 397 2304 quaerenda
419 2265 456 2294 et
476 2261 692 2304 exportanda
710 2253 925 2294 dominorum
945 2255 1093 2303 corpora'
1117 2261 1285 2294 excitant.
1328 2260 1478 2292 Inventa
1502 2259 1632 2304 tollunt

208 2314 243 2347 in
259 2314 436 2355 humeros3
463 2324 503 2348 ac
529 2319 645 2348 castra
671 2315 879 2358 repetebant
893 2315 968 2357 jam
985 2314 1118 2347 Aurora
1133 2314 1383 2355 dilucescente,
1397 2323 1473 2345 cum
1490 2313 1534 2345 ab
1549 2312 1632 2345 Am-

209 2367 348 2410 phione,
361 2377 461 2411 quem
476 2378 540 2401 rex
555 2379 631 2402 cum
648 2370 802 2413 equitum
824 2374 938 2402 turma
952 2369 1094 2402 miserat
1109 2370 1365 2411 exploraturum
1382 2367 1462 2409 quid
1478 2366 1632 2399 Thebani

207 2427 366 2464 agerent,
395 2423 710 2465 deprehenduntnr.
756 2424 884 2457 Statim
915 2424 986 2456 telo
1015 2422 1222 2455 interficitur
1246 2421 1416 2463 Hopleus,
1446 2420 1504 2463 qni
1529 2430 1632 2463 supra

208 2485 334 2519 corpus
346 2476 457 2519 Tydei
472 2477 577 2510 cadit.
621 2477 757 2520 Dymas
779 2487 895 2510 ensem
920 2476 1060 2518 stringit
1083 2475 1125 2507 ad
1143 2485 1180 2508 se
1196 2473 1453 2507 defendendum
1470 2484 1480 2506 ς
1501 2483 1633 2515 verum,

210 2529 363 2562 abscissa
376 2529 426 2562 ilii
441 2529 576 2568 dextra,
593 2529 739 2573 pedibus
756 2529 957 2573 Amphionis
973 2529 1179 2570 advolvitur,
1202 2538 1306 2560 mmm
1332 2528 1375 2561 ab
1401 2537 1442 2560 eo
1466 2532 1632 2570 expostu-

184 2591 192 2597 ·
209 2584 294 2626 lans,
322 2584 577 2627 Parthenopaeo
599 2585 812 2627 sepulturam
840 2584 1019 2618 concedat.
1063 2583 1142 2615 Hoc
1167 2582 1342 2624 Amphion
1364 2581 1534 2623 indulget,
1549 2582 1630 2623 ipsi·

209 2647 276 2680 que
291 2637 396 2670 vitam
411 2638 596 2680 promittit,
609 2638 711 2671 modo
727 2637 810 2682 qnid
826 2637 947 2680 Argivi
961 2637 1164 2669 molirentur
1181 2635 1355 2678 proderet.
1391 2634 1448 2668 Ad
1463 2636 1539 2668 haec
1555 2645 1631 2667 ver-

210 2691 255 2724 ba
278 2691 413 2733 Dymas
427 2690 575 2733 horruit,
590 2691 784 2735 adactoque
807 2691 874 2724 sibi
895 2690 1036 2723 fortiter
1056 2699 1120 2732 per
1142 2689 1291 2722 medium
1315 2698 1442 2731 corpus
1458 2698 1555 2730 ense,
1577 2698 1632 2721 re-

208 2744 351 2787 spondit
374 2754 412 2777 se
431 2753 496 2778 nec
514 2744 633 2787 vitam,
648 2754 712 2778 nec
735 2745 1028 2786 Parthenopoenm
1047 2744 1260 2786 sepulturam
1283 2742 1372 2775 tanti
1398 2751 1511 2775 emere
1527 2742 1631 2780 velle,

210 2803 247 2831 et
263 2799 477 2842 amplectens
493 2798 658 2842 principis
674 2799 726 2832 sni
744 2808 870 2841 corpus
887 2807 991 2841 super
1006 2798 1115 2840 ipsum
1129 2795 1261 2840 pariter
1275 2795 1463 2850 occumbit,
1507 2795 1565 2827 Sic
1579 2805 1632 2826 re-
