1846 3120
298 233 413 278 1586

292 341 638 395 Porticibusque
659 338 788 393 vagis
809 341 942 390 errat,
961 343 1170 394 totosque
1192 344 1394 394 penateS,

293 407 386 450 Ceu
408 408 598 458 miretur,
618 406 738 449 adit:
769 407 985 449 velut‘ille
1006 407 1171 449 cubilia
1193 404 1357 461 praedae

288 476 549 519 Indubitata
564 481 720 516 tenens
736 475 876 516 multo
895 475 1003 528 legit
1023 488 1129 516 arva
1150 474 1356 517 Molosso

291 543 504 594 Venator,
525 542 675 585 videat
696 542 840 584 donec
858 542 940 584 sub
957 541 1191 583 frondibus
1210 541 1385 584 hostem

292 611 549 653 Pori-ectum
564 623 736 662 somno,
757 611 1017 664 positosque
1038 610 1084 651 in
1104 609 1276 664 cespite
1295 610 1462 652 dentes.

290 678 462 720 Rumor
482 679 529 720 in
552 691 716 720 arcana
728 678 990 733 jamdudum
1013 677 1251 733 perstrepit
1270 678 1388 728 aula,

288 742 552 799 Virginibus
573 757 664 800 qua
681 745 773 787 fida
793 745 966 797 domus,
984 745 1162 787 venisse
1181 744 1425 798 Pelasgum
1445 749 1451 754 ’
1556 798 1566 801 s

292 813 532 864 Ductores,
554 812 827 867 Graiamque
847 816 1002 863 ratem,
1025 813 1264 867 sociosque
1277 816 1496 866 receptos.
1518 818 1536 824 ”

291 880 322 922 J
326 894 403 922 ure
423 885 590 935 pavent
611 881 737 922 aliae:
770 879 850 922 sed
870 880 948 921 vix
968 884 1087 922 nova
1107 880 1273 934 gaudia
1293 880 1410 930 celat

292 947 488 998 Pelides,
511 948 756 1002 avidusque
775 960 915 989 novos
935 947 1094 989 heroas
1115 952 1158 989 et
1178 959 1300 989 arma

291 1015 383 1058 Vel
403 1016 509 1057 talis
528 1015 693 1058 vidisse
714 1015 867 1069 cupit:
891 1015 1076 1069 Jamque
1097 1014 1210 1056 atria
1228 1013 1401 1056 fervent

292 1083 453 1137 Regali
475 1083 683 1138 strepitu,
703 1085 745 1124 et
765 1082 886 1136 picto
907 1081 1195 1123 discumbitur
1215 1086 1351 1123 ostro.
1387 1098 1390 1101 “

799 245 838 275 Ρ.
872 244 1063 275 ΡΑΡιΝιι
1099 245 1264 277 s'rA‘rn
1286 239 1302 254 ·’

1701 611 1759 654 75

1699 948 1791 1008 80·

290 1210 382 1248 ficus,
402 1211 619 1253 percurritque
640 1215 739 1243 totam
762 1211 899 1251 regiam,
923 1214 1068 1252 tanquam
1093 1211 1278 1243 admiretur.
1323 1210 1416 1244 Sicut
1439 1214 1567 1247 venator
1591 1214 1696 1246 emus
1716 1212 1756 1244 de

289 1253 387 1285 lustro
407 1256 523 1294 proedae
542 1255 698 1295 percurrit
713 1263 806 1294 agros
829 1264 898 1285 cum
920 1257 1004 1286 muto
1030 1264 1106 1285 cane
1122 1254 1298 1295 Epirotica,
1319 1255 1415 1285 donec
1429 1257 1535 1286 cernat
1550 1254 1658 1294 seram
1681 1263 1755 1295 pro-

288 1299 424 1328 stratam
447 1307 552 1328 somno
574 1297 630 1328 sub
654 1297 763 1337 ramis,
785 1300 817 1329 et
837 1298 944 1328 dentes
965 1306 1032 1336 eJus
1049 1296 1194 1335 jacentes
1207 1297 1241 1328 in
1254 1296 1410 1336 gramine.
1453 1297 1646 1329 Jamauaum
1656 1296 1752 1335 sama

285 1343 433 1379 personat
455 1340 491 1371 in
513 1342 633 1371 secreta
646 1340 748 1379 regia,
761 1349 820 1380 qua
832 1340 942 1380 puellae
956 1343 1133 1379 servantur,
1153 1349 1262 1371 navem
1281 1339 1427 1371 Groecam
1447 1342 1479 1371 et
1492 1340 1585 1372 duces
1599 1339 1754 1380 Pelasgos

289 1381 459 1421 advenisse,
473 1392 581 1423 eosque
595 1382 728 1423 hospitio
742 1385 891 1422 receptos.
936 1381 1046 1413 Aliae·
1027 1391 1103 1420 Jure
1117 1385 1270 1422 metuunt,
1297 1382 1351 1412 sed
1373 1381 1465 1414 Pelei
1481 1380 1575 1424 filius
1588 1381 1646 1414 vix
1657 1381 1754 1414 dissi·

289 1423 388 1457 multat
401 1424 540 1457 obortam
553 1425 711 1464 loetitiam,
726 1427 757 1456 et
770 1425 919 1466 flagrans
932 1427 1018 1465 optat
1032 1434 1156 1456 cernere
1171 1433 1265 1456 novos
1279 1423 1403 1464 heroas,
1415 1433 1574 1465 armaque,
1597 1423 1699 1457 etnam
1715 1427 1752 1457 ut

289 1467 402 1499 eratin
412 1467 556 1500 muliebri
567 1470 660 1500 veste.
683 1469 817 1508 Jamque
830 1466 981 1499 vestibula
990 1470 1125 1498 ‹estuant
1138 1466 1227 1507 regio
1241 1468 1388 1504 tumultu,
1400 1470 1432 1499 et
1446 1466 1651 1500 discumbitur
1662 1475 1752 1509 uper

906 1560 1144 1574 eeeeeeeeeeee

291 1625 407 1658 Hand.
432 1634 474 1657 ex
500 1625 631 1658 duobus
658 1625 759 1658 codd.
786 1625 895 1667 legit:
919 1629 1003 1664 muto
1019 1625 1096 1666 legit
1109 1635 1187 1658 arva
1212 1626 1351 1658 molmo.
1397 1624 1490 1658 Vide
1507 1623 1751 1659 Gu1.0anteri

291 1669 383 1701 Nov.
398 1669 493 1702 Lect.
515 1668 573 1700 lib.
589 1677 646 1700 ιιι.
661 1678 737 1710 cap.
754 1671 806 1700 26.
809 1671 893 1701 -77
916 1662 1024 1708 Lang.
1050 1669 1151 1700 Lanr.
1174 1668 1306 1700 Buslid.
1329 1668 1479 1709 Lipsian.
1503 1666 1608 1700 Aldd.
1637 1667 1750 1701 Colin.

291 1711 366 1752 Gry
370 1710 425 1752 ph.
449 1711 555 1743 Basil.
583 1715 620 1743 et
646 1711 763 1743 Plant.
786 1711 962 1751 Pelasgam
986 1712 1075 1743 Dan.
1102 1711 1182 1742 Put.
1199 1710 1322 1743 Petav.
1347 1710 1508 1743 Petrens.
1534 1710 1619 1743 Exc.
1643 1710 1750 1752 Burg.

292 1753 443 1786 Gronov.
466 1754 586 1785 Barth.
603 1754 714 1786 Veen.
731 1758 768 1786 et
794 1753 922 1795 Delph.
948 1754 1128 1793 Pelasgum.
1129 1755 1216 1785 -79
1238 1753 1249 1772 ⁴
1266 1753 1345 1785 Non
1369 1751 1572 1785 solicitanda
1597 1756 1653 1786 est
1676 1753 1752 1787 haec

292 1797 482 1838 scriptura3
505 1799 637 1829 veteres
661 1801 777 1830 tamen
799 1796 867 1828 duo
894 1796 972 1828 libri
1002 1796 1094 1828 Mira
1118 1799 1232 1838 pavent
1253 1796 1326 1829 aliae
1351 1793 1526 1828 referunt!
1548 1795 1750 1842 Barth-827

948 1903 1093 1936 NOTAE

334 1982 377 2011 73
390 1979 495 2012 Multo
509 1978 625 2020 [muto]
637 1978 789 2019 Molosso]
803 1978 896 2011 Cane
911 1978 992 2020 Epi·
1044 1977 1233 2021 ἰχνευτῆρσι.
1268 1979 1337 2010 Nec
1351 1979 1467 2010 latrare
1479 1975 1590 2017 velint,
1605 1976 1750 2017 quoniam

292 2031 431 2063 rotico:
462 2039 540 2062 nam
583 2029 748 2062 Molossia
778 2038 859 2070 pars
895 2028 994 2069 Epiri

291 2079 428 2122 optimis
444 2079 584 2111 canibus
598 2079 749 2121 insignis.
778 2078 890 2119 Muto]
905 2078 995 2110 Gra-

289 2132 359 2164 tius
388 2131 423 2163 in
453 2130 666 2173 Cynegetico
696 2129 741 2162 de
771 2139 875 2162 cane:
912 2129 993 2162 ‘Ne

289 2191 373 2214 voce
402 2182 589 2213 lacesseret
621 2180 777 2213 hostem.'
833 2181 991 2213 Lucanus

287 2232 346 2264 lib.
361 2241 411 2265 ιν.
455 2232 465 2249 ⁴
478 2233 741 2264 Venator-tenet
755 2240 816 2263 ora
827 2230 911 2263 levis
922 2231 991 2262 cla-

288 2292 384 2315 mosa
405 2282 561 2322 Molossi,
582 2282 773 2323 Spartanos
800 2281 991 2322 Cretasque

286 2332 396 2374 ligat:
420 2342 485 2365 nec
511 2331 668 2374 creditur
687 2331 758 2364 ulla
774 2331 878 2373 Sylva
902 2329 991 2366 cani,

286 2383 354 2414 nisi
369 2383 426 2424 qui
447 2391 562 2423 presso
586 2381 732 2424 vestigia
757 2385 870 2413 rostro
887 2379 991 2411 Colli-

289 2432 352 2473 git,
377 2436 413 2464 et
434 2431 554 2473 praeda
567 2431 679 2464 nescit
695 2432 823 2463 latrare
839 2434 991 2471 reperta,

289 2483 481 2516 Contentus
495 2484 642 2516 tremulo
667 2487 875 2515 monstrasse
898 2480 1007 2517 cubi-¹

500 2532 671 2565 Arnobius
687 2533 746 2565 lib.
758 2542 804 2565 11.
821 2531 991 2564 miraculis
1023 2554 1026 2555 γ

287 2533 335 2564 lia
357 2532 453 2565 loro!

289 2586 421 2614 naturae
435 2587 650 2622 annumerat,
674 2583 685 2601 ⁴
700 2592 832 2623 canem,
847 2591 924 2612 cum
939 2581 990 2612 in-

289 2632 424 2663 venerit
445 2632 609 2672 praedam,
637 2632 796 2664 cohibere
821 2636 858 2663 et
882 2631 990 2662 conti-

287 2691 370 2713 nere
383 2682 567 2713 latratum.’
598 2682 779 2722 Oppianus
790 2682 919 2723 Cyneg.
930 2680 990 2712 lib.

291 2742 317 2765 ι.
347 2730 424 2769 Μήδ’
445 2731 551 2765 ὑλάειν
573 2731 719 2772 ἐθέλοιεν,
738 2730 910 2770 ἐπεὶ·μάλα
937 2733 989 2769 θη·

288 2784 431 2826 ρευτῆρσι
446 2783 527 2824 Σιγὴ
549 2781 672 2821 τέθμιός
687 2779 767 2823 ἐστι’,
779 2780 938 2821 πανέξοχα
963 2781 988 2812 δ’

1044 2030 1229 2062 venantibus
1256 2032 1342 2070 apta,
1369 2028 1435 2061 Sed
1459 2036 1550 2068 mage
1572 2027 1750 2069 quar-endis

1045 2083 1153 2121 optata
1172 2079 1299 2112 silentia
1320 2079 1440 2111 lustris.
1484 2076 1633 2112 Quidam
1658 2076 1750 2109 codi-

1047 2139 1104 2162 ces
1119 2129 1248 2162 habent
1268 2130 1375 2162 meato.

1090 2183 1133 2213 74
1156 2175 1476 2222 Ηυειεηι]Ἀρι-ιιιιι.

1088 2234 1130 2263 77
1158 2230 1343 2271 Virginibus
1363 2240 1423 2272 qua
1426 2229 1500 2273 fida
1512 2228 1636 2270 domus]
1652 2228 1751 2270 Erat,

1045 2285 1084 2313 ut
1099 2282 1174 2322 jam
1197 2281 1342 2313 diximus
1354 2280 1460 2312 Theb.
1472 2288 1498 2311 1.
1521 2278 1643 2312 ⁵34.in
1658 2277 1747 2321 inte-
1790 2307 1796 2311 .

1044 2331 1134 2363 riore
1158 2340 1199 2363 ac
1224 2330 1411 2365 secretiore
1439 2325 1563 2361 aediuin
1578 2332 1689 2371 parte,
1711 2334 1749 2361 et

1046 2385 1055 2401 ‘
1067 2381 1303 2423 Gynaeconitis
1312 2379 1323 2395 ’
1346 2380 1481 2412 Graecis
1494 2379 1750 2421 appellabatur,

1045 2432 1179 2465 Latinis
1216 2429 1474 2472 ‘Gynaeceumff
1516 2427 1607 2462 Vide
1628 2428 1746 2496 Vitru-¹

1045 2491 1135 2514 vrum
1151 2481 1212 2514 hb
1227 2489 1277 2513 v1.
1290 2490 1367 2522 cap.
1385 2483 1437 2513 10.

1086 2534 1128 2563 78
1151 2531 1315 2572 Sociosque
1327 2530 1481 2572 receptos]
1505 2529 1534 2562 A
1551 2493 1745 2574 Lycomede

1045 2581 1189 2614 scilicet.

1086 2634 1128 2663 81
1157 2631 1212 2663 Vel
1223 2629 1311 2672 talis]
1328 2630 1465 2662 Etiam'
1456 2639 1490 2662 ιιι
1514 2634 1608 2662 veste
1624 2629 1742 2662 mulie-

1043 2681 1127 2762 ιπῑ82
1151 2729 1244 2761 Picto
1280 2727 1486 2761 discumbitur
1517 2727 1620 2770 σεξτ-ο]
1651 2727 1741 2762 Vide

1042 2780 1151 2813 Theb.
1168 2789 1194 2813 1
1208 2779 1251 2811 ad
1266 2785 1382 2812 notam
1397 2788 1447 2811 vs.
1463 2781 1538 2814 526.
1572 2792 1574 2795 >
