1858 3112
222 239 336 283 1728

220 343 312 377 Illud
341 341 432 374 enim
461 340 597 372 unicum
636 343 768 372 tantum
802 338 922 371 Isthmi

222 395 491 437 promontorium
517 397 571 425 est
597 402 756 434 asperum
773 395 808 423 et
825 400 922 422 saxo—

222 457 309 485 sum,
324 446 415 487 quod
442 444 527 475 mari
543 443 669 475 obstat.
717 442 808 474 Hinc
826 446 924 482 patet

223 500 316 527 recte
339 495 406 526 dici
437 503 549 534 posse,
574 493 739 524 Isthmum
770 491 923 533 'potuisse

222 543 372 586 perfodi,
393 543 458 575 nisi
481 552 634 575 saxosum
662 541 746 573 illud
766 549 923 582 promon—

223 593 347 625 torium
373 593 575 624 obstitisset.
620 591 711 625 Quid
729 592 817 622 enim
834 591 866 621 in
883 599 924 621 eo
945 595 947 597 ’

222 642 387 675 absurdi?
423 642 480 674 Sic
510 641 653 674 dicimus
671 652 680 673 :
712 644 722 659 ‘
739 640 923 672 Civitatem

223 693 369 734 aliquam
384 687 490 724 fuisse
506 695 750 732 expugnatam,
765 689 831 720 nisi
854 689 924 719 val-

220 743 291 774 lum
308 742 382 783 ejus
398 741 536 783 aliquod
553 739 768 772 obstitisset!
793 739 924 770 Get-art.

224 792 291 823 His
301 799 417 832 parvus
430 790 574 833 (Lecht'oe
588 790 652 821 nisi
666 787 838 829 vetarent,)
856 787 925 828 δῖα]

222 842 368 883 Scripsit
382 841 564 882 Papinius:
582 840 646 871 Hic
653 849 770 881 partus
780 838 924 881 (Lechioe

221 892 303 924 nihil
314 890 483 933 veturent,)
496 893 550 932 ⁸5⁶·
572 891 635 923 hoc
647 896 722 921 est:
747 890 782 920 Si
801 894 838 921 tu
853 888 925 919 vel-

222 944 286 983 les,
301 943 429 978 Caesar,
443 941 494 973 hae
509 951 626 972 manus
641 940 740 973 facile
756 939 924 971 Isthmum

223 1003 366 1035 parvum
375 993 449 1034 jam
463 1001 525 1024 nec
535 992 645 1032 magni
657 991 770 1032 operis
783 999 924 1022 censen-

223 1044 303 1075 dum
320 1041 563 1084 perfoderent:
586 1052 648 1073 neo
673 1041 852 1074 obstarent
873 1040 924 1082 ip-

224 1094 271 1126 sis
298 1093 448 1132 Lechiae‚
464 1102 540 1133 quae
566 1091 699 1124 caeteris
715 1092 923 1132 inexpugna-

223 1143 309 1176 biles
326 1142 434 1182 fuere,
449 1146 510 1174 aut
525 1152 600 1183 quae
623 1142 804 1173 maximum
821 1149 923 1181 nego-

223 1194 308 1226 tium
340 1193 513 1225 facerent:
537 1198 575 1224 ut
610 1202 678 1224 nou
715 1192 845 1223 alludat
881 1190 924 1222 ad

223 1253 342 1276 causas
371 1243 460 1275 irriti
487 1247 630 1275 conatus
664 1244 826 1284 priorum,
863 1241 924 1274 sed

223 1294 429 1335 simpliciter
443 1292 593 1325 nominet
608 1294 803 1332 Lechaeum,
813 1293 845 1323 iu
859 1300 926 1333 quo

224 1345 392 1376 maximus
408 1344 510 1375 sudor
522 1344 685 1385 laborque
697 1347 772 1375 erat
781 1341 926 1374 futurus.

224 1395 350 1427 Ortum
367 1394 486 1426 vitium
510 1404 552 1425 ex
573 1393 746 1426 scribendi
768 1401 927 1433 compen-

224 1444 296 1485 dio,
310 1444 400 1485 quod
417 1444 603 1484 saepissime
616 1444 650 1475 in
667 1448 753 1476 vett.
767 1443 851 1474 libb.
864 1442 928 1473 nisi

224 1498 261 1526 et
274 1494 356 1526 nihil
373 1493 569 1525 confudisse
583 1493 648 1535 ipsi
662 1492 926 1525 observavimus.

227 1546 366 1578 Gronov.
381 1544 416 1576 in
431 1545 542 1577 Dialr.

267 1598 309 1627 65
336 1595 454 1631 Quieta
472 1594 585 1636 Cyme]
607 1593 766 1626 Meudosi
788 1592 925 1625 codices

224 1646 352 1678 habent
369 1646 489 1678 Grine:
513 1646 572 1677 sed
585 1656 646 1677 nos
661 1647 757 1687 Cyme
771 1644 925 1686 legimus.

225 1702 264 1729 ut
279 1698 382 1729 etiam
398 1697 651 1738 emendavimus
668 1696 756 1737 apud
780 1695 896 1726 Silium
915 1704 923 1725 :

222 1748 233 1765 ⁴
246 1746 394 1779 fatorum
405 1747 540 1779 conscia
548 1746 686 1788 Cyme).
696 1747 856 1778 Graecum
870 1754 926 1775 au-

226 1802 297 1830 tem
308 1802 363 1830 est
378 1809 387 1829 :
410 1807 472 1829 nos
488 1798 604 1829 Cumae
621 1797 778 1828 dicimus.
802 1795 925 1827 Domit.

266 1854 311 1883 66
333 1850 486 1883 Linterna
506 1850 608 1891 palus]
633 1850 832 1881 Linternum
850 1853 928 1889 post

225 1901 385 1932 Suessam
403 1901 445 1932 ad
459 1910 550 1931 mare
566 1910 642 1931 cum
658 1899 762 1931 fluvio
779 1899 926 1940 ejusdem

225 1951 383 1982 nominis.
427 1949 540 1990 Palus]
557 1950 645 1981 Nam
661 1949 755 1990 aquis
769 1954 929 1989 stagnan-

227 2001 319 2032 tibus
353 2000 422 2031 illic
456 2004 535 2031 sunt
572 1999 725 2040 paludes.
770 1998 930 2038 Pigerque

226 2049 324 2090 Savo]
340 2048 410 2081 Alii
431 2049 568 2081 codices
593 2049 743 2081 babent:
780 2049 930 2089 pigerque

226 2100 338 2132 Sason.
383 2099 490 2131 Sason
500 2100 637 2141 quidem
652 2100 758 2131 insula
774 2104 827 2131 est
839 2098 931 2130 inter

225 2150 368 2191 Epirum
391 2154 427 2181 et
448 2150 680 2181 Brundusium
696 2148 808 2180 medio
825 2149 930 2180 inter-

226 2201 327 2232 vallo.
387 2200 513 2232 Silius:
550 2201 560 2218 ‘
574 2199 715 2231 Adriaci
739 2198 848 2240 fugite
878 2199 928 2230 in-

227 2249 331 2282 fausti
347 2250 482 2281 Sasonis
498 2252 639 2282 arenas.’
671 2250 740 2282 Sed
767 2260 830 2291 ego
846 2255 927 2290 puto

226 2300 408 2340 legendum
423 2300 520 2339 Savo,
544 2300 601 2341 qui
624 2297 747 2331 fluvius
763 2304 816 2332 est
840 2300 873 2331 in
888 2297 926 2330 fi-

226 2350 326 2381 nibus
343 2350 552 2391 Campaniae.
597 2351 755 2382 Meminit
771 2350 924 2382 Plinius:

228 2409 306 2431 nam
339 2401 430 2441 piger
455 2401 633 2441 epitheton
662 2411 728 2432 non
765 2402 926 2433 convenit

228 2449 357 2481 Sasoui.
386 2454 556 2490 praeterea
585 2451 737 2492 loquitur
767 2452 811 2483 de
841 2452 925 2483 locis

229 2503 362 2531 tantum
385 2500 594 2541 Campaniae‚
609 2510 676 2532 non
693 2502 735 2533 de
757 2501 925 2535 Calabris.

230 2549 330 2580 Idem.

271 2601 312 2630 67
336 2600 383 2630 At
403 2599 527 2641 flavum
549 2605 653 2642 caput,
675 2602 745 2643 850]
769 2603 825 2634 Ita
841 2602 928 2634 bene

228 2648 403 2680 stamius.
448 2651 505 2682 Sic
530 2651 636 2683 Theb.
664 2661 717 2684 1x.
750 2652 760 2669 ‘
774 2656 811 2684 et
841 2662 929 2684 nexa

227 2699 415 2731 virentibus
439 2701 522 2731 ulvis
549 2701 684 2733 Cornua
706 2702 929 2734 concutiens?

230 2748 374 2780 Ovidius
388 2747 432 2780 de
451 2749 588 2781 Rheno:
613 2751 623 2768 ‘
637 2750 736 2782 viridi
753 2752 841 2783 male
859 2756 928 2783 tec-

230 2801 284 2829 tus
300 2797 342 2830 ab
357 2797 459 2830 ulva.’
483 2799 622 2832 Gronov.
638 2801 670 2832 in
683 2801 793 2833 Diatr.
810 2811 836 2832 c.
853 2803 906 2834 40.

686 245 830 279 No'rAE
862 244 922 276 VA
934 243 1127 276 monum
1162 241 1213 276 ΙΝ

1014 341 1056 370 68
1083 335 1199 378 Ulmis]
1222 336 1362 369 Inscite.
1383 334 1503 369 Scribe
1515 343 1591 368 oum
1603 330 1672 368 ni·-

973 393 1098 424 stathio
1110 392 1268 432 Swartio,
1277 392 1369 432 ulvis,
1382 391 1561 433 ipsumque
1582 388 1675 432 vida

973 442 1132 475 Analect.
1156 443 1215 474 lib.
1231 447 1272 474 tr.
1287 452 1316 474 c.
1327 445 1359 474 2.
1385 441 1499 474 Bar-th.

1015 496 1058 525 69
1086 492 1273 534 Vulturnus]
1306 493 1442 524 Fluvius
1470 499 1532 531 per
1557 490 1672 522 Venn-

974 542 1061 575 frum
1078 543 1266 579 labium-et
1280 542 1425 574 mediam
1439 540 1672 581 Campaniam.

975 594 1124 634 Capuam
1149 594 1250 626 etiam
1281 593 1377 624 alluit
1405 597 1441 628 et
1464 591 1672 623 Vultum-'m

974 642 1149 684 oppidum.
1169 643 1289 674 Domit.
1604 655 1612 666 v

1018 696 1057 724 81
1085 694 1202 725 Grates
1216 703 1288 732 ago,
1300 690 1450 732 servitus]
1473 689 1515 722 Iu
1531 693 1585 722 est
1596 693 1673 722 tan-

975 743 1000 775 ti
1018 742 1107 774 facio
1120 743 1208 784 quod
1221 743 1282 774 sim
1295 741 1441 774 domitus
1456 751 1476 773 a
1490 745 1540 780 te,
1550 745 1594 772 ut·
1604 749 1671 772 non

974 793 1072 825 modo
1087 802 1154 823 uon
1173 792 1300 832 pud'eat
1323 792 1453 823 venisse
1475 790 1568 822 intr·
1581 789 1675 821 alre-

974 853 1042 882 um,
1074 843 1133 873 sed
1160 843 1270 876 etiarn
1292 852 1389 883 agam
1409 841 1550 882 gratias.
1571 839 1676 872 lam:

974 894 1038 925 Sed
1050 897 1159 932 grates
1170 903 1231 933 ago
1240 893 1429 933 servitusque
1437 891 1521 924 tanti
1529 893 1588 931 est,
1601 890 1674 932 qm]

975 943 1031 975 Ita
1046 942 1171 974 Aldina
1187 947 1224 974 et
1246 952 1308 984 pro
1322 942 1386 974 hac
1407 939 1676 982 scriptun-arane-

976 998 1035 1034 gat
1047 992 1210 1024 Poli'tiani
1224 993 1445 1024 autoritatem
1460 989 1674 1024 Bernartius.-

976 1043 1062 1077 Quae
1079 1041 1173 1074 uobis
1189 1043 1275 1074 tanti
1293 1049 1360 1074 uon
1381 1046 1446 1082 est,
1461 1046 1499 1073 ut
1512 1041 1578 1073 hoc
1589 1038 1674 1072 fide-

968 1093 1103 1134 jussore
1119 1096 1375 1133 corrumpamus
1397 1097 1549 1133 autorem
1563 1095 1599 1123 et
1614 1091 1678 1122 ex-v

976 1143 1178 1174 sulem-esse
1206 1142 1387 1183 jubeamus
1414 1148 1528 1173 veram
1557 1140 1676 1173 lect-io-

975 1201 1066 1231 nem,
1092 1201 1192 1234 quam
1221 1191 1371 1223 servavit
1393 1191 1491 1223 Rom.
1519 1194 1556 1222 et
1583 1190 1674 1222 Ven.

978 1242 1116 1275 Codex:
1142 1242 1203 1274 Sed
1215 1245 1325 1282 grates
1346 1251 1406 1281 ago
1428 1240 1570 1281 strictus,
1582 1243 1676 1281 atque

977 1293 1060 1325 tanti
1070 1297 1128 1325 est.
1172 1294 1283 1326 Quam
1302 1292 1391 1334 quod
1407 1291 1557 1333 spuriam
1573 1295 1676 1323 vocat

977 1342 1455 1387 Bernartius,castigationem
1466 1341 1676 1381 mei-ebatur,

978 1395 1043 1425 nisi
1079 1393 1199 1425 umbra
1230 1393 1318 1425 tanti
1349 1392 1411 1424 viri
1438 1400 1476 1424 se
1506 1395 1680 1424 tueretur.

977 1444 1128 1476 Verbum
1144 1443 1274 1475 strictus
1289 1443 1419 1474 adserit
1433 1442 1506 1484 ipse
1531 1442 1676 1482 Statius,

978 1495 1113 1536 quando
1128 1495 1176 1526 ait
1195 1506 1203 1524 :
1231 1495 1240 1512 ‘
1257 1494 1324 1526 Qui
1348 1502 1402 1525 me
1425 1492 1570 1525 vallibus
1592 1492 1680 1524 aviis

978 1544 1129 1576 refusum
1160 1539 1320 1584 Et'ripas
1347 1543 1500 1575 babitare
1521 1543 1677 1576 nescien-

978 1599 1047 1627 tem
1065 1595 1165 1627 Recti
1178 1594 1308 1635 legibus
1333 1594 1420 1625 alvei
1437 1592 1579 1635 ligasti!
1609 1593 1676 1625 Lu·

976 1655 1080 1677 canus
1095 1655 1103 1676 :
1139 1646 1149 1662 ⁴
1165 1653 1230 1675 nec
1260 1644 1342 1684 ripis
1378 1644 1495 1684 alligat
1521 1640 1676 1676 amnem!

978 1696 1113 1734 Nempe
1129 1696 1138 1712 ‘
1152 1692 1279 1734 ligare'
1301 1693 1367 1733 hic,
1381 1691 1470 1734 quod
1488 1692 1534 1724 ibi
1543 1689 1560 1712 '‘
1574 1692 1675 1724 strin—

977 1746 1080 1787 gere.'
1127 1745 1322 1786 Eademque
1338 1745 1508 1780 sententia
1522 1744 1557 1777 in
1579 1753 1677 1778 sacro

976 1797 1056 1830 Jobi
1069 1797 1153 1828 libro
1167 1808 1175 1826 ι
1200 1797 1209 1814 ‘
1221 1795 1372 1827 fasciasti
1389 1793 1527 1826 flumina
1538 1793 1679 1827 afletu.'

977 1846 1068 1879 Quin
1091 1850 1126 1877 et
1153 1846 1242 1876 male
1265 1845 1376 1877 oratio
1394 1845 1555 1883 cohaeret,
1575 1854 1676 1887 quam

977 1897 1162 1938 interpolat
1191 1896 1421 1937 importunum
1457 1898 1467 1914 ‘
1481 1896 1679 1929 servitutit’

978 1947 1194 1979 vocabulum.
1238 1948 1311 1987 Ego
1348 1947 1454 1978 amnis
1489 1947 1500 1964 ⁴
1512 1947 1677 1988 strictus,’

979 1999 1110 2040 legibus
1139 1998 1276 2036 ligatus,
1306 1997 1409 2029 etiam
1438 2001 1552 2037 grates
1582 2006 1647 2038 ago
1664 2008 1674 2030 ε

980 2055 1083 2091 atque
1101 2048 1201 2088 tanti,
1217 2052 1256 2080 ut
1269 2048 1396 2089 gratias
1413 2049 1595 2089 agam,hoc
1611 2053 1677 2087 est,

980 2099 1069 2142 quod
1085 2098 1148 2131 sub
1166 2104 1199 2130 te
1215 2099 1301 2129 du‘ce
1319 2098 1465 2139 jubente
1486 2098 1574 2130 cessi
1590 2101 1627 2131 et
1642 2098 1677 2130 iu

980 2148 1134 2182 ordinem
1146 2154 1283 2181 coactus
1298 2158 1382 2180 sum.
1407 2147 1506 2180 Gron.
1522 2147 1634 2182 Diatr.

1022 2202 1063 2232 87
1086 2200 1243 2239 Deterges
1255 2199 1374 2230 sterilis
1384 2199 1442 2230 soli
1452 2199 1608 2241 putorem]
1635 2199 1676 2231 In

977 2251 1081 2282 Turn.
1100 2250 1186 2281 libro
1202 2259 1321 2281 manus
1338 2248 1473 2281 erudita
1486 2248 1525 2279 τὺ
1537 2252 1678 2290 putorem

978 2301 1076 2333 unica
1092 2300 1229 2332 literula
1245 2298 1339 2331 affini
1354 2302 1501 2330 mutarat
1521 2299 1554 2330 in
1570 2297 1607 2330 τὸ
1618 2308 1688 2340 pu·¹

975 2353 1090 2383 dorem.
1115 2361 1157 2382 an
1182 2350 1261 2392 quia
1294 2350 1422 2380 ‘malus
1452 2348 1561 2390 pudor
1596 2348 1680 2388 soli,’

976 2403 1070 2442 situs,
1087 2402 1149 2433 viae
1167 2407 1203 2433 et
1218 2401 1312 2443 qnasi
1328 2399 1439 2440 αἶσχός
1457 2400 1511 2443 (ut
1526 2399 1679 2440 αἰσχύνην

977 2449 1072 2493 Βάρος
1100 2449 1156 2483 τοῦ
1182 2444 1241 2493 ’ζῇν
1262 2450 1417 2491 Euripid.
1442 2451 1477 2481 in
1500 2450 1678 2483 Heraclia.

976 2503 1107 2534 dedecus
1127 2511 1202 2533 onus
1222 2501 1296 2532 ritoe
1318 2501 1469 2542 appellnt
1492 2506 1528 2532 et
1551 2498 1678 2534 Demo-

977 2551 1143 2593 sthenes)
1154 2551 1348 2584 verecunda
1359 2548 1582 2583 translatione
1595 2551 1678 2584 dici-

979 2604 1054 2634 tur?
1066 2609 1101 2634 at
1112 2613 1192 2633 vero
1203 2604 1213 2621 ‘
1222 2602 1328 2633 malus
1338 2602 1450 2642 putor’
1462 2601 1513 2632 vel
1524 2602 1534 2619 ‘
1545 2601 1678 2642 putror'

979 2653 1106 2694 potius,
1129 2652 1185 2694 (ut
1211 2651 1335 2692 passim
1366 2651 1455 2692 apud
1478 2651 1676 2684 Lucretium

978 2702 1133 2744 legitur‚)
1156 2712 1221 2733 non
1245 2702 1317 2733 sine
1332 2701 1520 2742 πλεονασμῷ
1535 2711 1689 2743 usiirpaffi

979 2757 1094 2784 retur:
1134 2752 1191 2784 ubi
1215 2755 1224 2770 ⁸
1242 2751 1368 2783 malus’
1387 2749 1545 2793 παρέλκει.
1591 2752 1678 2785 Quis

978 2803 1066 2835 enim
1089 2802 1196 2835 bonus
1222 2801 1361 2843 putror?
1384 2801 1448 2832 nisi
1476 2811 1543 2843 qna
1563 2805 1678 2834 mente
