1858 3112
246 241 362 286 169⁰
388 218 392 225 ’

292 346 416 379 CARM.
430 354 494 378 vn.
510 348 527 377 1
541 344 663 377 Lucam·
673 345 850 387 proprium]
867 346 953 378 Pro·

249 397 344 438 prius
355 400 392 428 et
401 405 480 427 suus
492 396 657 437 cujusque
667 395 738 428 dies
751 401 804 428 est
815 396 952 435 natalis,

249 445 332 487 ἀρχὴ
339 446 395 483 τῆς
401 443 552 484 ’γενέσεως
558 445 615 482 τῆς
623 443 765 482 ἑκάστυυ,
773 445 794 484 ἡ
800 444 897 487 ἡμέρα
904 446 952 486 ἐφ’

248 494 287 533 ἧς
299 493 434 534 ἐγένετο,
446 500 484 526 ut
497 494 619 526 scribit
631 495 775 536 Dionys.
793 495 952 527 Halicar-

249 549 339 578 nass.
355 547 388 578 ὲν
403 543 527 585 Μεθόδῳ
545 547 761 578 Γενεθλιακῶν.
808 546 950 578 Nonnus

251 595 521 638 Panopolitanus
536 596 581 633 ὴῶ
603 595 717 636 λοχίην
732 606 752 628 a
768 595 952 636 puerperio

251 650 438 688 nuncupat.
462 645 567 678 Ovid.
582 655 618 679 v.
629 647 735 679 Trist.
750 646 803 679 El.
819 649 853 679 6.
871 647 951 678 Fes-

253 700 322 728 tam
338 697 463 737 lucem,
478 700 515 729 et
535 696 737 730 ‘Assuetum
754 697 833 730 anni
854 703 952 730 nata-

250 746 294 778 lis
308 745 493 778 honorem!
535 746 588 777 De
613 747 776 780 natalium
803 756 873 788 reg.
894 757 953 779 ce-

251 796 418 829 lebritate
434 795 526 838 apud
540 797 664 829 Persas
686 797 791 829 Plato
811 807 838 830 1.
858 797 952 830 Alci·

250 846 343 880 biad.
379 846 535 885 Βασιλέως
552 846 697 887 ’γενέθλια
715 849 804 880 πᾶσα
823 847 887 880 θύει
900 847 952 881 καὶ

253 895 427 938 {optasti-1²1
441 896 540 928 Ἀσία.
574 897 732 930 Natalitii
756 898 856 930 etiam
878 898 950 931 ludi

252 946 372 980 Romae
388 947 421 979 in
437 946 620 986 illustrium
633 948 780 980 virorum
792 952 828 981 et
839 949 952 990 Impp.

251 997 422 1030 natalibus
437 997 534 1030 editi.
550 1002 588 1029 ut
601 998 640 1030 C.
652 998 726 1032 Jul.
743 999 832 1031 Caes.
848 998 890 1031 A.
907 999 951 1031 D.

253 1056 307 1079 lv.
321 1046 376 1080 Id.
394 1047 466 1082 Jul.
481 1048 551 1080 Titi
573 1048 660 1080 Caes.
678 1047 722 1080 A.
742 1049 787 1082 D.
802 1057 855 1081 rx.
872 1049 951 1082 Kal.

252 1096 332 1134 Jan.
355 1098 482 1130 Morell.

295 1150 316 1180 2
338 1147 482 1180 Isthmiae
498 1148 630 1190 Diones]
647 1149 703 1181 De
716 1147 811 1181 fonte.
827 1149 954 1184 Pirene

255 1198 431 1239 intelligit,
448 1198 490 1230 de
516 1208 582 1240 quo
608 1204 687 1231 ante
713 1199 875 1231 diximus.
916 1199 954 1232 Is

253 1247 297 1280 ad
324 1247 608 1280 Acrocorinthum
638 1248 672 1280 in
702 1249 834 1281 Isthmo
860 1259 956 1282 sacer

255 1300 378 1332 Musis.
394 1299 517 1331 montis
531 1305 651 1331 vertex
665 1300 769 1333 habet
781 1300 887 1332 aedem
904 1311 955 1332 sa-

254 1359 348 1382 cram
386 1350 542 1382 Veneris.
597 1351 765 1392 Papinius
804 1351 956 1392 appellat

255 1400 418 1433 Pirenem
434 1400 564 1432 fontem
588 1401 722 1441 ungulae
749 1401 953 1442 pendentis:

255 1451 427 1492 quoniam,
452 1454 490 1482 ut
515 1450 636 1483 scribit
651 1451 788 1490 Strabo,
803 1451 955 1492 Pegasus

256 1501 366 1532 alatus
379 1509 488 1543 equus
503 1500 572 1532 illic
589 1500 704 1533 bibens
725 1501 954 1542 deprehensus

257 1554 311 1583 est
327 1560 347 1582 a
364 1550 640 1592 Bellerophonte.
667 1551 784 1583 Diones
800 1552 958 1593 Isthmioe]

255 1602 401 1634 Veneris
430 1602 714 1635 Acrocorinthiae.
768 1603 957 1644 Pendentis]

256 1651 300 1685 Id
315 1657 365 1684 est
382 1653 546 1685 volantis:
579 1654 676 1685 collis
702 1659 815 1686 antem
843 1654 955 1686 excel-

256 1712 313 1734 sus
329 1707 383 1735 est
399 1702 441 1735 ad
458 1704 526 1735 tria
541 1703 660 1736 stadia.
683 1704 856 1738 Domitius.

301 1756 321 1785 ⁷
337 1754 382 1784 Et
398 1757 434 1785 tu
448 1754 615 1785 Bassarid.
632 1757 754 1786 rotator
771 1754 876 1795 Evan]
890 1754 956 1786 Or-

263 1803 370 1845 pheus
388 1804 421 1835 in
445 1804 571 1845 Hymn.
593 1803 747 1836 Διονύσου
763 1803 957 1847 Βασσαρέως,

260 1853 351 1886 Ἐλθὲ
361 1853 462 1895 μάκαρ
470 1854 600 1887 Διόνυσε
609 1855 787 1898 πυρίσπορε,
792 1854 959 1897 ταυρομέτ·

258 1917 336 1946 ωπε,
363 1905 506 1947 Βάσσαρε
529 1906 581 1938 καὶ
607 1908 742 1947 Βακχεῦ.
780 1907 906 1939 Horat.
932 1915 956 1939 1.

261 1955 332 1988 od.
348 1957 401 1988 18.
424 1957 434 1973 ‘
449 1956 526 1987 Non
550 1966 615 1997 ego
638 1962 685 1997 te,
705 1956 851 1988 candide
875 1957 959 1988 Bas-

260 2015 348 2046 sare,
373 2006 525 2038 Invitum
547 2007 717 2048 quatiam?
760 2007 959 2040 Bassarides

261 2057 336 2098 ejus
351 2057 529 2093 antistitae,
545 2057 642 2089 Pers.
666 2059 739 2090 Sat.
757 2068 781 2090 1.
805 2058 961 2090 Nominis

259 2108 427 2140 rationem
443 2108 557 2138 malim
574 2118 650 2139 cum
666 2109 842 2140 Plrornuto
856 2107 962 2140 refer·

261 2166 300 2189 re
317 2157 359 2189 ad
375 2157 412 2190 τὸ
425 2156 542 2197 βάζειν,
556 2158 734 2198 vociferari,
758 2159 846 2190 uude
861 2157 961 2199 βάξις,

259 2217 341 2241 vox.-
377 2218 477 2250 quam
493 2207 537 2239 ad
557 2209 659 2240 vestis
677 2209 792 2240 talaris
809 2210 961 2241 Bassaris

259 2257 366 2289 dictae
383 2267 490 2289 usum.
515 2258 641 2289 Morell.

276 2306 278 2308 ’
304 2310 324 2340 8
349 2308 394 2339 Et
410 2308 566 2349 Hyantioe
577 2307 657 2348 sora]
679 2307 764 2340 Adr.
781 2308 963 2340 Turnebus

260 2357 352 2390 Adv.
375 2357 434 2389 lib.
462 2366 488 2390 1.
512 2367 541 2389 c.
561 2360 613 2390 23.
638 2358 688 2390 ait
713 2368 749 2390 se
766 2359 962 2399 Hyanteam

261 2418 383 2451 aquam
400 2409 524 2440 alicubi
548 2409 668 2450 legisse
691 2420 751 2450 pro
772 2409 964 2451 Hippocre-

263 2469 319 2492 ne.
363 2458 417 2491 An
433 2460 530 2500 hujus
547 2460 703 2493 versiculi
727 2460 846 2492 umbra
873 2461 962 2493 tanti

263 2509 328 2541 viri
351 2510 462 2542 animo
488 2509 758 2542 obversabatur?
802 2511 857 2542 An
882 2521 961 2544 vero

262 2559 318 2591 hic
330 2559 483 2591 eruditus
499 2560 600 2600 poe'ta
611 2561 653 2592 ab
667 2561 872 2602 Hyantibus,
884 2563 961 2594 Βω-

264 2609 344 2641 otiae
371 2610 517 2650 populis,
543 2620 605 2651 per
631 2611 802 2652 Hyantias
828 2622 961 2645 sorores

264 2659 431 2701 nymphas
453 2670 512 2691 seu
539 2671 643 2701 aquas
670 2660 773 2693 fontis
800 2663 961 2694 caballini

264 2710 397 2747 innuit?
435 2720 476 2741 an
508 2711 623 2751 potius
652 2721 766 2744 earum
796 2713 961 2753 praesides

266 2760 407 2798 Musas?
450 2761 541 2793 Quid
558 2761 584 2791 si
601 2762 655 2793 cni
672 2762 802 2795 veniret
817 2763 850 2795 in
867 2773 959 2795 men-

267 2816 337 2846 tem
354 2810 506 2844 {antidas
521 2810 593 2844 sine
609 2811 816 2853 aspiratione
831 2823 960 2847 nuncu·

715 251 858 282 NO'rAE
891 251 1111 283 VARIORU
1123 252 1153 281 Μ
1190 251 1241 283 ΙΝ

1002 346 1077 387 pari
1120 345 1312 384 Camoeuas,
1350 343 1447 387 quasi
1482 342 1696 380 Violantlllu

1001 396 1176 438 nymphas,
1196 406 1213 428 a
1230 395 1327 427 violis
1344 404 1426 436 qrras
1450 394 1484 426 ἴα
1504 394 1620 427 Graeci
1639 403 1696 427 vo*-

1002 446 1104 478 cant?
1136 445 1231 478 unde
1250 443 1449 486 ἰοστεφάνους
1470 442 1597 476 Μούσας
1610 443 1697 477 dixit

1001 495 1180 536 Theognis,
1208 500 1246 527 nt
1275 495 1373 527 violis
1410 494 1593 535 redimitas,
1622 503 1699 536 qum

1001 545 1103 578 etiam
1121 545 1301 587 purpureis
1317 545 1411 578 hisce
1435 545 1532 578 vittis
1559 553 1700 586 respon·

1002 596 1118 630 deant.
1163 597 1220 629 Ita
1235 597 1435 630 Violentilla
1458 597 1577 630 srellae
1599 605 1700 637 uxor.

999 646 1193 690 (utriusque
1204 646 1401 688 ἐπιθαλάμιον
1412 648 1700 690 Papinius-noster

1001 697 1340 740 celebravit‚)1antis
1353 703 1494 731 vocatur
1509 707 1531 731 a
1545 695 1700 732 Martiali

1001 746 1060 780 lib.
1075 756 1100 780 1.
1124 748 1245 790 Epigr.
1264 751 1320 782 21.
1365 747 1562 781 Verendum
1583 752 1700 783 umen

1001 808 1045 830 ne
1060 799 1137 841 quis
1160 799 1260 832 nimis
1281 803 1423 832 nasutas
1443 799 1509 832 hoc
1523 798 1568 834 nd
1587 797 1702 836 λευκὴ

1006 847 1119 891 φρένας
1134 848 1273 882 referat.
1294 850 1394 882 Idem.

1046 903 1087 933 14
1108 900 1174 933 Aut
1186 901 1268 932 diem
1279 898 1411 942 recepit]
1435 898 1524 932 Haeo
1538 907 1701 940 germana

1001 951 1106 983 lectio
1117 956 1192 983 est:
1209 951 1319 983 altera
1332 961 1406 993 quae
1418 953 1571 993 pateram
1581 957 1700 992 parum

1000 1001 1146 1033 sobriam
1159 1001 1313 1043 porrigit,
1328 999 1554 1043 explodenda.
1575 1000 1611 1032 Si
1622 1009 1702 1043 qua,

1001 1051 1112 1094 inquit
1127 1051 1377 1093 ἐπιῤῥηματικῶς,
1392 1060 1460 1084 non
1480 1049 1703 1084 fronde-cant

1002 1102 1150 1143 arbores,
1164 1106 1203 1134 ut
1222 1103 1266 1134 sit
1291 1102 1403 1134 hiatus
1422 1101 1611 1141 et-laouna,
1624 1109 1702 1142 qnae

1003 1153 1113 1185 lucem
1130 1152 1301 1192 admittat,
1314 1162 1382 1193 qua
1395 1151 1444 1184 sol
1459 1149 1610 1184 insertim
1624 1148 1701 1182 fun-

1003 1202 1064 1235 dat
1074 1202 1187 1234 radios
1197 1211 1260 1243 per
1273 1201 1382 1233 minus
1397 1209 1528 1242 opaca:
1550 1209 1616 1242 quo
1630 1209 1702 1232 mo-

1005 1255 1048 1287 do
1061 1258 1237 1286 rarescunt
1252 1253 1394 1293 rutubi-ae,
1409 1257 1446 1285 nt
1460 1251 1614 1293 loquitur
1626 1250 1704 1292 ipse

1006 1304 1135 1337 Statius
1151 1303 1276 1336 Achiil.
1293 1311 1318 1335 1.
1360 1304 1370 1321 ‘
1389 1301 1513 1334 Phocis
1523 1305 1566 1334 *et
1581 1299 1702 1334 Aonis

998 1355 1123 1397 jaculis
1137 1353 1313 1386 rarescitis
1326 1351 1478 1385 umbra»)
1507 1351 1616 1384 Porro
1629 1351 1640 1370 ‘
1650 1360 1704 1383 re-

1006 1405 1121 1446 cipere
1140 1402 1258 1443 diem‚’
1278 1403 1409 1435 Seneca
1433 1401 1597 1444 Tragicus
1625 1410 1702 1443 pro-

1007 1456 1080 1497 prie
1094 1454 1182 1486 dixit
1209 1453 1252 1485 de
1277 1452 1471 1486 Cassandra
1495 1452 1531 1483 in
1553 1450 1704 1493 deliquio

1008 1504 1109 1536 animi
1125 1503 1344 1536 connivente:
1370 1503 1380 1521 ⁴
1388 1502 1459 1543 jam
1475 1500 1601 1543 recipit
1613 1500 1705 1535 diem

1005 1555 1188 1587 Marcente
1204 1553 1326 1585 vultu.'
1349 1553 1452 1586 Idem.

1050 1608 1090 1637 10
1114 1602 1306 1645 Thespiacis]
1326 1603 1483 1645 Thespias
1499 1602 1543 1635 ad
1566 1601 1705 1635 Helico-

1005 1666 1082 1688 nem
1089 1660 1181 1694 sunt,
1192 1654 1251 1686 ubi
1266 1659 1320 1686 est
1329 1658 1528 1685 consecrata
1539 1652 1646 1684 Musis
1659 1661 1706 1684 ω-

1005 1707 1080 1745 des,
1107 1705 1253 1746 fonsque
1276 1703 1485 1736 caballinus:
1509 1703 1620 1735 locum
1646 1711 1706 1734 no-

1006 1755 1155 1789 bilitavit
1181 1754 1358 1795 Cupidinis
1382 1754 1512 1795 signum
1538 1763 1558 1785 a
1585 1752 1707 1785 Praxi-

1006 1808 1076 1840 tele
1100 1806 1285 1847 sculptum,
1308 1803 1399 1846 quod
1422 1803 1621 1845 Glycerium
1635 1812 1707 1835 rne-

1006 1857 1118 1889 retrix
1129 1853 1394 1896 Thespiensibus
1405 1853 1495 1885 dono
1507 1852 1616 1885 dedit.
1636 1853 1707 1884 Do·

1006 1909 1077 1940 mit.

1049 1960 1092 1990 20
1120 1956 1231 1988 Vestra
1239 1958 1286 1987 est
1298 1954 1361 1987 ista
1373 1953 1454 1995 dies]
1474 1953 1706 1987 Veteresolirn

1008 2008 1080 2040 dies
1109 2006 1198 2045 illos,
1221 2005 1341 2047 quibus
1366 2004 1528 2045 singulari
1563 2003 1706 2045 quadam

1010 2058 1185 2098 voluptate
1199 2054 1450 2094 afficiebantur,
1465 2059 1524 2086 aut
1539 2053 1622 2086 alias
1637 2061 1706 2085 me-

1010 2107 1174 2140 morabile
1204 2104 1365 2147 quiddam
1404 2105 1486 2145 ipsis
1516 2102 1706 2144 accidebat,
1773 2130 1782 2138 ,

1010 2159 1020 2174 ‘
1035 2160 1133 2189 suos’
1156 2155 1389 2198 appellabant.
1435 2153 1535 2186 Unde
1561 2152 1708 2187 formula

1011 2212 1104 2240 erat:
1143 2208 1152 2225 ‘
1170 2206 1238 2238 Hic
1266 2215 1361 2237 meus
1389 2208 1443 2236 est
1468 2203 1562 2236 dies?
1606 2204 1707 2239 Corn.

1010 2258 1171 2296 Severus,
1186 2255 1275 2297 apud
1299 2256 1420 2287 Senec.
1451 2254 1551 2286 Rhet.
1572 2254 1709 2288 suasor.

1012 2317 1053 2340 n.
1080 2307 1122 2339 de
1139 2306 1301 2338 militibus
1317 2305 1545 2346 epulantibus,
1565 2306 1576 2323 ⁴
1593 2304 1713 2336 strati--

1010 2368 1077 2400 que
1094 2367 1154 2399 per
1168 2356 1320 2396 herbam,
1346 2355 1415 2387 Hic
1430 2364 1524 2387 meus
1539 2359 1606 2395 est,
1633 2354 1709 2387 dix-

1013 2418 1082 2448 ere,
1111 2406 1205 2439 dies.¹
1242 2405 1396 2438 Martial.
1423 2405 1484 2437 lib.
1499 2414 1539 2437 x.
1564 2406 1630 2447 Ep.
1651 2409 1706 2440 59.

1011 2459 1020 2477 ‘
1037 2459 1105 2491 Hic
1137 2456 1230 2496 mihi,
1262 2455 1398 2497 quando
1420 2455 1494 2488 dies
1524 2465 1618 2488 meus
1642 2461 1708 2493 est,

1006 2511 1179 2552 jactamur
1201 2509 1236 2540 iu
1259 2509 1330 2540 alto
1353 2507 1468 2547 Urbis,
1487 2507 1575 2550 etin
1597 2508 1709 2540 sterili

1012 2562 1082 2594 vita
1108 2560 1222 2592 labore
1247 2557 1360 2600 perit.'
1403 2558 1532 2590 Seneca
1552 2557 1706 2593 Medea:

1010 2613 1021 2632 ⁸
1036 2611 1222 2645 Perfruere
1238 2611 1330 2641 lento
1353 2609 1503 2641 scelere:
1526 2617 1570 2643 ne
1585 2618 1708 2649 prope-

1011 2673 1046 2695 ra
1064 2662 1171 2694 dolor.
1215 2660 1316 2692 Meus
1346 2659 1419 2691 dies
1443 2663 1519 2691 est:
1552 2663 1706 2700 tempore

1011 2717 1155 2751 accepto
1169 2708 1319 2746 utimur-,7
1344 2709 1475 2741 Gevart.

1053 2765 1096 2796 22
1118 2762 1164 2793 Et
1192 2760 1305 2793 vincta
1325 2760 1403 2800 pede
1421 2758 1507 2792 vocis
1528 2762 1558 2791 et
1582 2759 1707 2801 soluta]

1011 2812 1067 2847 Ita
1080 2811 1214 2844 omnino
1229 2809 1419 2852 legendum.
1462 2809 1576 2851 Vulgo
1597 2810 1708 2849 malqu
