1846 3120
258 225 372 272 1624

257 331 315 372 qui
348 328 537 362 Domitiani
576 328 732 369 Agonem
767 329 955 372 insignibus

258 379 508 412 Venationibus
545 383 581 409 et
610 378 714 410 Ludis
747 378 954 412 condecora-

262 434 351 463 rent.
375 429 474 461 Idem.

306 479 468 521 Vopiscus]
490 478 689 520 Cognomen
704 482 757 510 est
772 478 815 511 ab
831 483 957 511 eventu

262 533 508 572 propagatum3
525 537 603 560 nam
626 528 682 570 qui
705 533 760 560 est
784 533 958 570 superstes
980 535 986 540 ¹

262 590 339 613 curn
355 583 410 612 est
423 582 536 618 natus,
550 577 658 611 fratre
674 579 730 620 qui
747 578 844 610 simul
859 582 959 610 natus

262 635 318 662 est
340 633 487 669 mortno,
504 628 673 669 Vopiscus
692 628 900 670 appellatur,
923 633 961 660 ut

263 680 397 713 Plinius
411 679 514 712 docet
529 689 537 710 =
560 683 700 711 monent
715 678 840 712 Fabius
851 683 887 712 et
899 679 961 711 So·

263 730 362 762 linus.
385 730 557 761 Domitius.
615 755 617 757 .

267 800 269 802 -
308 779 523 820 Inexpertam]
548 780 699 812 Eatenus
725 779 868 812 similem
896 790 963 819 non

260 830 450 871 >contigisse
466 830 555 870 Pop.
571 830 725 862 Romano
741 829 799 862 ait.
821 830 875 862 Ita
891 840 963 864 rec-

265 880 394 913 tissime
422 879 609 912 Domitius.
660 880 736 920 Cui,
758 879 793 912 in
822 882 965 921 penuria

266 930 372 962 etiam
395 930 453 961 illa
475 929 640 962 bonorum
665 935 842 962 auctorum
857 935 893 962 et
909 941 964 963 ru·

266 979 377 1012 ditate
390 980 642 1012 renascentium
666 980 871 1025 studiorum,
898 991 964 1014 non

267 1034 436 1072 postrema
452 1029 582 1062 debent
593 1030 795 1072 Papiniauae
808 1031 964 1064 Litterae.

270 1081 401 1113 Vellem
437 1081 639 1113 haberemus
670 1081 834 1113 Pontiani
864 1082 965 1115 Com·

268 1132 458 1172 mentaria;
480 1133 562 1165 item
576 1133 610 1166 J.
626 1132 812 1174 Parrhasii,
824 1134 882 1176 qui
894 1135 966 1176 pol-

268 1183 392 1215 licetur
428 1182 639 1224 Argumento
684 1183 893 1224 praefationis
929 1185 966 1217 in

270 1232 424 1265 Primum
440 1233 484 1265 de
503 1234 544 1265 R.
555 1233 655 1266 Pros.
669 1234 862 1267 claudiani.
908 1235 965 1267 In-

271 1283 388 1323 primis
422 1293 503 1315 vero
520 1283 684 1324 ·Josephi
708 1284 886 1326 Scaligeri,
909 1286 967 1327 qui

271 1331 522 1364 Praelectiones
539 1342 614 1364 suas
636 1333 712 1374 ipse
737 1333 834 1375 citat,
863 1334 966 1377 idque

272 1380 307 1414 in
334 1385 423 1414 totos
452 1382 600 1424 quinque
630 1382 747 1424 libros,
786 1384 887 1417 Notis
924 1385 967 1416 ad

272 1431 508 1473 Propertium,
532 1432 593 1465 lib.
612 1441 654 1465 ιι.
680 1434 778 1475 Eleg.
808 1438 840 1467 2.
884 1435 968 1468 Rari

274 1487 390 1519 autem
445 1483 564 1515 harum
615 1484 797 1516 Silvarum*
832 1485 968 1518 codices

273 1534 405 1575 scripti.
450 1533 564 1566 Notus
586 1533 756 1576 Senensis,
783 1535 825 1568 ab
849 1535 969 1568 eodem

273 1583 451 1625 Scaliger-0
477 1584 551 1615 aliis
578 1581 835 1617 communicatis
856 1586 971 1617 Variis

274 1633 505 1677 Lectionibus.
566 1634 663 1666 Duos
698 1644 761 1667 nos
793 1635 970 1668 habuimus

276 1687 399 1723 emtos,
427 1684 572 1716 alterum
599 1684 802 1725 capitalibus
831 1685 972 1717 Litteris

277 1734 455 1776 scriptum,
479 1735 537 1766 sed
554 1735 616 1772 uti,
638 1735 701 1767 nisi
715 1736 897 1777 perpaucis
912 1737 972 1768 ho-

277 1785 335 1824 ris,
374 1794 443 1817 non
478 1785 586 1822 licuit,
633 1790 669 1817 et
701 1795 792 1819 nunc
829 1787 972 1828 periisse

278 1840 459 1877 utrumque
475 1835 635 1869 arbitror.
689 1836 744 1868 Ad
759 1846 812 1869 me
825 1837 913 1873 sane
923 1847 973 1869 re-

278 1895 394 1917 versus
409 1891 532 1918 neuter
544 1891 609 1926 est,
621 1895 697 1918 cum
714 1885 829 1919 tamen
842 1888 974 1920 domes-

279 1935 356 1968 ticis
371 1935 513 1972 flammis
528 1937 662 1978 elapsos
671 1939 835 1980 suspicer.
859 1938 974 1971 Alium

281 1986 379 2018 citari
395 1985 495 2018 video
519 1996 539 2018 a
563 1986 668 2020 Justo
692 1988 920 2030 Zinzerlingio
940 1989 974 2021 in

279 2035 510 2068 Promulside.
554 2035 669 2068 Alium
685 2036 881 2079 Lipsianum
903 2040 974 2071 lau-

281 2085 342 2117 dat
370 2085 584 2119 Bernartius.
627 2086 741 2118 Alium
768 2088 975 2121 aMichaele

280 2136 444 2169 Piccarto
455 2137 553 2170 Joan.
568 2137 770 2171 Gebhardus
785 2140 903 2174 Cui-ar.
913 2140 936 2174 J
941 2150 975 2171 u-

283 2188 386 2220 venil.
401 2187 462 2220 lib.
478 2196 536 2220 111.
581 2188 741 2221 Flammae
769 2194 883 2222 autem
910 2200 977 2223 non

284 2238 326 2270 ab
340 2238 450 2280 hoste,
462 2239 522 2270 sed
534 2237 720 2271 domestico
732 2249 820 2281 pene
833 2241 978 2282 scelere,

283 2298 368 2321 meae
384 2292 456 2320 tum
473 2288 640 2319 mansioni
656 2288 804 2330 injectae,
828 2298 895 2322 non
914 2290 979 2322 hoc

285 2339 393 2371 solum
418 2338 498 2370 mihi
521 2338 636 2370 damni
663 2338 896 2378 confecerunt,
918 2340 978 2373 sed

285 2390 404 2430 ingens
431 2389 606 2429 scrinium,
621 2389 727 2421 Manu
743 2399 819 2422 mea
843 2391 979 2432 seriptis

285 2439 412 2471 chartis
434 2437 605 2479 effatum,
633 2439 732 2471 simul
755 2440 979 2473 abstulerunt.

287 2489 334 2520 Et
349 2489 398 2520 sic
414 2489 590 2529 perierunt
603 2489 684 2520 mihi
698 2491 807 2522 multa
812 2491 981 2532 juvenilia

288 2543 324 2570 et
347 2538 490 2579 puerilia
514 2539 669 2580 scripta3
693 2543 731 2571 ut
750 2539 885 2573 ‘Index
910 2541 981 2583 Ap·

280 2588 490 2631 ·puleianus,'
514 2588 655 2621 mirifice
677 2594 810 2623 auctus.
856 2591 909 2622 Ex
924 2600 982 2623 ve-

290 2649 328 2671 ro
359 2638 432 2679 jam
475 2648 564 2679 pene
603 2639 778 2681 senilibus,
819 2640 982 2684 quicquid

283 2698 405 2730 -operae
428 2688 462 2719 in
492 2688 737 2722 Tertullianum
761 2691 983 2725 contuleram.

292 2739 457 2772 Barthius.

334 2789 456 2823 Caum.
472 2797 499 2822 1.
522 2790 540 2820 1
563 2788 836 2833 Super-imposito]
858 2791 988 2834 hiemi,

719 236 863 268 No'rAE
898 235 1159 268 VARIORUM
1194 237 1247 268 ΙΝ

1004 329 1060 371 qui
1073 330 1176 371 superi
1186 328 1367 372 legendnm
1380 330 1472 363 nulls
1486 330 1640 365 mutandi
1649 334 1706 367 si·

1005 380 1098 411 tione
1111 380 1303 413 voluerunt.
1330 381 1426 415 Nihil
1435 382 1538 414 etiaui
1547 384 1706 425 egerunt,

1005 430 1064 471 qui
1078 430 1322 472 super-impositi
1337 431 1454 464 Colossi
1464 442 1476 463 .·
1496 430 1535 463 τὸ
1547 441 1640 475 snper
1653 433 1706 466 sle

1007 484 1107 512 vacat
1122 480 1317 522 aliquando,·
1325 484 1364 513 ut
1375 485 1489 514 tamen
1503 491 1577 514 rem
1591 474 1709 515 r'nirffi*¹

1008 539 1048 563 ce
1065 534 1199 572 augeat.
1212 531 1329 564 Barth.
1360 531 1462 564 Moles
1472 530 1709 578 gei-inires&

1007 580 1102 621 lom]
1122 580 1267 613 Tamdiu
1282 581 1394 614 dubiis
1405 582 1617 616 eruditorum
1626 592 1710 616 sen-

1010 631 1129 663 tentiis
1153 631 1318 673 agitatum
1341 636 1473 674 est,'sn
1494 633 1709 675 molesffs'ffi‘-

1009 683 1097 721 nata,
1112 690 1155 712 an
1171 682 1256 713 utin
1271 680 1410 724 Aldina,
1426 686 1464 715 et
1475 681 1710 726 antiquissim-

1010 729 1146 762 Veneta
1173 730 1331 764 Editione
1356 732 1523 774 scriptum
1542 735 1708 776 estnon-

1012 783 1097 812 mata
1122 781 1303 822 legendum
1332 781 1433 815 foret.
1477 783 1608 826 Nuper'
1626 788 1710 818 vero

1012 830 1066 862 vir
1090 831 1212 863 doctus
1228 831 1262 863 iu
1277 832 1346 864 suis
1363 831 1594 875 Apophoretis
1605 834 1711 868 criti·

1012 879 1073 920 cis,
1100 880 1241 913 alteram
1268 880 1450 914 lectionem
1477 883 1657 925 amplex'ni
1672 883 1713 916 τὸ

1010 933 1182 970 gemmata,
1210 930 1382 963 mordicus
1398 932 1711 967 retinendum-con·-

1014 980 1138 1021 teudit,
1158 981 1274 1023 aitque
1296 982 1540 1026 Poetarn‚²per
1556 984 1579 1002 ‘⁴
1588 984 1714 1018 molen

1019 1031 1257 1071 gemmatamss
1285 1036 1404 1065 notare
1439 1037 1562 1075 equum
1587 1032 1713 1067 frenis

1013 1081 1193 1121 gemmatis
1210 1084 1378 1122 ornatum,
1392 1080 1577 1126 qnia-olim,
1586 1079 1713 1127 inq'iilt,

1014 1130 1178 1164 nobilium
1193 1131 1352 1174 equorum
1367 1131 1484 1165 fraenis
1498 1130 1649 1175 gemmet
1660 1133 1715 1167 in-

1016 1185 1125 1214 sertas
1156 1183 1310 1224 Ιεςίιιιιιε.ι
1356 1183 1404 1216 At
1431 1183 1507 1217 liaec
1531 1183 1649 1225 lectio,
1676 1187 1715 1216 et

1016 1231 1090 1272 ejus
1117 1231 1373 1274 interpretatio,
1399 1226 1501 1275 plane
1514 1242 1518 1244 ⁷
1529 1233 1610 1267 huic
1637 1233 1714 1266 loco

1017 1290 1084 1313 non
1101 1283 1272 1316 convenit.
1318 1283 1392 1316 Nos
1406 1282 1530 1316 scimus
1552 1282 1716 1316 olinssm-

1016 1336 1213 1372 perator-um
1223 1326 1329 1375 equos
1342 1333 1452 1365 frena
1459 1332 1616 1375 gestasse
1622 1333 1718 1375 gem·

1016 1381 1080 1413 mis
1096 1387 1238 1423 ornata3
1264 1383 1325 1415 sed
1340 1382 1416 1425 quis
1438 1382 1608 1416 cradat'in
1622 1391 1719 1417 enea

1019 1431 1084 1463 hac
1112 1436 1229 1465 statua
1259 1442 1407 1475 gemmas
1435 1432 1539 1467 fuisse
1561 1432 1718 1467 efficta?

1020 1481 1171 1522 Deinde,
1184 1483 1397 1525 quod-caput
1418 1486 1490 1524 est,
1504 1484 1606 1525 plane
1619 1483 1717 1517 inds-

1021 1546 1135 1570 corum
1153 1534 1255 1574 foret,
1269 1534 1298 1566 si
1321 1533 1520 1575 poemiam
1536 1537 1718 1576 augustum

1022 1587 1189 1620 colossum
1215 1584 1429 1625 laudaturus,
1449 1584 1619 1618 insessore
1636 1589 1721 1627 neg·

1022 1639 1115 1670 lecto
1141 1636 1183 1668 ad
1209 1644 1333 1676 equum
1357 1638 1395 1666 et
1418 1633 1529 1667 fraena
1549 1631 1626 1677 ej'u‘s
1646 1634 1720 1676 'pri-

1022 1696 1114 1720 mum
1126 1685 1240 1718 oculos
1251 1684 1450 1725 conjiceret.
1482 1684 1555 1716 Nos
1568 1684 1689 1727 itaque·
1699 1693 1720 1717 e

1024 1741 1147 1770 contra
1158 1732 1320 1775 'geminata
1328 1734 1461 1766 omnino
1471 1734 1526 1766 bie
1539 1733 1722 1777 legendnm

1024 1786 1215 1821 asserimus,
1240 1782 1524 1826 quemadmodum
1546 1785 1583 1817 in
1601 1780 1723 1830 ‘vet-i·-

1024 1837 1097 1870 tiss.
1127 1835 1269 1868 Senensi
1284 1835 1513 1876 manuscripto
1527 1834 1596 1876 legi
1616 1833 1722 1868 edno-

1024 1890 1116 1919 tarat
1145 1885 1187 1917 ad
1218 1894 1310 1916 oram
1335 1885 1386 1916 sui
1411 1883 1540 1916 codicis
1558 1881 1721 1926 Scaliger.

1024 1937 1135 1970 Poeta
1150 1945 1294 1978 namque
1307 1932 1415 1967 totum
1428 1934 1543 1976 operis
1558 1934 1723 1976 conspee-

1025 1992 1111 2028 tum,
1134 1988 1280 2028 Equum,
1299 1987 1448 2029 inquam,
1463 1989 1501 2018 et
1524 1979 1723 2017 insessorem

1026 2047 1095 2070 una
1119 2037 1330 2078 complexus,
1347 2034 1613 2076 ‘elegantissime
1644 2034 1725 2076 ‘'ge-

1026 2086 1215 2127 minatam,'
1237 2087 1271 2118 id
1287 2089 1342 2119 est
1355 2085 1530 2127 duplicem
1539 2086 1661 2118 molem
1674 2084 1725 2117 di·

1027 2138 1088 2171 cit.
1135 2138 1224 2170 Nam
1239 2146 1317 2169 cum
1336 2137 1426 2168 solus
1447 2139 1566 2178 equus,
1581 2135 1658 2168 basi
1673 2135 1725 2167 in·

1028 2189 1163 2228 sistens,
1184 2195 1247 2229 per
1267 2193 1478 2228 semagnam
1500 2186 1624 2219 molem
1645 2191 1725 2218 eon—

1029 2237 1359 2278 stitueret‚'merito,
1384 2246 1461 2270 cum
1484 2240 1553 2269 tam
1578 2234 1727 2278 splendi-

1029 2288 1093 2320 dus
1107 2293 1143 2320 et
1158 2288 1312 2320 excelsus
1337 2287 1560 2328 Imperatoris
1576 2287 1724 2320 colossus

1030 2349 1119 2382 equo
1133 2344 1186 2371 est
1200 2337 1390 2380 impositus,
1399 2337 1558 2378 geminam
1570 2340 1607 2369 et
1620 2336 1730 2378 dupli·

1031 2395 1111 2423 cata
1125 2390 1217 2422 dicta
1233 2393 1297 2421 est.
1341 2389 1389 2420 Et
1405 2397 1501 2421 rarus
1519 2387 1657 2430 quidem
1670 2387 1729 2420 bic

1030 2441 1138 2473 honos
1153 2443 1241 2479 erat,
1255 2439 1434 2480 geminam,
1453 2447 1514 2470 seu
1533 2439 1728 2480 equestrem

1031 2490 1131 2524 alicui
1146 2494 1294 2522 statuam
1309 2489 1454 2531 erigere,
1472 2488 1557 2533 cum
1565 2487 1642 2521 aliis
1652 2488 1739 2522 't'tn-¹

1032 2545 1105 2574 tum
1120 2539 1303 2581 simplices,
1327 2548 1386 2571 seu
1409 2537 1589 2581 pedestres
1602 2540 1732 2572 statne-

1033 2594 1163 2623 rentur.
1201 2588 1269 2621 Sed
1285 2588 1367 2631 quin
1382 2589 1496 2630 potius
1509 2592 1555 2620 a·
1569 2588 1644 2630 ipso
1656 2588 1733 2621 Sta-

1035 2641 1084 2674 tio
1109 2640 1195 2672 hauc
1224 2638 1407 2671 lectionem
1435 2636 1643 2671 firmamus?
1665 2638 1731 2672 Ille

1034 2699 1117 2724 ecce
1132 2698 1190 2722 nr.
1213 2689 1305 2729 Sylv.
1331 2688 1374 2720 ad
1394 2688 1583 2729 Claudiam,
1603 2687 1647 2720 de
1668 2687 1731 2720 dn-

1036 2739 1116 2783 plici
1129 2739 1281 2771 Theatro
1297 2745 1411 2780 agens,
1420 2737 1504 2770 illud
1519 2736 1639 2769 iisdem
1654 2745 1731 2769 ver-

1037 2790 1090 2824 bis
1123 2793 1133 2809 ‘
1145 2789 1313 2832 geminam
1338 2787 1462 2823 molem
1474 2787 1484 2804 ²
1522 2776 1730 2830 appendia
