1846 3120
252 231 364 275 1128

252 336 438 380 Parcior
454 334 666 377 humani?
698 332 820 376 videt
836 333 954 384 axiS,
973 336 1019 374 et
1038 332 1130 376 ista
1149 345 1227 388 per
1246 345 1394 375 aevum

254 403 432 445 Mecum
450 406 615 444 aeterna
632 401 803 452 domus,
822 401 1000 455 quoties
1013 401 1108 455 jam
1130 404 1245 443 torta
1260 412 1468 454 reponam

252 469 470 520 Fulmina,
489 481 620 523 quam
639 480 763 510 rarus
780 468 906 510 terris
925 467 995 510 hic
1015 467 1201 522 imperet
1218 467 1350 521 ignis,

253 536 510 587 Quinetiam
530 535 697 577 invitus
715 547 874 589 magna
891 534 1242 588 uleiscendaque
1261 533 1412 588 passis

251 601 345 644 Aut
364 602 581 656 Lapithas
601 600 751 652 Marti,
770 605 847 644 aut
864 605 1059 644 veterem
1079 599 1312 656 Calydona
1333 600 1497 645 Dianae

251 669 519 723 Expugnare
538 668 667 712 dedi:
695 681 880 723 meaque
895 671 963 712 est
974 668 1165 724 jactura,
1183 668 1394 723 pigetque

251 736 341 778 Tot
359 740 527 778 mutare
546 737 733 784 animas,
754 739 819 778 tot
836 735 1015 779 reddere
1033 747 1224 790 corpora
1243 734 1364 778 vitae.

252 802 505 845 Labdacios
526 816 647 854 vero,
668 802 942 858 Pelopisque
960 815 987 845 a
1007 802 1146 857 stirpe
1166 805 1352 856 nepotes

251 869 445 912 Tardum
465 870 640 912 abolere
659 869 790 912 mihi:
822 870 912 912 scis
929 870 1040 924 ipse,
1060 874 1113 911 ut
1132 869 1317 914 crimina
1335 868 1507 916 mittam

252 937 435 989 Dorica,
455 950 589 992 quam
610 940 793 991 promtae
814 937 1010 992 Superos
1030 937 1252 981 incessere
1270 936 1452 981 Thebae.

744 240 783 270 P.
818 238 1009 273 PAl‘lNu
1042 237 1212 271 STATn

1622 332 1709 381 2⁰⁹
1742 296 1749 304 ,.

1620 668 1708 716 205

250 1045 386 1087 effundit
400 1045 568 1077 humanum
581 1045 791 1086 sanguinem?
836 1045 949 1077 Cernit
970 1046 1071 1087 polus,
1096 1049 1128 1077 et
1150 1045 1224 1077 istoe
1243 1046 1326 1077 oedes
1339 1055 1456 1078 mecum
1469 1049 1620 1078 eternum
1630 1055 1706 1088 pet·

247 1098 412 1128 mansurae,
425 1087 545 1130 quoties
555 1097 699 1129 reponam
705 1087 776 1126 jam
783 1088 955 1127 jaculanda
975 1090 1128 1128 tonitrua,
1142 1097 1235 1128 qaam
1243 1097 1357 1130 parum
1369 1088 1435 1120 hec
1449 1088 1583 1131 flama
1594 1088 1706 1122 mint

248 1131 284 1162 in
299 1134 411 1163 terras.
457 1130 542 1166 Quin
557 1130 651 1162 etiam
667 1130 750 1162 haud
773 1131 856 1162 ultro
871 1131 1005 1162 concessi
1020 1129 1124 1162 Marti
1138 1134 1168 1162 et
1182 1130 1310 1171 Dianoe,
1324 1131 1377 1172 qui
1390 1134 1572 1172 receperant
1583 1133 1706 1169 atroces

248 1173 384 1212 injurias
398 1177 427 1205 et
442 1174 560 1205 ultione
573 1174 700 1212 dignas,
717 1173 888 1214 perdendos
907 1173 1073 1215 Lapithas,
1089 1176 1120 1204 et
1134 1173 1342 1214 diripiendam
1354 1173 1516 1215 antiquam
1532 1173 1707 1248 falydottas:

1478 1225 1515 1247 ro
1547 1225 1599 1248 m
1611 1225 1647 1247 re

248 1261 349 1290 tuere.
392 1258 523 1290 Lentior
536 1259 659 1298 quidem
666 1257 722 1297 fui
737 1259 771 1289 in
784 1258 1078 1297 delendi-sfunditus
1091 1259 1226 1300 posteris
1239 1258 1378 1290 Labdaci
1391 1268 1428 1291 ac
1440 1258 1577 1300 Pelopis.
1613 1255 1708 1290 Com-⁴*

244 1304 370 1342 perium
383 1304 431 1333 est
444 1301 506 1343 ipsi
521 1300 593 1342 tibi,
607 1304 643 1333 at
656 1300 780 1333 silentio
790 1303 977 1346 proeteream
995 1302 1116 1333 Dorum
1129 1301 1258 1342 scelera,
1271 1310 1363 1343 quam
1379 1301 1490 1334 Theba
1500 1300 1650 1344 poe-lives
1662 1299 1706 1333 ad

249 1216 415 1257 meumque
429 1219 475 1247 est
491 1217 648 1255 dammam,
663 1219 693 1246 ee
705 1225 804 1256 grave
823 1218 871 1247 est
894 1216 973 1247 mihi
987 1219 1033 1248 tot
1047 1216 1167 1247 animas
1180 1219 1313 1252 mutare,
1328 1218 1375 1248 tot
1387 1226 1404 1248 c

861 1381 1095 1396 ΟΟΜΝΜΟ

248 1450 372 1491 probat
389 1449 613 1482 Marklandus
626 1448 668 1482 ad
683 1449 778 1491 Sylv.
796 1458 829 1481 v.
845 1453 878 1482 5.
893 1451 1053 1482 zzz-201
1078 1449 1304 1482 Marklandus
1320 1449 1363 1481 ad
1380 1449 1474 1492 Sylv.
1491 1459 1525 1491 p.
1536 1451 1613 1483 267.
1628 1457 1707 1483 cor-

247 1493 358 1525 rexit:
373 1492 445 1531 jam
457 1496 544 1524 certa
557 1501 712 1533 reponam.
727 1492 818 1524 Vide
832 1492 912 1524 Nic.
929 1492 1052 1524 Heius.
1069 1491 1103 1523 in
1126 1491 1271 1525 Advers.
1287 1492 1347 1524 lib.
1363 1500 1415 1524 ιν.
1431 1501 1507 1534 cap.
1519 1494 1554 1525 6.
1571 1502 1606 1539 p.
1625 1494 1704 1524 61⁰.

247 1538 354 1567 —203
378 1536 475 1567 Unus
491 1535 613 1566 Behot.
625 1537 854 1576 passum—204
866 1535 933 1567 Aut
942 1534 1096 1576 Laphitas
1108 1535 1249 1567 Behott.
1266 1538 1298 1567 1.
1313 1537 1452 1567 2.—2oo
1474 1534 1586 1567 Iidem
1601 1533 1705 1567 codd.

247 1587 325 1610 cum
353 1578 471 1610 Burm.
497 1578 657 1610 Petrens.
683 1582 719 1610 et
743 1578 828 1609 Exc.
852 1577 997 1610 Cantab.
1023 1580 1070 1609 tot
1093 1587 1220 1618 corpora
1237 1578 1367 1609 reddere
1377 1577 1576 1610 vitm—209
1595 1577 1703 1618 hug.

249 1621 352 1652 Laur.
380 1620 510 1653 Buslid.
534 1620 687 1662 Lipsian.
709 1621 802 1653 Dan.
830 1619 913 1652 Put.
939 1620 1063 1653 PetaV.
1087 1620 1229 1653 Behott.
1245 1622 1275 1653 1.
1289 1622 1321 1652 2.
1346 1624 1383 1652 et
1408 1619 1487 1653 edd.
1507 1623 1591 1652 vett.
1611 1629 1705 1662 quam

906 1704 1048 1738 NOTAE

245 1769 352 1803 Theb.
375 1778 402 1804 1.
428 1769 605 1804 ‘Quonam
630 1778 739 1812 usque
765 1772 949 1802 nocentum
1003 1768 1134 1801 valuit:
1169 1768 1336 1802 concessit
1370 1768 1407 1801 iu
1433 1767 1502 1801 iras
1530 1768 1704 1813 antiquam

245 1822 373 1864 Exigar
388 1821 423 1853 in
445 1821 585 1862 poenas?
615 1818 724 1852 taedet
748 1820 871 1852 saevire
892 1829 948 1853 co·
1003 1818 1084 1861 Ipse
1095 1820 1208 1851 Deum
1224 1819 1359 1860 genitor
1371 1817 1708 1861 Calydonamanae.⁰

246 1883 347 1906 rusco
363 1871 544 1905 Fulmine!
958 1889 996 1907 ff„
1043 1871 1109 1901 206
1134 1869 1194 1901 Tot
1207 1873 1329 1901 mutare
1340 1869 1475 1912 animas]
1491 1870 1706 1915 Metempsy.

287 1926 352 1956 202
377 1923 480 1959 Quam
492 1931 585 1954 rarus
595 1921 690 1953 terris
697 1921 749 1953 hic
757 1920 889 1962 imperet
896 1920 948 1961 ig·

244 1974 309 2016 nis]
339 1972 574 2015 Peyraredus:
611 1981 704 2014 quam
725 1980 818 2004 rarus
845 1974 947 2004 terras

243 2025 296 2057 hic
309 2024 437 2066 impetet
449 2023 547 2063 ignis.

287 2077 352 2107 204
374 2074 442 2107 Aut
458 2073 614 2116 Lapithas
627 2071 749 2114 Marti]
769 2071 867 2105 Mars
882 2072 947 2105 ira-

243 2131 299 2159 tus
316 2125 486 2165 Pirithoo,
500 2124 591 2169 quod
614 2124 648 2156 in
673 2123 869 2165 nuptiarum
891 2133 946 2156 so-

242 2176 411 2208 lennitate
433 2174 683 2217 praetermissus
705 2172 819 2205 fuerat
834 2173 877 2205 ab
893 2182 946 2215 eo,

243 2227 398 2260 invitatis
423 2226 548 2259 ceteris
574 2225 663 2266 Diis,
678 2223 832 2266 adeoque
858 2224 946 2256 Cen-

244 2278 365 2317 tauris,
377 2276 518 2309 immisit
531 2275 683 2308 furorem
699 2273 880 2307 Centauris
902 2273 946 2306 ad

242 2326 487 2360 disturbandas
520 2326 671 2367 nuptias,
699 2328 737 2357 et
773 2323 947 2362 excidium

242 2377 476 2419 Lapitharum.
518 2377 586 2409 Aut
613 2379 749 2408 veterem
784 2375 947 2417 Calydona

243 2427 375 2470 Dianoe]
395 2428 511 2460 Diana
535 2426 578 2459 ab
607 2427 719 2461 OEneo
745 2425 943 2468 Calydoniae

241 2487 325 2520 rege
347 2477 382 2509 in
397 2475 565 2510 sacrificio
581 2475 820 2518 praetermissa,
835 2475 943 2508 immi·

243 2528 289 2560 sit
304 2537 425 2569 aprum
441 2526 683 2568 Calydonium,
698 2525 757 2567 qui
777 2534 846 2558 non
861 2524 947 2558 fecit

242 2577 345 2610 finem
370 2576 544 2609 vastandae
566 2575 778 2618 Calydoniae,
792 2575 903 2608 donec
926 2586 946 2608 a

244 2629 422 2670 Meleagro
446 2628 482 2660 in
515 2627 644 2660 celebri
672 2627 733 2659 illa
763 2627 945 2660 venatione

243 2677 471 2721 occideretur.
494 2677 597 2710 Hunc
612 2681 724 2710 autem
739 2677 854 2710 locum
868 2677 944 2710 imi-

243 2733 335 2761 tatus
362 2732 417 2762 est
445 2728 575 2760 Noster
598 2737 618 2760 a
632 2727 797 2769 Virgilio:
820 2728 830 2745 ⁸
847 2727 943 2760 Mars

243 2778 389 2820 perdere
405 2782 542 2821 gentem
556 2778 744 2812 Immanem
756 2778 941 2820 Lapithum

1002 1920 1120 1952 chosin
1134 1920 1402 1962 Pythagoricum
1415 1920 1571 1962 respicit.
1599 1921 1705 1964 Apud

1002 1971 1123 2004 Claud.
1146 1970 1189 2003 de
1211 1971 1327 2013 Raptu
1354 1971 1572 2014 Proserpina
1596 1972 1708 2015 liin-1.

1001 2022 1012 2040 “
1027 2022 1161 2054 Animae
1177 2025 1351 2054 mutantur
1364 2021 1400 2053 ln
1414 2021 1533 2054 artus.'
1575 2022 1704 2068 Pytha-

999 2082 1100 2114 goras
1121 2073 1198 2115 ipse
1224 2071 1314 2114 apud
1339 2071 1526 2106 ovidium:
1551 2073 1562 2092 ‘
1577 2072 1706 2109 Omnia

999 2127 1190 2163 mutantur,
1209 2122 1291 2166 nihil
1314 2121 1456 2158 interitss
1500 2123 1559 2156 Tot
1573 2123 1705 2165 reddere

998 2183 1126 2215 corpora
1139 2174 1229 2216 vitae]
1251 2174 1293 2208 Id
1309 2178 1377 2216 est,
1391 2183 1455 2216 pro
1468 2175 1612 2215 mortuis
1628 2185 1704 2211 cor-

1001 2223 1140 2265 poribus
1156 2233 1246 2258 nova
1259 2223 1483 2259 substituere.
1563 2254 1565 2257 .

1041 2277 1106 2307 207
1128 2274 1319 2316 Labdacios]
1334 2274 1377 2307 Id
1392 2279 1456 2317 est,
1472 2275 1650 2311 Eteoclem
1665 2279 1705 2309 et

1001 2325 1205 2367 Polynicem
1222 2324 1372 2358 Labdaci
1388 2327 1609 2372 pronepotes.
1638 2325 1704 2359 Pe-

999 2375 1133 2418 lopisque
1152 2385 1173 2408 a
1192 2375 1291 2418 stirpe
1311 2375 1452 2419 nepotes]
1473 2375 1621 2419 Argivos
1640 2385 1703 2415 seu

1000 2426 1271 2469 Peloponnesios
1286 2425 1398 2459 Theb.
1409 2435 1434 2459 1.
1451 2429 1461 2446 ‘
1473 2426 1575 2459 Nunc
1585 2426 1703 2466 Gemi÷

997 2487 1058 2509 nas
1076 2477 1197 2519 punire
1209 2476 1339 2517 domos,
1349 2477 1423 2520 quis
1439 2476 1613 2520 sanguinis
1623 2487 1704 2516 auc-

1000 2533 1053 2561 tor
1068 2527 1151 2569 Ipse
1165 2536 1244 2570 ego,
1266 2526 1459 2560 descendo:
1482 2527 1629 2566 Perseos
1652 2528 1702 2567 ⁸]-

1000 2582 1054 2611 ter
1080 2579 1115 2611 in
1130 2578 1240 2622 Argos
1261 2577 1453 2620 Scinditur,
1474 2577 1602 2612 Aonias
1625 2575 1703 2613 fluit

998 2630 1053 2662 hic
1068 2630 1110 2662 ab
1125 2630 1256 2672 origine
1270 2629 1432 2663 Thebas.'

1040 2683 1106 2713 209
1126 2680 1262 2723 Dorica]
1292 2679 1457 2715 Fabulam
1486 2679 1624 2718 Tantali
1646 2688 1701 2712 re-

996 2729 1111 2772 spicit,
1118 2731 1177 2775 qui
1189 2730 1295 2767 filium
1305 2729 1383 2767 Diis
1395 2729 1602 2773 epulandum
1611 2739 1700 2772 pue-

995 2779 1081 2814 huit.
