1858 3112
448 236 490 270 r.
522 227 714 270 rammi
747 237 911 271 sra'rn
946 237 1094 269 srnv.
1127 238 1224 270 ma.
1246 237 1303 270 11.
1333 226 1375 269 1.

173 333 409 363 morerentur-⁸
421 330 564 365 Sneton.
581 331 626 364 de
641 330 798 374 Augusto
812 341 883 363 mo-

133 403 141 410 .
167 380 323 414 abundo
336 391 348 414 ε
370 381 564 424 ‘Supremo
579 382 658 420 die‚-
666 383 780 424 petito
805 391 882 424 spe-

167 432 253 464 culo
267 431 430 474 capillum
443 432 508 465 sibi
531 433 633 473 comi,
646 442 688 465 ac
714 433 820 465 malas
834 433 882 464 la·

167 480 296 515 tentes
309 482 438 524 corrigi
454 482 647 525 praecepit!
669 483 804 515 Gevort.

167 555 172 561 ·
191 533 280 565 *157
302 532 419 570 Qualia
438 533 523 574 erat]
545 533 648 568 Quod
671 533 761 565 idem
779 533 883 575 valet,

164 590 216 616 <ac
234 583 268 616 11
285 583 438 626 diceret,
458 583 580 616 eadem
607 583 730 624 forma,
757 584 880 615 eodem

164 633 304 674 lubitu,
331 635 429 668 vultu
453 639 492 668 et
518 635 614 668 cultu
643 645 711 677 quo
732 634 881 676 vixerat,

162 684 256 718 1111111
280 685 421 718 omnino
436 690 601 718 mutatus.
644 686 702 718 Sic
716 685 811 718 Theb
827 695 879 719 tv.

164 734 218 769 de
238 734 418 778 Atalanta,
445 746 523 778 qne
553 737 670 770 subito
694 737 879 769 infaustum

166 785 340 822 unnim
358 791 546 829 acceperat
559 798 570 820 z
604 789 616 807 ⁴
634 788 737 829 Fugit
763 787 879 829 sylvas

163 836 348 879 -pernieisr
355 838 440 870 alite
453 842 558 871 vento
571 838 692 873 Qualis
700 840 792 875 erat,
803 847 878 870 cor-

167 890 274 931 repta
303 888 410 930 1111111,
425 894 463 922 et
490 889 626 922 vertice
654 887 780 921 flavum
804 889 878 922 Cri-

166 947 250 975 men
260 948 382 980 sparsa
395 938 526 972 notho.’
569 939 668 972 Idem
684 939 779 972 valet
800 940 878 972 lmic

166 989 341 1023 simillima
355 990 504 1023 locutio:
528 991 540 1010 ‘
553 991 650 1023 Sicut
665 990 766 1023 erat.’
789 991 879 1023 Nos·

171 1044 228 1073 ter
241 1039 353 1073 Theb.
368 1049 435 1073 vu·
449 1040 494 1073 de
509 1040 744 1083 Amphiarao:
768 1045 778 1060 ‘
796 1042 877 1074 Non

167 1099 267 1124 orma
288 1100 404 1132 manu,
419 1101 488 1123 1100
512 1091 608 1124 frena
622 1092 768 1134 remisit,
780 1093 880 1125 Sicut

166 1146 261 1182 ent,
276 1146 391 1175 rectos
405 1141 522 1176 defert
535 1143 569 1175 iu
580 1145 723 1176 Tartara
737 1143 879 1176 currus!

214 1245 280 1276 16⁰
305 1244 470 1278 Grums‘at's
494 1245 586 1287 Indu]
619 1246 663 1279 Id
693 1250 748 1279 est
777 1246 879 1288 costi,

167 1292 272 1336 'cujus
287 1293 436 1328 radix’in
446 1306 578 1329 summo
588 1297 706 1339 precio
718 1301 771 1330 est
786 1297 875 1340 apud

165 1344 290 1386 1111101,
314 1351 417 1388 gustu
442 1346 594 1388 fervens,
611 1348 717 1381 odore
739 1349 878 1382 eximio.

165 1395 340 1429 Nascitur
366 1397 403 1430 in
433 1399 545 1440 primo
570 1399 690 1432 statim
729 1399 877 1433 introitu

167 1445 248 1479 Iudi
263 1447 372 1480 amnis
394 1447 430 1480 in
445 1449 568 1482 Patale
584 1450 715 1490 insula3
745 1450 877 1483 duobus

165 1498 368 1541 generibus,
406 1500 516 1542 nigro,
539 1501 631 1544 quod
657 1502 877 1543 praestantius

168 1553 240 1586 est,
250 1552 287 1581 et
301 1550 524 1584 candicante.
547 1552 723 1585 Domitius.

215 1601 278 1632 161
303 1601 454 1643 Quodque
465 1601 794 1645 Ambes,.Plum‘ique
803 1603 876 1645 (pu-

166 1649 235 1682 lans
260 1653 308 1682 est
329 1650 471 1694 vidique)
485 1652 631 1694 liquores,
653 1654 808 1686 Arsurum
829 1653 876 1686 la-

163 1707 243 1739 tere
262 1700 399 1743 0011111111]
432 1701 555 1734 Illudit
581 1702 682 1735 nobis
711 1704 774 1736 lioc
800 1704 876 1736 loco

170 1749 389 1791 Gnlderiuus,
415 1752 474 1793 qui
501 1752 641 1784 Pharios
661 1753 796 1795 liquores
819 1754 875 1787 bie

169 1800 181 1816 ¹
193 1808 316 1842 aquam
344 1803 537 1835 rosaceam'
553 1813 629 1835 esse
659 1804 730 1845 ait;
752 1806 763 1823 ⁸
775 1805 878 1842 1111111,ν

115 1890 119 1893 μ
166 1849 293 1893 inquit,
312 1851 374 1884 ‘ex
384 1852 536 1895 [Egypto
561 1861 599 1886 et
614 1855 714 1896 copia
739 1860 777 1888 et
788 1865 877 1897 prae·

165 1902 300 1938 ‚nautia
326 1912 478 1936 rosarum
495 1905 733 1946 proveniebat.
776 1906 877 1938 Unde

164 1951 326 1987 Matini.
367 1954 594 1987 assentando:
641 1957 652 1975 ‘
665 1956 772 1989 Mitte
800 1962 877 1989 tuas

166 2011 311 2043 nutes,
320 2005 455 2046 accipe,
462 2005 688 2046 Nile,rosas.”
701 2007 790 2039 Haec
799 2007 875 2041 ille:

166 2062 252 2095 qna
266 2054 381 2087 omnia
391 2059 515 2096 aperte
531 2060 567 2088 et
583 2056 729 2088 absurda
744 2062 779 2089 et
791 2057 879 2090 falsa

170 2110 271 2146 sunt3
289 2110 326 2138 et
340 2105 443 2138 valde
459 2106 574 2147 miror,
585 2107 808 2148 Pontianum,
819 2109 876 2151 qui

120 2191 123 2194 ,
164 2159 242 2188 tam
277 2163 393 2188 aerem
417 2165 494 2188 sese
519 2156 617 2198 huJus
642 2157 876 2191 calderiniani

169 2205 417 2239 commentarii
430 2215 608 2239 censorem
625 2207 800 2248 professus
811 2214 878 2251 est,

162 2258 211 2296 ,nt
225 2255 333 2288 etiam
350 2255 579 2288 minutissima
593 2267 742 2300 quaeque
757 2267 876 2300 repre-

163 2305 343 2347 henderit,
359 2306 434 2339 baec
449 2316 515 2339 non
529 2307 741 2342 observasse.
784 2310 875 2343 Nam

164 2355 206 2390 in
221 2356 339 2399 primis
361 2361 459 2390 tanta
473 2366 624 2390 rosarum
639 2358 740 2400 copia
756 2359 875 2392 Romae

164 2410 260 2447 arat,
289 2406 434 2448 injure
458 2407 508 2440 illi
532 2408 590 2450 qui
616 2418 710 2441 rosas
733 2409 874 2443 Romam

164 2458 369 2499 mittebant,
384 2459 541 2492 Athenas
555 2466 730 2502 noctuam,
754 2466 793 2495 et
808 2462 875 2495 Ve-

163 2509 283 2542 sueti-s
311 2509 403 2542 vitra
431 2515 572 2551 portare
601 2510 687 2544 dicti
716 2510 874 2546 fuissent.

163 2559 261 2595 111011
276 2559 362 2593 satis
372 2563 511 2592 constat
525 2570 568 2592 ex
580 2560 703 2594 eodem
718 2562 778 2595 illo
791 2563 874 2605 Epi-

156 2615 359 2652 -grammate
366 2610 648 2652 Martialis,quod
657 2611 828 2645 Domitius
840 2613 874 2645 in

164 2660 295 2698 erroris
310 2661 363 2693 101
378 2659 615 2693 fulcimentum
626 2662 780 2696 adducit.
818 2663 874 2696 Ibi

170 2711 261 2743 onim
287 2710 378 2749 ridet
396 2711 565 2744 Martialis
581 2712 782 2754 AEgyptum,
797 2724 873 2756 qum

166 2761 301 2799 Catari
317 2762 482 2803 panculas
494 2771 588 2795 rosas
609 2762 748 2796 miserat
765 2764 874 2797 instar

164 2811 284 2855 1111μί
298 2812 462 2854 muneris,
475 2822 552 2846 cum
569 2813 688 2847 Romae
703 2813 746 2848 iis
767 2814 875 2848 abun.

1525 229 1642 272 1675

924 330 1065 364 darent.
1121 330 1212 364 Vide
1245 331 1306 365 lib.
1333 340 1385 366 vt.
1434 330 1556 374 Epigr.
1585 334 1640 364 80.

932 380 1034 413 Unde
1057 381 1188 414 clarum
1213 387 1268 415 est
1289 392 1471 425 perperam
1486 392 1507 414 a
1521 382 1641 414 Domi-

933 430 983 463 tio
1013 431 1079 463 boc
1107 432 1282 464 Martialis
1312 433 1536 474 Epigramma
1565 441 1640 464 esse

927 481 1135 522 adductum,
1149 483 1159 500 ‘
1178 486 1216 514 et
1232 492 1307 524 quae
1323 482 1368 514 de
1381 493 1470 525 aqua
1486 476 1641 515 rosaeea'

931 532 1125 572 somniavit,
1134 541 1210 564 esse
1225 531 1327 565 falsa.
1369 533 1462 567 Quid
1477 542 1561 574 ergo
1576 542 1641 574 per

929 581 1069 613 Pharios
1095 582 1228 623 liquores
1258 582 1313 614 hic
1347 582 1639 624 intelligendum?

930 632 1131 665 Notandum
1157 633 1200 665 ad
1226 633 1305 673 hoc,
1326 632 1508 674 AEgyptios
1537 631 1643 670 omni-

926 693 986 715 um
1012 683 1209 716 mortalium
1233 683 1362 725 primos
1386 688 1638 724 unguentorum

928 734 1113 767 mixtiones
1129 735 1361 776 excogitasse,
1377 738 1414 766 et
1429 734 1566 766 caeteris
1580 742 1640 766 na·

929 785 1080 817 tionibus
1103 785 1332 824 distribuisse,
1356 782 1396 816 ut
1411 789 1509 816 recte
1522 784 1640 816 obser-

928 835 1023 867 vavit
1042 835 1087 868 1-1.
1103 835 1302 868 Mercurial.
1318 835 1402 867 Var.
1418 834 1543 867 liban.
1560 844 1638 877 cap.

928 889 982 920 19.
1026 887 1119 920 Hinc
1135 886 1227 928 apud
1245 886 1499 928 Hippocratem
1515 890 1638 928 quatu-

927 948 967 971 or
981 938 1225 980 AEgyptiorum
1239 938 1498 978 Unguentorum
1512 945 1640 978 genera

928 989 1162 1030 reperiuntur,
1190 997 1268 1030 quae
1285 987 1406 1020 ordine
1423 992 1585 1020 recenset
1600 991 1639 1021 et

927 1039 1079 1081 explicat
1093 1039 1247 1071 Galenus
1260 1039 1294 1070 in
1307 1038 1432 1071 Lexico
1442 1038 1639 1080 Hippocra-

927 1090 1012 1123 tico.
1059 1089 1214 1122 Primum
1259 1089 1463 1130 simpliciter
1495 1093 1639 1120 vocatur

927 1139 1100 1181 Αἰγύπτιον
1128 1138 1244 1181 ἔλαιον,
1274 1139 1432 1175 alterum,
1468 1136 1640 1178 Αἰγύπτιον

928 1190 1034 1224 ἔλαιον
1065 1190 1190 1232 λευκὸν,
1210 1192 1308 1223 oleum
1319 1190 1508 1232 AEgyptium
1522 1190 1638 1222 albam.

926 1244 1096 1283 Tertium,
1110 1241 1281 1282 Αἰγύπτιον
1306 1240 1403 1283 μύρον
1425 1240 1551 1283 λευκὸν,
1579 1251 1639 1274 uu-

922 1298 1078 1335 guentum
1094 1293 1285 1335 AEgyptium
1307 1292 1421 1325 album.
1465 1293 1637 1326 Quartum

927 1345 1134 1387 simpliciter
1154 1342 1326 1384 Αἰγύπτιον
1348 1342 1454 1385 μύρον.
1497 1343 1638 1375 Descri-

926 1396 978 1429 bit
995 1406 1075 1429 vero
1090 1397 1155 1429 hoc
1186 1400 1397 1437 unguentum
1419 1395 1639 1437 Theophras·

926 1452 982 1480 tus
997 1449 1032 1480 in
1056 1448 1174 1480 libello
1187 1446 1257 1490 περὶ
1273 1447 1409 1487 Ὄσμῶν,
1425 1446 1477 1478 his
1501 1446 1615 1478 verbis
1629 1458 1639 1477 ι

925 1497 969 1530 Τὸ
993 1496 1027 1530 δὲ
1046 1497 1221 1538 Αἰγύπτιον
1241 1495 1336 1540 μύρον
1358 1497 1395 1529 ἐκ
1420 1495 1584 1529 neroum·
1602 1497 1639 1529 ἐκ

926 1561 964 1582 τε
977 1551 1035 1582 τοῦ
1045 1549 1232 1590 κιναμώμου,
1244 1548 1297 1581 καὶ
1311 1550 1348 1581 ἐκ
1356 1550 1414 1587 τῆς
1425 1547 1575 1590 σμύρνης,
1584 1547 1638 1581 καὶ

927 1600 960 1641 ἐξ
983 1600 1102 1633 ἄλλων*
1133 1600 1180 1633 ἔτι
1193 1599 1227 1632 δὲ
1242 1601 1278 1632 ἐκ
1295 1599 1445 1632 πλείονων
1464 1598 1586 1631 τούτων
1598 1598 1638 1631 τὸ

925 1653 1107 1692 μεγαλεῖον.
1151 1652 1343 1694 AEgyptium
1374 1654 1567 1691 unguentum
1594 1660 1638 1683 ex

924 1703 1078 1744 pluribus,
1088 1712 1129 1735 ex
1146 1703 1338 1734 cinnamomo
1350 1702 1482 1742 scilicet,
1494 1701 1639 1743 myrrha,

925 1756 1019 1794 atque
1028 1753 1120 1786 aliis:
1142 1753 1243 1785 adhuc
1265 1763 1307 1785 ex
1323 1752 1464 1794 pluribus
1489 1761 1583 1793 quum
1597 1752 1640 1784 is-

926 1804 984 1835 tud
1011 1803 1208 1844 componitur
1237 1804 1420 1843 megaleum.
1463 1802 1572 1834 Plura
1593 1801 1638 1834 de

927 1854 992 1885 hoc
1008 1858 1186 1895 unguento
1210 1853 1290 1885 vide
1307 1852 1399 1895 apud
1427 1851 1637 1885 Athenaeum

927 1904 1146 1947 Dipnosoph.
1162 1904 1223 1937 lib.
1241 1913 1304 1936 xv.
1347 1903 1402 1935 Ex
1413 1902 1466 1935 his
1476 1903 1560 1934 satis
1577 1912 1637 1945 pa-

927 1959 1002 1986 tere
1032 1955 1197 1995 arbitror,
1221 1953 1367 1986 Poetam
1394 1958 1550 1986 nostrum
1574 1961 1638 1995 per

927 2005 1068 2038 Pharios
1080 2006 1215 2046 liquores
1233 2009 1445 2047 unguentum
1461 2005 1567 2037 hocce
1580 2004 1637 2037 ΙΕ-

928 2057 1086 2098 gyptium
1104 2056 1267 2088 innuisse.
1293 2056 1427 2088 Gevart.

972 2109 1036 2139 162
1058 2106 1215 2139 Arsurum
1229 2107 1331 2138 lavere
1344 2106 1478 2148 comm]
1511 2106 1636 2139 Mens:

927 2157 1045 2198 Croci,
1061 2158 1162 2194 costi.
1178 2157 1289 2198 nardi,
1301 2157 1461 2198 myrrlnae,
1476 2157 1636 2189 aliorum-

928 2217 996 2249 que
1018 2208 1184 2250 liqnorum
1205 2216 1347 2239 acervos
1360 2207 1394 2238 in
1411 2207 1566 2239 Glauciae
1580 2215 1636 2240 ro-

928 2269 1008 2300 gum
1032 2259 1228 2300 conjectos:
1251 2258 1338 2290 ritus
1362 2258 1463 2299 plene
1479 2257 1560 2289 mihi
1575 2266 1636 2290 ex-

928 2311 1075 2352 plicatus
1092 2309 1135 2342 ad
1149 2309 1258 2342 Theb.
1272 2317 1324 2340 vr.
1341 2307 1444 2340 Addo
1460 2317 1557 2341 nunc
1567 2318 1636 2341 11011

926 2360 1068 2394 Jndaeos
1082 2360 1204 2399 solum,
1214 2358 1305 2401 quod
1321 2367 1365 2390 ex
1381 2368 1479 2390 sacra
1491 2357 1637 2392 historia

925 2414 1059 2450 notum,
1073 2409 1132 2441 sed
1149 2413 1184 2441 et
1198 2408 1409 2451 antiquiores
1424 2408 1636 2441 Christianos

924 2461 1016 2493 hune
1040 2470 1168 2493 morem
1194 2460 1348 2491 tenuisse
1363 2469 1374 2490 2
1397 2458 1635 2492 Tertullianus

927 2510 1157 2553 Apologetico
1171 2521 1179 2541 ε
1202 2511 1212 2527 ‘
1223 2510 1336 2541 Thura
1353 2509 1455 2551 plane
1465 2518 1534 2541 uon
1551 2502 1637 2542 emi-⁴

925 2572 1013 2595 mus.
1036 2562 1071 2594 Si
1085 2561 1221 2594 Arabiae
1234 2563 1438 2603 queruntur,
1450 2560 1562 2592 sciant
1575 2562 1636 2593 Sa-

926 2612 994 2644 haei
1031 2612 1138 2654 pluris
1167 2615 1205 2643 et
1241 2611 1354 2642 carius
1389 2620 1468 2642 suas
1503 2620 1634 2644 merces

927 2662 1135 2695 Christianis
1190 2660 1400 2702 sepeliendis
1445 2660 1634 2703 profligari,

925 2724 1027 2757 quam
1043 2709 1123 2746 Diis
1136 2712 1369 2755 fumigandis?
1393 2713 1546 2745 Bernart.

972 2767 1032 2797 tos
1055 2763 1225 2797 Extimui!
1246 2767 1321 2796 tune
1342 2762 1412 2804 ille]
1436 2762 1557 2805 Apage
1581 2763 1634 2794 in·

927 2819 1044 2858 eptam
1073 2813 1272 2849 lectionem.
1330 2813 1509 2848 scribatur
1536 2812 1635 2847 ocius
