1858 3112
429 231 471 263 P.
498 229 696 264 ῬΑΡιΝιι
729 231 895 264 surii
930 233 1078 265 san.
1111 234 1209 266 mn.
1232 233 1287 266 ιι.
1317 224 1360 266 7.

157 322 204 359 Et
224 323 360 368 juncta,
395 327 451 368 ξι.
483 326 607 360 Tibull.
641 326 683 359 ad
724 327 862 359 Mesall.

149 375 338 419 ‘Quinque
363 382 491 410 canent
529 378 644 410 vincto
668 377 758 420 pede
789 378 862 410 sive

155 426 294 460 solato!
309 427 440 461 Noster
449 428 594 471 Epiced.
607 429 743 461 Patris:
760 433 770 448 ‘
781 429 863 462 Sive

155 486 233 510 orsa
241 477 374 512 libebat
383 478 501 512 Aoniis
514 480 644 512 vincire
657 480 766 512 modis
777 490 787 521 ;
803 490 863 513 seu

154 537 239 573 yoce
254 529 369 562 soluta
382 529 578 573 Spargere!
591 530 690 562 Idem.

196 581 240 613 24
264 580 386 623 Foetiae]
408 580 582 614 Adversio
597 587 652 613 est
668 580 711 613 ad
727 580 861 613 Cordu-

153 627 232 663 bam
253 631 400 673 patriam
414 632 544 665 Lucani
563 642 572 664 z
597 632 717 675 quaein
734 631 861 674 Hispa-

150 679 208 714 nia
222 681 358 715 Baetica
379 687 448 717 est.
490 683 616 715 Pronus
628 683 765 725 meatus]
789 684 862 715 De-

150 731 259 770 clives
290 733 364 766 vias
389 733 424 766 in
448 743 608 767 occasum
635 733 862 776 Hyperionis.

149 781 331 825 Hyper-ion
359 784 452 818 Solis
477 789 515 818 et
535 785 643 818 Luuae
666 788 769 827 pater
784 784 863 826 fuit,

148 837 189 868 ut
202 834 326 873 scribit
340 835 526 869 Diodorus.
561 836 633 869 Pro
650 835 729 868 Sole
746 839 860 868 tamen

150 885 337 933 accipitur,
358 896 552 930 nomenque
581 886 702 927 habet,
717 892 756 918 ut
777 896 860 918 non-

147 937 232 974 nulli
244 938 449 973 Graecorum
457 935 716 981 sentiunt,rap&
722 937 760 970 τὸ
770 938 861 981 ὑπερ.

152 988 243 1032 term,
257 1001 277 1023 a
289 1000 423 1034 superno
436 1000 539 1024 cursu.
559 990 691 1023 Domit.

188 1043 232 1074 28
257 1041 421 1077 Tritonide
439 1041 583 1083 fertiles,
601 1041 672 1084 &cd
703 1041 858 1074 Tritonis

145 1094 371 1139 μιτυννμωῦς
395 1093 473 1131 olea
496 1093 666 1126 Palladia.
709 1093 859 1126 Marcel-

145 1143 200 1176 lus
223 1144 356 1181 Sidites
384 1144 420 1177 in
446 1144 584 1186 Fragm.
611 1143 812 1176 Ἀλιευτικῶν
841 1155 861 1177 a

144 1203 203 1227 me
230 1198 379 1238 utraque
408 1195 527 1236 lingua
563 1194 685 1228 edito:
724 1195 808 1227 Ζωοῦ
829 1196 858 1227 δ’

147 1244 298 1286 ἑψομένου
319 1243 464 1288 μεγάλου
499 1244 544 1278 ἐνὶ
574 1244 686 1286 τεύχεϊ
719 1245 860 1290 ’γόγγρου

145 1295 329 1330 Παλλαδίου
356 1295 508 1336 πλήθοντι
541 1296 636 1339 πυρὸς
672 1295 859 1339 καθύπερθεν

145 1346 265 1380 ἐλαίου.
298 1347 467 1389 Ingentem
497 1348 660 1388 Congrum
685 1350 714 1380 si
751 1348 858 1382 vitum

144 1399 252 1431 condia
276 1399 379 1432 aheno
406 1399 556 1434 Palladio
585 1401 765 1441 exundante
790 1401 857 1433 oleo

136 1449 346 1493 serventque
359 1451 396 1484 itt
420 1451 507 1493 igue.
550 1450 767 1493 Τριτογένειαν
789 1452 859 1485 AEa-

142 1501 264 1544 chylus
293 1503 330 1535 in
357 1503 502 1536 Eumen·
530 1514 551 1536 a
578 1505 721 1536 Tritone
747 1502 854 1537 fluvio

141 1554 309 1587 Minervae
322 1555 430 1588 natali
444 1555 587 1588 deducit
603 1566 612 1589 :
635 1555 753 1598 Τρίτων
765 1556 855 1594 Ἀθη-

143 1605 200 1638 νᾶς
212 1604 484 1649 γενέθλιοςπόροε.
526 1607 734 1640 Scholiastes
748 1607 856 1649 Apol-

140 1657 224 1690 lonii
247 1658 281 1691 in
311 1658 446 1701 Argon.
475 1659 598 1699 variat,
621 1659 739 1702 Τρίτων
764 1659 856 1693 πόλις

140 1707 269 1749 Λιβύης,
306 1709 358 1742 nat
387 1709 543 1743 Βοιωτίας·
571 1712 662 1743 δοκεῖ
686 1710 715 1744 δ’
742 1712 855 1750 Ἀθηνᾶ

141 1758 226 1802 παρὰ
251 1759 367 1802 θωτέρω
389 1761 492 1794 αὐτῶν
514 1761 751 1802 Ὺηενῆσθαι,ἤ
773 1762 856 1804 παρὰ

139 1811 178 1842 τὸ
190 1812 288 1853 τρεῖν.
326 1812 380 1844 De
396 1816 610 1854 trapetorum
626 1813 751 1855 quibus
767 1812 854 1845 oleae

139 1865 302 1895 teruntur
314 1861 460 1903 fabrica,
476 1862 563 1896 Cato
575 1863 619 1895 de
634 1863 668 1895 R
681 1863 737 1896 .R.
753 1872 786 1895 c.
798 1857 853 1895 22.

142 1912 329 1946 Turnebus
361 1912 510 1948 Advers.
540 1913 601 1947 lib.
618 1924 684 1947 xx.
712 1924 789 1957 cap.
820 1918 852 1948 7.

141 1963 272 1997 Mareu.
590 1958 593 1962 ‘

182 2017 225 2048 ⁸1
251 2015 323 2048 Hoc
351 2016 433 2057 plue,
458 2016 529 2058 εγω]
552 2017 687 2049 Seneca
714 2016 852 2050 Cordu-

138 2065 270 2107 bensis,
296 2070 333 2099 et
347 2066 471 2100 Junius
498 2067 614 2100 Gallio
637 2068 712 2109 ejus
728 2067 850 2102 frater.

137 2115 228 2150 vide
243 2116 364 2149 Senec.
376 2117 493 2159 Epist.
509 2119 584 2150 105.
607 2118 733 2150 Domit-

179 2169 224 2199 84
248 2166 350 2198 Graio
380 2166 533 2209 nobilior]
568 2166 672 2201 Quod
711 2172 850 2210 septem

138 2216 270 2260 oppida
307 2216 500 2250 Homerum
539 2217 604 2250 sibi
632 2218 851 2260 vindicarint,

137 2268 284 2310 Smyrna
300 2268 477 2310 videlicet,
491 2269 643 2310 Rhodus,
657 2269 848 2313 Colophon,

137 2317 325 2359 Salamina,
339 2319 544 2361 Ios,Argos,
556 2318 718 2361 Athenae,
736 2321 848 2354 tritius

136 2372 189 2402 est
200 2378 301 2413 quam
316 2375 356 2402 ut
366 2369 543 2403 admoneri
556 2370 698 2403 debeat.
731 2371 848 2414 Smyr-

136 2428 181 2451 na
211 2423 327 2452 tamen
349 2420 477 2462 potiori
500 2421 635 2453 calculo
658 2422 773 2463 patria
799 2423 848 2455 illi

136 2469 311 2504 tribuitur.
340 2470 508 2513 Papinius
522 2471 589 2504 huc
604 2473 848 2514 respicit‚Me·

134 2521 206 2554 lete
222 2520 390 2564 siquidem
408 2520 531 2554 fluvius
552 2527 632 2555 ante
654 2523 846 2566 Smyrnam.

135 2571 283 2605 Consule
295 2571 522 2614 Stephanum.
546 2573 702 2606 Bernart.

176 2623 218 2656 45
243 2621 309 2654 Sed
330 2626 448 2663 neptem
462 2622 558 2664 juga,
575 2624 646 2666 θα]
678 2624 757 2658 Hac
779 2638 844 2668 τρι-

134 2672 237 2716 mxv
255 2672 436 2716 περιφράσει
461 2675 497 2707 S.
520 2675 563 2708 P.
582 2676 628 2710 Q.
644 2676 686 2708 R.
731 2677 843 2711 Luca·

134 2734 215 2758 num
252 2725 330 2768 plus
358 2725 563 2768 praestitisse
593 2726 717 2767 innuit,
742 2738 843 2770 quain

135 2776 293 2819 Orphea.
315 2775 406 2819 quod
429 2777 439 2795 ‘
457 2777 627 2812 Romanos
650 2786 764 2809 rerum
782 2777 841 2810 do-

1509 215 1622 268 1691

911 326 965 359 nis
980 327 1032 359 sui
1047 327 1180 372 lepore,
1195 327 1294 371 quasi
1309 327 1436 371 ἐπαοιδῇ
1451 327 1623 362 elicuerit.

914 378 1042 412 Mareu.

954 431 999 461 48
1024 429 1203 462 Nocturnas
1216 430 1290 472 alii]
1310 430 1524 472 Argumento
1539 442 1623 474 ope·

911 479 958 512 ris
974 480 1154 522 anteponit
1171 482 1300 513 Lucani
1315 482 1437 523 poeina
1456 483 1624 524 Homero,

911 532 969 573 qui
987 531 1132 564 Iliadem
1146 532 1298 574 scripsit,
1312 533 1484 565 excidium
1497 534 1623 575 Troja’,

911 588 947 615 et
964 582 1170 624 odysseam,
1186 592 1320 614 errores
1332 584 1474 624 Ulyxis:
1490 590 1623 617 utrum-

911 644 978 677 que
1003 643 1089 676 opus
1112 634 1329 676 antiquitatis
1351 635 1555 676 ambagibus
1572 634 1623 667 fa-

910 684 1080 717 bulosum.
1127 685 1285 716 Lucanus
1310 695 1390 716 vero
1418 694 1472 717 res
1496 686 1621 717 Roma·

910 745 968 767 nas
990 735 1192 777 complexus
1212 740 1264 767 est
1289 736 1462 767 memoriae
1492 736 1561 769 fide
1584 743 1622 769 et

910 795 1024 818 rerum
1048 786 1227 819 nobilitate
1251 788 1528 829 praestantiores.
1550 787 1622 819 Do-

909 838 980 870 mit.

951 893 994 921 50
1023 890 1065 921 Et
1077 900 1209 931 puppem
1220 889 1420 922 temerariam
1443 889 1620 933 Minerva]

909 939 965 972 Ad
982 939 1132 972 fabulam
1151 950 1217 982 qua
1232 939 1329 982 Argo
1346 941 1457 982 prima
1482 941 1619 974 navium

909 990 954 1022 ab
984 990 1060 1032 ipsa
1085 991 1247 1023 Minerva
1269 990 1440 1023 aedificata
1462 990 1622 1033 fingitur,

908 1042 1138 1074 Tertullianus
1155 1042 1198 1074 de
1215 1042 1349 1074 Corona
1359 1042 1481 1074 Militis
1499 1053 1508 1076 z
1526 1043 1536 1060 ‘
1548 1042 1618 1086 Sed

909 1100 946 1128 et
967 1096 1125 1128 Minerva
1153 1090 1264 1138 prima
1287 1095 1406 1127 molita
1422 1095 1468 1128 sit
1484 1105 1620 1137 navem,

910 1146 1035 1179 videbo
1061 1146 1278 1189 navigantem
1301 1146 1428 1179 Jonam
1458 1150 1497 1180 et
1523 1146 1622 1189 Apo-

909 1197 1038 1231 stolos!
1060 1199 1213 1230 Bernart.

950 1253 991 1281 55
1015 1248 1121 1280 Ludes
1147 1247 1304 1289 Hectora]
1327 1248 1436 1282 Quasi
1453 1248 1618 1290 pra’ludi·

908 1309 964 1331 um
980 1299 1152 1341 grandiori
1168 1299 1265 1341 operi
1280 1299 1423 1332 scribes.
1447 1300 1535 1332 Nam
1552 1301 1618 1333 Lu.-

906 1360 1012 1383 canus
1036 1350 1240 1392 opusculum
1252 1350 1394 1391 juvenis
1410 1353 1619 1393 composuit,

907 1411 975 1444 quo
991 1400 1192 1443 complexus
1208 1405 1262 1433 est
1278 1406 1455 1433 certamen
1472 1399 1618 1435 Achillis

906 1457 943 1485 et
960 1452 1282 1494 Hectoris,iterque
1299 1452 1426 1484 Priami
1441 1453 1484 1485 ad
1501 1453 1620 1486 Achil-

905 1504 986 1544 lem,
1001 1514 1022 1536 a
1038 1513 1104 1546 quo
1121 1502 1270 1536 redemit
1284 1503 1449 1536 Hectoris
1465 1504 1617 1537 cadaver

906 1555 996 1588 datis
1013 1554 1225 1587 muneribus.
1269 1553 1310 1586 Id
1328 1558 1440 1586 totum
1465 1559 1617 1588 transtu-

906 1606 950 1638 lit
965 1616 1009 1639 ex
1027 1605 1145 1637 ultimo
1169 1603 1298 1636 iliados
1323 1604 1479 1638 Homeri.
1503 1606 1618 1638 Domi-

907 1656 985 1689 tius.
1019 1656 1240 1696 Thessalosque
1252 1655 1380 1696 currus]
1406 1654 1551 1689 Achillis
1566 1657 1617 1689 bi-

906 1717 968 1749 gas
993 1707 1115 1750 quibus
1139 1710 1297 1747 raptatus
1325 1705 1440 1739 fuerat
1471 1707 1617 1749 Hector,

906 1758 952 1791 Il.
970 1763 1008 1791 Φ.
1031 1759 1196 1791 Moreuus.

949 1814 995 1843 56
1015 1810 1140 1844 Aurum
1166 1810 1316 1853 supplex]
1336 1809 1518 1850 Describit
1542 1820 1616 1842 mu·-

906 1871 990 1894 nera
1005 1862 1129 1904 quibus
1146 1863 1305 1895 Priamus
1321 1863 1470 1904 supplex
1483 1861 1615 1893 Hecto-

905 1912 952 1944 ris
978 1923 1102 1955 corpus
1127 1913 1300 1946 redemit:
1331 1912 1474 1945 fuerunt
1498 1917 1614 1945 autem

903 1963 1086 1996 duodecim
1128 1964 1244 2006 pepla,
1274 1964 1421 1997 totidem
1460 1963 1614 2003 clilaenae,

905 2019 1046 2056 tapetes
1085 2015 1245 2052 totidem.
1277 2014 1424 2048 totidem
1455 2014 1613 2047 albentes

899 2072 1030 2109 vestes.
1073 2066 1248 2099 Homerus
1262 2065 1383 2098 ultima
1397 2065 1521 2098 Iliade.
1544 2066 1615 2098 Do-

900 2117 971 2150 mit.

945 2170 987 2200 5⁷
1011 2167 1205 2209 Inferni-um]
1241 2167 1397 2200 Diximus
1434 2166 1527 2199 Adv.
1550 2168 1612 2201 lib.

901 2227 1016 2250 xxin.
1039 2228 1116 2259 cap.
1140 2221 1171 2250 3.
1195 2217 1423 2260 peculiariter
1445 2218 1500 2250 hic
1517 2218 1612 2251 innui

902 2269 1036 2301 Lucani
1046 2279 1131 2310 opus
1142 2280 1152 2301 ι
1164 2268 1441 2310 Descriptionem
1451 2269 1612 2301 nimirum

900 2318 1107 2352 Inferorum.
1128 2319 1230 2354 Quod
1241 2319 1423 2352 verisimile
1434 2325 1611 2362 utcunque

901 2371 959 2403 sit.
989 2371 1110 2403 Possit
1122 2371 1211 2403 enim
1226 2370 1393 2403 reseratio
1406 2371 1479 2402 liaec
1492 2370 1535 2403 ad
1548 2371 1614 2403 Or·

901 2422 1025 2463 plieum
1049 2421 1143 2461 duci,
1166 2421 1263 2463 cujus
1285 2421 1413 2453 mentio
1442 2422 1611 2463 sequitur.

900 2472 1044 2504 Scilicet
1060 2475 1097 2504 ut
1105 2472 1293 2514 eumlongo
1301 2471 1452 2504 carmine
1470 2472 1511 2504 ad
1526 2472 1612 2504 Plu-

899 2527 1014 2555 tonem
1040 2521 1237 2559 deduxerit.
1259 2527 1297 2555 et
1325 2522 1405 2554 inde
1430 2522 1611 2556 reduxerit

899 2575 1072 2614 Lucanus,
1088 2578 1124 2606 et
1137 2573 1361 2606 continuetur
1375 2573 1476 2615 hujus
1492 2584 1611 2606 versus

897 2625 1072 2658 sententia
1087 2624 1323 2666 sequentibus.
1367 2623 1470 2658 Prior
1493 2630 1609 2657 tamen

897 2675 1070 2718 expositio
1086 2675 1286 2710 concinnior
1300 2674 1451 2709 videtur.
1478 2676 1593 2707 Barth.

940 2729 982 2760 68
1006 2727 1161 2766 Ingratus
1188 2726 1289 2767 Nero,
1303 2725 1373 2768 Qua]
1399 2727 1478 2758 Non
1507 2730 1609 2758 vacat

895 2778 960 2819 hoc
996 2777 1073 2808 loco
1106 2775 1261 2809 refutare
1291 2777 1512 2819 interpretes,
1549 2776 1607 2817 qui

133 2827 257 2870 minos,
282 2833 491 2874 gentemque
515 2826 693 2872 togatam:
719 2832 841 2866 cai-mi-
892 2830 989 2863 aiunt
1000 2827 1179 2869 Calliopen
1213 2827 1268 2862 hic
1285 2827 1458 2863 Neronem
1473 2825 1616 2870 alloqui,
