1846 3120
270 254 382 298 1122
748 266 800 298 Ρ.
834 265 1027 299 namu
1058 265 1227 300 srmu
1271 277 1277 285 ³

270 360 466 404 Turbine
487 361 732 415 praevectus
749 360 926 416 rapido,
947 364 1011 404 ter
1030 363 1208 414 sustulit
1227 363 1416 418 hastam,
1468 410 1472 413 ,
1507 388 1510 389 ⁷
1536 388 1538 390 ·
1671 414 1673 416 ,
1698 377 1732 419 Ἴ
1766 419 1769 421 ,

268 429 359 471 Ter
379 428 608 470 concussit
627 440 781 482 equos,
799 428 1003 484 clypeum
1023 433 1088 471 ter
1106 434 1290 484 pectore
1309 431 1496 486 plausit,
1535 454 1543 480 ;
1569 448 1571 451 ·
1728 482 1731 483 ⁷

268 495 421 546 Arma,
442 507 564 536 arma
583 495 739 546 insani,
762 507 845 538 sua
865 496 1070 551 quisque,
1091 497 1334 553 ignotaque
1353 500 1481 542 nullo
1522 540 1524 544 .
1641 496 1728 550 135

269 564 400 606 More
418 562 549 616 rapit,
570 565 738 604 mutant
757 562 925 616 galeas,
947 563 1178 618 alienaque
1200 570 1364 618 cogunt

270 630 342 672 Ad
356 630 464 684 juga
485 629 776 684 cornipedes:
806 630 929 672 ferus
951 631 1069 672 omni
1089 631 1135 673 in
1155 636 1340 686 pectore
1361 634 1494 677 saevit

268 696 429 738 Mortis
451 709 588 747 amor,
608 697 858 752 caedisque:
888 697 997 740 nihil
1017 698 1307 753 flagrantibus
1331 702 1495 745 obstat.

267 764 569 818 Praecipitant,
588 764 897 819 redimuntque
919 778 1066 807 moras
1084 777 1095 806 z
1126 767 1191 808 sic
1211 767 1366 810 littora
1384 771 1515 818 vento

267 830 733 887 Incipientefremunt,
756 831 922 884 fugitur
942 844 1044 874 cum
1063 837 1219 887 portus
1240 835 1418 891 ubique,
1586 840 1602 866 '2
1638 837 1725 880 140

266 897 380 940 Vela
399 898 554 948 fluunt,
574 898 668 939 laxi
682 897 906 953 jactantur
926 900 1095 955 ubique
1110 901 1332 944 rudentes.
1710 921 1713 923 ·

265 964 457 1019 Jamque
477 967 628 1006 natant
646 966 767 1017 remi,
789 969 914 1008 natat
931 968 1072 1009 omnis
1091 968 1139 1009 in
1158 981 1335 1023 aequore
1354 982 1530 1017 summo

264 1030 459 1082 Ancora,
473 1031 570 1085 jam
590 1031 735 1073 dulcis
756 1032 888 1074 medii
909 1033 963 1075 de
982 1034 1149 1088 gurgite
1169 1036 1297 1090 ponti

265 1098 527 1153 Respicitur
546 1099 693 1150 telluS‚
717 1100 988 1155 comitesque
1008 1113 1037 1142 a
1057 1115 1206 1156 puppe
1225 1103 1382 1145 relicti.
1651 1155 1653 1157 ¹

256 1164 449 1208 Viderat
469 1166 675 1208 Inachias
693 1167 898 1220 rapidum
916 1168 1160 1221 glomerare
1181 1170 1384 1213 cohortes
1513 1192 1517 1196 ¹
1631 1173 1722 1216 '145

264 1232 469 1275 Bacchus
490 1233 600 1276 iter:
632 1235 794 1287 gemuit
809 1235 990 1290 Tyriam
1012 1249 1254 1286 conversus
1275 1238 1333 1279 ad
1353 1237 1520 1290 urbem,

262 1298 561 1355 Altricemque
583 1300 777 1361 domum,
798 1304 844 1343 et
863 1302 1035 1356 patrios
1055 1304 1351 1347 reminiscitur
1369 1304 1513 1359 ignes,

260 1429 379 1470 impetu
393 1431 481 1463 circa
495 1431 613 1465 limites
626 1443 726 1465 sacrae
741 1434 844 1474 vallis,
856 1437 905 1466 ter
919 1434 1040 1466 hastam
1054 1435 1169 1474 erexit,
1179 1439 1229 1468 ter
1236 1446 1327 1477 equos
1340 1435 1419 1477 egit,
1430 1439 1480 1468 ter
1491 1436 1723 1477 ’'emnaresecit

260 1476 380 1504 scutum
395 1475 436 1505 ad
448 1478 566 1515 pectus,
578 1475 712 1508 clamant
727 1476 995 1515 amentes,Arma,
1006 1478 1121 1509 Arma.-
1145 1480 1352 1520 unusquisque
1364 1489 1421 1511 sua
1431 1479 1530 1520 rapit,
1544 1482 1574 1511 et
1589 1489 1650 1511 non
1663 1489 1722 1512 sua

259 1516 344 1546 nullo
358 1516 548 1549 discrimine.
595 1518 740 1550 Cassides
759 1522 950 1559 permutant,
964 1523 997 1550 et
1012 1519 1155 1559 jungunt
1169 1530 1260 1561 equos
1281 1523 1322 1554 ad
1336 1522 1453 1554 alienos
1467 1531 1588 1555 currus.
1632 1521 1721 1553 Dim

260 1558 384 1589 Martis
399 1559 520 1600 cupido,
534 1564 565 1592 et
572 1560 732 1598 fundendi
744 1561 906 1599 sanguinis
911 1560 1000 1599 furit
1019 1562 1054 1593 in
1069 1563 1206 1594 omnium
1221 1565 1321 1596 corde.
1366 1564 1460 1596 Nihil
1467 1565 1610 1596 ardentes
1621 1563 1720 1598 sistit.

261 1599 441 1637 Festinant,
469 1605 501 1633 et
526 1602 583 1634 hac
606 1603 766 1635 celeritate
789 1604 970 1635 dilationem
994 1608 1204 1645 compensant.
1250 1605 1307 1638 Sic
1330 1606 1410 1647 ripoe
1437 1610 1580 1646 strepunt
1601 1606 1720 1640 oriente

258 1646 363 1681 vento,
376 1653 444 1675 cum
457 1645 567 1685 ubique
578 1649 687 1685 portus
699 1646 897 1686 relinquitur,
912 1647 979 1677 vela
992 1647 1192 1688 descendunt,
1206 1650 1236 1679 et
1250 1649 1345 1680 soluti
1359 1648 1457 1686 funes
1477 1647 1721 1689 ubiqzaejaciun-

259 1686 331 1716 tur.-
345 1685 475 1726 jamque
489 1688 568 1718 remi
573 1688 721 1728 fluitant,
726 1688 796 1726 jam
811 1698 913 1720 omnes
927 1689 1068 1720 anchorae
1074 1690 1212 1730 fluitant
1227 1690 1261 1722 in
1280 1700 1397 1731 summo
1412 1691 1504 1732 mari,
1521 1691 1593 1731 jam
1607 1688 1731 1732 blanda]

259 1729 344 1759 terra
358 1731 516 1769 spectatur
529 1731 567 1762 de
579 1731 710 1770 gurgite
724 1731 819 1762 medii
832 1732 943 1771 maris,
958 1734 990 1762 et
1003 1742 1023 1763 α
1037 1741 1115 1763 nave
1139 1732 1233 1764 amici
1247 1733 1354 1765 relicti
1367 1734 1401 1765 in
1415 1735 1534 1766 littore.
1547 1773 1550 1776 Ι
1577 1733 1738 1774 Baccheu-
1766 1741 1771 1746 “

258 1774 424 1809 aspexerat
438 1772 541 1812 copias
555 1773 695 1812 Argivas
709 1774 833 1813 magnis
851 1773 1018 1805 itineribus
1042 1776 1237 1807 contendere.
1280 1775 1476 1817 Suspimvst,
1498 1774 1721 1816 respiciens'ad

262 1811 389 1855 Tyriam
401 1813 572 1857 civitatem,
585 1819 618 1848 et
642 1817 824 1848 recordatur
847 1816 989 1848 nutrices
1013 1818 1108 1859 cedes,
1130 1820 1161 1849 ct
1183 1817 1307 1859 patrias
1324 1818 1484 1860 flammas.
1530 1817 1719 1851 Rubicunda

877 1922 918 1936 ‘O
922 1922 1084 1936 “MC“
1089 1924 1109 1937 O

257 1995 480 2036 membranae,
496 1996 639 2029 Amstel.
657 1997 809 2030 Gronov.
825 1998 945 2030 Barth.
965 1998 1076 2031 Veen.
1095 2001 1132 2030 et
1156 1997 1388 2039 Daph—133
1413 1999 1576 2040 Optimus
1592 2000 1719 2033 Barth-

257 2039 369 2078 ianus,
392 2039 624 2072 rabida—134
649 2041 709 2072 Ter
728 2041 878 2072 contorsit
900 2050 994 2081 equos
1021 2042 1110 2073 Dan.
1134 2040 1257 2072 Petav.
1274 2041 1378 2074 Aldd.
1402 2042 1511 2074 Colin.
1526 2042 1659 2083 Gryph.
1681 2047 1719 2075 et

257 2081 365 2114 Basil.
385 2081 444 2113 Ter
457 2082 608 2114 concussit
631 2092 722 2123 equos
747 2083 886 2124 optimae
911 2083 1047 2115 Barthii
1072 2083 1291 2123 membranae,
1317 2085 1426 2124 Lang.
1455 2085 1556 2117 Laut.
1583 2085 1716 2118 Buslid.

258 2124 410 2164 Lipsian.
426 2124 507 2156 Put.
524 2124 666 2157 Amstel.
688 2125 839 2158 Gronov.
865 2126 984 2158 Barth.
1012 2126 1121 2158 Veen.
1147 2130 1182 2158 et
1202 2126 1332 2166 Delph.
1375 2125 1464 2158 Vide
1479 2128 1572 2159 Dan.
1593 2127 1717 2160 Heius.

258 2166 299 2197 ad
312 2166 488 2198 claudian.
505 2167 607 2208 Rapt.
623 2167 787 2209 Proserp.
802 2177 843 2200 11.
860 2171 935 2200 122.
982 2167 1135 2209 Optimae
1152 2168 1284 2200 Barthii
1300 2168 1527 2201 membranae:
1549 2169 1654 2211 clypeo
1668 2174 1718 2203 ter

252 2212 379 2249 pectora
392 2210 507 2249 plausit
518 2220 531 2247 ;
554 2210 620 2241 duo
633 2210 689 2241 alii
706 2209 880 2250 ejusdem:
904 2212 1043 2252 clypeum
1055 2210 1104 2242 ter
1117 2214 1242 2252 pectora
1254 2212 1499 2251 plangit.——187
1522 2212 1614 2245 Dan.
1634 2212 1719 2245 Pur.

257 2251 379 2283 Petav.
397 2252 503 2292 Lang.
520 2253 620 2283 Laur.
635 2253 770 2284 Buslid.
789 2253 939 2294 Lipsian.
954 2253 1058 2285 Aldd.
1074 2253 1184 2286 Colin.
1209 2253 1343 2295 Gryph.
1363 2254 1471 2286 Basil.
1493 2254 1610 2287 Plant.
1633 2255 1718 2286 omm‘

251 2297 496 2334 pectora—138
522 2294 642 2326 Martis
656 2305 741 2326 amor
767 2297 926 2327 Petrens.
948 2296 1086 2327 Taurin.
1102 2296 1221 2327 Burm.
1234 2296 1360 2328 Petav.
1376 2297 1483 2338 Lang.
1506 2297 1609 2329 Laur.
1627 2296 1717 2331 Bus-

256 2335 314 2366 lid.
336 2336 487 2376 Lipsian.
500 2341 539 2368 et
555 2337 633 2369 edd.
657 2343 742 2369 vett.
758 2339 927 2378 probante
943 2339 1163 2377 Burmanno;
1184 2338 1307 2370 Mortis
1321 2349 1407 2370 umor
1426 2339 1565 2380 optimae
1583 2338 1722 2378 Bar-mii⁴

255 2378 477 2419 membranae,
497 2379 589 2411 Dan.
607 2380 690 2413 Put.
707 2390 792 2412 unus
811 2381 935 2414 Behot.
946 2380 1091 2414 Amstel.
1109 2381 1262 2421 Gronov.
1278 2381 1399 2415 Barth.
1414 2382 1523 2414 Veen.
1535 2386 1571 2415 et
1585 2381 1714 2424 Delph.

912 2478 1055 2511 No'rAE

299 2551 362 2581 139
388 2549 616 2591 Redimuntque
637 2551 755 2592 moras]
779 2551 887 2585 Quasi
902 2562 970 2584 acm
1054 2554 1116 2584 145
1141 2539 1304 2592 Inachias]
1327 2551 1486 2593 Argivas.

255 2597 438 2630 celerando
454 2598 666 2631 redimerent
674 2605 822 2643 tempus,
837 2612 905 2644 quo
921 2603 957 2634 in
1054 2605 1117 2634 146
1141 2602 1284 2644 Tyriam]
1305 2602 1513 2634 Thebanam.

254 2646 470 2679 celebrandis
483 2648 571 2680 ludis
587 2651 706 2682 morati
720 2656 811 2683 sunt.
1023 2674 1026 2676 Α
1052 2655 1114 2684 147
1139 2653 1184 2684 Et
1205 2652 1329 2694 patrios
1365 2651 1578 2684 reminiscitur
1605 2650 1714 2692 ignea]

298 2699 360 2728 142
382 2697 517 2738 Jamque
540 2703 651 2731 nutant
674 2700 768 2741 remi]
793 2701 861 2733 Hic
876 2711 954 2734 ver·
1009 2703 1099 2737 Quia
1109 2702 1269 2735 Bacchus
1286 2708 1387 2736 natus
1409 2701 1526 2734 fuerat
1539 2701 1628 2732 inter
1642 2710 1711 2733 me·

255 2756 311 2779 sus
335 2746 474 2790 duoque
496 2754 679 2791 sequentes
710 2751 846 2793 Guyeto
883 2761 953 2785 sus·
1009 2752 1082 2784 dios
1099 2753 1195 2794 ignes
1211 2752 1334 2794 quibus
1360 2753 1493 2786 Semele
1508 2755 1620 2784 mater
1635 2750 1710 2795 ejus

254 2797 359 2840 pecti.
1007 2801 1242 2845 conflagravit.
