1846 3120
273 215 387 258 1386
775 220 815 251 Ρ.
848 219 1038 251 PAPJNn
1069 218 1244 259 sTA'rii-
1285 238 1290 242 .

273 320 416 376 (Nam
430 316 609 374 jaculiS‚
628 314 828 369 coeloque
848 314 971 367 vagis
988 325 1093 368 spes
1111 312 1229 355 unde
1255 311 1430 366 sagittis
1444 310 1488 367 Ἰ)

276 387 445 429 Verum
464 383 583 426 avidi
601 385 645 424 et
663 385 881 424 tormenta
898 384 1057 431 rotant,
1079 383 1122 422 et
1141 380 1335 430 molibus
1354 385 1535 434 urgent„

278 455 364 497 Ille
383 465 463 494 nec
483 449 686 503 ingestis,
705 462 787 491 nec
807 454 934 503 terga
953 448 1243 502 sequentibus
1263 460 1456 502 unquam

280 518 539 563 Detrahitur
558 517 675 567 telis,
696 529 929 570 vacuoque
951 516 1034 557 sub
1056 515 1158 562 aere
1178 515 1374 575 pendens
1432 552 1434 554 .

281 588 425 629 Plana
444 585 566 627 velut
584 588 702 626 terra
722 588 867 625 certus
887 582 1072 636 vestigia
1087 582 1207 635 figat,

281 653 452 701 Tendit,
475 656 519 694 et
536 651 701 704 ingenti
720 651 838 692 subit
856 653 1115 701 occurrente
1137 650 1278 692 ruina.

283 719 442 777 Amnis
462 723 509 761 ut
524 719 780 760 incumbens
799 717 991 771 longaevi
1012 717 1174 759 robora
1194 718 1347 771 pontis

285 787 493 830 Assiduis
515 788 740 840 oppugnat
760 785 912 839 aquis:
937 784 1033 839 jam
1055 796 1169 826 saxa
1182 784 1407 836 fatiscunt,

286 855 545 907 Emotaeque
566 853 732 894 trabes:
762 856 883 894 tanto
903 852 1136 894 violentior
1154 852 1229 894 ille

285 921 450 977 (Saevit
469 920 582 961 enim
603 919 772 974 majore
791 917 906 974 salo)
923 923 1207 974 quassatque,
1228 918 1446 974 trahitque

288 988 463 1030 Molem
481 999 660 1040 aegram,
681 999 825 1028 nexus
844 986 982 1028 donec
1003 986 1120 1028 celer
1139 986 1291 1029 alveus
1312 999 1465 1030 omnes

1645 444 1742 515 seo-

1640 764 1736 853 aas

289 1100 371 1142 ande
379 1120 448 1152 spes
457 1111 489 1142 in
492 1110 621 1152 jaculis,
636 1112 742 1143 telisve
758 1111 933 1144 errantibus
941 1121 997 1153 per
1007 1112 1109 1144 aerem
1119 1110 1152 1154 11)
1162 1121 1268 1144 verum
1279 1113 1423 1145 ardentes
1434 1115 1574 1163 torquent
1582 1112 1742 1150 machinas
1787 1090 1790 1093 X
1839 1130 1846 1139 η

291 1156 324 1184 et
332 1157 477 1194 premunt
491 1164 559 1186 eum
572 1155 712 1187 molibus.
749 1155 810 1186 Ille
823 1164 878 1186 nec
893 1155 943 1186 his
957 1154 1081 1194 injectis
1090 1155 1283 1192 deturbatur,
1293 1165 1349 1187 nec
1362 1155 1493 1195 sagittis
1507 1158 1632 1196 tergum
1645 1155 1741 1196 impe-

291 1196 439 1236 tentibus,
450 1201 479 1228 ee
491 1207 655 1238 suspensas
668 1198 703 1229 in
716 1197 805 1229 inani
816 1197 899 1236 aiire,
909 1200 1013 1229 certus
1021 1198 1119 1237 vadit,
1132 1201 1278 1238 tanquam
1291 1202 1415 1238 poneret
1428 1198 1542 1239 pedes·
1529 1206 1564 1229 ιη
1573 1197 1742 1246 tequemio,

292 1241 323 1269 et
339 1220 519 1278 ingreditur
531 1250 645 1280 magna
659 1241 751 1271 ruina
764 1243 952 1272 occurrente.
1002 1241 1046 1272 Ut
1059 1239 1181 1281 fluvius
1195 1241 1369 1272 incumbens
1382 1240 1568 1289 aggreditur
1589 1239 1744 1272 continuis

285 1280 439 1321 fluctibus
452 1283 560 1313 molem
569 1282 684 1314 veteris
699 1282 825 1324 pontiu
830 1282 910 1333 jam
930 1282 1048 1323 lapides
1066 1285 1191 1324 nutant,
1201 1285 1234 1314 et
1245 1284 1390 1314 secedunt
1403 1283 1514 1322 tigna.-
1535 1286 1566 1314 et
1584 1283 1637 1314 iue
1655 1281 1744 1313 vehe-

292 1323 428 1355 mentior
439 1323 620 1366 (grassatur
634 1325 715 1356 enim
725 1325 838 1365 mqy'ori
851 1325 969 1356 cumulo
983 1324 1152 1367 undarum)
1162 1325 1310 1365 conciuit,
1329 1329 1360 1357 et
1373 1326 1465 1357 solvit
1478 1326 1586 1357 molem
1592 1323 1745 1363 fatiscen-

293 1368 376 1404 tem‚·
387 1367 482 1399 donec
492 1367 795 1409 rapidumfluentum
805 1367 968 1409 abrumpat
980 1370 1076 1399 totam
1087 1377 1275 1415 compagem,
1284 1371 1315 1400 et
1326 1377 1420 1400 ovans
1429 1377 1494 1400 sese
1502 1366 1642 1409 effundat
1651 1366 1746 1399 libero

901 1461 959 1475 On
962 1461 1019 1474 m
1022 1462 1142 1475 “CO“

297 1525 377 1558 edd.
395 1529 479 1558 vett.
504 1526 595 1558 Vide
620 1527 704 1558 Not.
721 1527 804 1559 Var.
827 1536 907 1568 spes
920 1537 982 1559 una
995 1527 1133 1559 Behott.
1149 1530 1180 1560 1.
1194 1529 1333 1559 2.-860
1354 1527 1365 1545 ⁴
1381 1526 1424 1559 In
1448 1525 1514 1558 fine
1527 1535 1645 1559 versus
1670 1535 1745 1559 enm

284 1569 408 1601 tribus
424 1569 621 1601 melioribus
646 1569 739 1600 libris
754 1569 970 1601 scribendum
996 1569 1146 1611 usquam!
1168 1570 1276 1601 Barth
1280 1572 1394 1602 .—-865
1417 1570 1562 1602 Assiduis
1585 1569 1749 1610 impugnat

298 1621 384 1643 unus
400 1612 523 1643 Behot.
529 1614 631 1643 -867
655 1611 757 1643 Sentit
769 1612 852 1644 enim
866 1612 947 1644 Put.
969 1612 980 1630 ‘
995 1613 1075 1644 Duo
1091 1612 1339 1644 membranacei
1354 1617 1487 1644 veteres
1514 1611 1591 1643 libri
1609 1620 1676 1644 non
1691 1621 1749 1653 ag-

298 1658 446 1686 noscunt
472 1655 560 1685 hunc
583 1664 731 1686 versum.
776 1654 942 1695 Agnoscit
967 1655 1127 1696 optimus,
1149 1661 1184 1686 et
1211 1655 1341 1696 optime
1361 1654 1510 1704 quidem.
1555 1654 1634 1686 Non
1659 1655 1750 1686 enim

301 1702 420 1739 potest
444 1697 621 1729 commode
645 1697 779 1738 abesse,
803 1702 840 1729 et
863 1702 918 1730 est
943 1697 1108 1729 eruditior
1138 1707 1237 1739 quam
1260 1707 1320 1739 pro
1346 1697 1509 1729 insititio.’
1530 1696 1751 1730 Barth—869

958 1788 1100 1822 NOTAE

264 1880 272 1893 ,
300 1854 367 1886 nisi
382 1863 483 1895 quem
499 1853 574 1895 ipsa
589 1857 799 1886 monstrante
817 1854 1001 1895 percussis-

302 1909 394 1938 sent:
405 1908 517 1936 certos
531 1903 634 1935 etiam
648 1913 765 1935 eorum
780 1903 867 1935 ictus
878 1902 1000 1943 fuisse3

303 1964 380 1988 cum
397 1955 469 1986 haec
485 1954 556 1985 sola
572 1954 666 1995 genti
686 1964 780 1985 arma
802 1954 943 1995 fuerint,
966 1953 1001 1986 id

305 2015 406 2038 unum
419 2005 461 2036 ab
477 2004 621 2037 infantia
637 2005 797 2037 studium.
836 2005 894 2036 Eis
905 2009 1004 2037 erant

305 2060 376 2088 tres
405 2054 540 2086 fundae:
571 2063 638 2086 una
666 2060 772 2095 caput
797 2055 1002 2096 cingebant3

305 2105 416 2138 altera
429 2109 601 2144 ventrem;
627 2105 765 2136 tertiam
789 2104 824 2136 in
850 2105 1003 2137 manibus

282 2172 287 2175 κ
307 2155 501 2197 gestabant.
546 2154 665 2186 Funda
677 2155 782 2187 semel
798 2158 931 2186 tantum
940 2154 1004 2187 cir-

308 2215 351 2238 ca
373 2210 478 2247 caput
494 2205 686 2242 rotabatur,
702 2209 844 2237 auctore
860 2206 1008 2247 Vegetio

306 2257 368 2289 lib.
394 2265 452 2288 111.
481 2265 557 2297 cap.
586 2258 639 2289 23.
682 2255 865 2287 Diversum
896 2260 1011 2287 tamen

310 2307 401 2349 apud
426 2307 607 2348 Virgilium
622 2305 755 2338 AEneid.
769 2315 822 2338 ιι.
843 2310 1013 2338 servatum

310 2359 465 2391 videbis:
494 2359 503 2376 ‘
522 2358 734 2391 Stridentem
757 2357 1011 2399 fundam'posi-

311 2410 357 2441 tis
373 2409 565 2441 Mezentius
582 2408 682 2440 armis
697 2408 780 2450 Ipse
792 2411 848 2440 ter
863 2407 1011 2440 adducta

313 2459 440 2491 circum
457 2463 563 2500 caput
578 2459 648 2500 egit
662 2459 814 2491 habena:
839 2459 885 2491 Et
899 2459 1014 2491 media

315 2509 450 2540 adversi
475 2508 662 2550 liquefacto
691 2513 847 2550 tempora
871 2509 1012 2550 piumbo

314 2557 463 2599 Diffidit‚
474 2568 514 2590 ae
529 2559 636 2590 multa
651 2563 844 2600 porrectum
857 2559 1014 2592 extendit

316 2608 443 2640 arena?
487 2608 648 2639 Baleares
664 2612 775 2640 autem
792 2609 909 2641 insulae
936 2609 1013 2641 duae

318 2664 398 2690 sunt
427 2659 460 2690 in
492 2657 575 2689 mari
606 2658 873 2701 Mediterranea,
899 2660 1017 2692 Tarra-

319 2710 456 2741 conensi
484 2708 661 2749 Hispaniae
687 2708 853 2750 obversae,
875 2719 1016 2753 quarum

319 2759 427 2803 maJor
454 2758 552 2791 hodie
568 2757 723 2798 quorca,
745 2759 853 2792 minor
873 2760 1018 2793 Mirum-u

1055 1854 1195 1886 dicitur.

1098 1907 1162 1936 858
1186 1904 1265 1945 Spes
1299 1905 1381 1936 unde
1408 1904 1554 1946 sagittis]
1583 1905 1753 1938 Nimirum

1056 1954 1227 1986 interdum
1244 1963 1311 1995 quo
1327 1962 1497 1994 caremus,
1509 1954 1649 1994 cujusve
1665 1955 1754 1997 poti-

1055 2003 1136 2035 undi
1152 2004 1206 2034 vel
1221 2003 1314 2034 nulla
1325 2007 1392 2043 est,
1409 2004 1463 2035 vel
1481 2002 1628 2036 difficilis
1639 2006 1755 2048 copia,

1057 2054 1100 2086 de
1130 2055 1188 2086 ino
1221 2053 1402 2086 dicebant:
1439 2054 1450 2072 ⁴
1463 2054 1565 2087 Unde
1597 2055 1678 2088 mihi
1698 2066 1754 2090 res

1057 2106 1117 2138 illa
1128 2106 1150 2137 ?’
1171 2109 1207 2137 et
1229 2105 1240 2123 ‘
1252 2104 1344 2137 unde
1371 2114 1441 2137 rem
1463 2106 1556 2139 illam
1581 2107 1662 2139 mihi
1675 2107 1700 2140 ?'
1721 2113 1758 2141 et
1808 2093 1810 2095 Ι

1058 2157 1067 2174 ‘
1085 2155 1175 2187 unde
1190 2155 1273 2187 illud
1283 2154 1308 2187 ?’-
1336 2155 1425 2187 Nam
1443 2157 1518 2198 quis
1533 2160 1652 2198 speret
1659 2157 1759 2199 jacu-

1060 2206 1103 2237 lis
1119 2210 1179 2237 aut
1195 2204 1328 2247 sagittis
1352 2214 1465 2237 muros
1481 2215 1581 2247 posse
1599 2207 1759 2239 defendi?

1064 2256 1193 2287 Noster
1207 2255 1265 2287 lib.
1280 2264 1330 2287 vr.
1374 2256 1385 2273 ‘
1398 2255 1499 2287 Unde
1514 2264 1577 2296 ego
1591 2256 1681 2289 bella
1697 2257 1761 2289 tibi

1064 2306 1266 2347 Thebasque
1282 2306 1399 2346 ignara
1411 2306 1566 2338 timerem
1578 2306 1607 2338 Γ

1107 2358 1170 2388 864
1191 2354 1305 2387 Amnis
1313 2358 1350 2386 ut
1363 2355 1552 2397 incumbens]
1575 2356 1662 2390 Haee
1673 2367 1763 2390 com-

1062 2406 1196 2449 paratio
1234 2406 1372 2446 Gnyeto
1412 2411 1577 2448 suspecta
1606 2412 1672 2445 est.
1701 2404 1762 2441 sed

1065 2457 1145 2489 mihi
1160 2465 1225 2488 non
1242 2455 1456 2488 incommoda
1471 2457 1621 2490 videtur.
1639 2461 1642 2464 '

1108 2509 1171 2538 867
1195 2506 1284 2547 Salo]
1306 2506 1449 2538 Poetice
1465 2516 1527 2548 pro
1549 2517 1710 2550 aquarum
1727 2513 1765 2541 et

1067 2556 1232 2589 undarum
1243 2556 1346 2588 mole.
1389 2556 1487 2598 Vin-g.
1514 2557 1592 2588 AEn.
1608 2565 1635 2589 ι.
1657 2557 1766 2589 ‘Per-

1068 2617 1134 2650 que
1162 2607 1270 2639 undas
1301 2612 1483 2648 superante
1513 2607 1600 2646 salo,
1632 2616 1765 2650 perque

1069 2658 1160 2691 invia
1174 2667 1255 2689 saxa
1269 2656 1447 2699 Dispulit!

1111 2712 1175 2741 868
1198 2708 1316 2740 Molem
1341 2707 1474 2748 oegram]
1498 2706 1701 2750 Invalidum,
1727 2711 1764 2741 et

1066 2762 1138 2804 jam
1154 2764 1359 2804 quassatam.
