1846 3120
310 242 423 285 14:30
801 251 842 281 P.
874 250 1064 282 numu
1096 250 1259 283 surii

311 346 593 388 obstaturam
614 344 788 394 animiS,
806 345 1015 399 princeps
1033 349 1200 398 natura,
1221 348 1401 391 creabas
1415 350 1436 391 ‘l

310 412 390 454 Nil
403 413 498 466 jam
519 425 603 464 ego
624 424 699 466 per
718 413 924 466 populoS,
942 425 1162 468 nusquam
1180 416 1422 458 reverentia
1438 415 1594 459 nostri.

310 478 351 520 O
371 479 504 528 furor,
526 491 553 519 o
575 478 785 526 homines,
806 479 1000 532 diraeque
1021 479 1306 523 Prometheos
1327 483 1470 524 artes!

310 545 457 599 Quam
478 546 585 586 bene
603 549 707 598 post
727 545 940 600 Pyrrham
959 546 1090 588 tellus
1109 552 1363 602 pontusque
1381 549 1625 592 vacabant!

308 613 378 656 En
398 612 580 653 mortale
599 612 754 665 genus!
786 612 940 654 Dixit:
972 614 1287 669 speculataque
1307 621 1498 669 tempus,

308 678 535 719 Auxilium
555 683 783 728 tentemus,
804 680 881 728 ait,
902 679 1009 722 licet
1027 680 1150 721 irrita
1171 693 1318 722 coner.

309 744 589 799 Desiluitque
608 746 740 799 polo:
770 746 925 787 niveus
946 747 1026 787 sub
1047 747 1237 788 nubibus
1257 748 1361 789 altis

307 810 571 864 Quanquam
591 814 756 853 moesta
777 812 886 853 Deae
907 813 1106 866 sequitur
1126 813 1314 866 vestigia
1332 813 1476 856 limes.

310 877 401 918 Vix
421 882 601 920 steterat
620 891 797 932 camp0,
814 879 960 920 subita
979 892 1282 921 mansuescere
1304 893 1418 934 pace

305 943 512 997 Agmina,
532 946 764 999 sentirique
783 946 928 987 nefas:
960 949 1063 988 tunc
1084 959 1161 988 ora
1180 947 1454 998 madescunt,
1484 984 1486 986 ,

305 1012 599 1065 Pectoraque,
617 1017 663 1053 et
683 1013 845 1054 tacitus
867 1014 1093 1067 subrepsit
1106 1014 1314 1056 fratribus
1333 1015 1496 1056 horror.

303 1078 442 1120 Arma
463 1078 594 1119 etiam
611 1079 817 1121 simulata
831 1092 998 1132 gerens,
1020 1081 1249 1134 cultusque
1267 1081 1432 1131 viriles,

306 1145 440 1187 Nunc
459 1146 543 1196 his,
561 1158 675 1187 nune
693 1146 798 1196 illis,
819 1147 963 1200 Agite,
985 1148 1059 1198 ite,
1079 1148 1297 1197 obsistite,
1319 1148 1498 1197 clamat,

1667 586 1755 658 47o

1665 917 1752 990 375

302 1269 476 1300 crudelibus
491 1270 657 1310 hominum,
677 1275 710 1303 et
732 1280 812 1312 soepe
827 1271 978 1310 Deorum,
991 1271 1153 1303 consiliis?
1197 1271 1261 1302 Pro
1275 1270 1373 1303 nihilo
1389 1271 1593 1313 videor-'opud
1608 1271 1746 1312 populos,

302 1319 449 1351 nusquam
465 1313 564 1343 nostri
577 1314 760 1344 reverentia.
806 1314 836 1344 0
849 1313 957 1352 furor,
972 1324 988 1344 o
1004 1313 1150 1351 homines,
1181 1323 1217 1345 ac
1242 1313 1381 1354 improba
1406 1313 1609 1346 Prometheos
1630 1312 1747 1356 opero!

306 1351 436 1384 Utinam
456 1357 541 1385 terra
562 1358 593 1386 et
612 1365 697 1386 mare
720 1358 790 1396 post
812 1356 972 1396 Pyrrham
995 1359 1184 1387 cessassent?
1230 1356 1277 1386 En
1289 1365 1388 1395 genus
1403 1354 1555 1387 mortale!
1575 1356 1690 1396 inquit,
1703 1357 1748 1394 et,

301 1394 464 1427 observata
480 1397 624 1437 temporis
639 1397 881 1438 opportunitate,
893 1398 1053 1428 Tentemus
1067 1408 1116 1428 eos
1122 1398 1246 1436 jurare,
1256 1400 1313 1436 ait,
1327 1398 1400 1429 licet
1412 1407 1492 1429 vana
1504 1397 1614 1429 moliar
1624 1408 1634 1428 .·
1647 1400 1677 1428 et
1692 1397 1745 1428 de-

299 1436 417 1468 volavit
427 1439 465 1469 de
479 1440 561 1470 coelo.
609 1439 804 1480 Quamquam
819 1440 888 1471 Dea
902 1439 946 1470 sit
959 1440 1073 1475 tristis,
1089 1440 1239 1471 luminosa
1252 1440 1362 1471 semita
1374 1449 1431 1480 per
1444 1440 1578 1471 excelsos
1591 1439 1685 1471 nubes
1698 1447 1748 1469 se-

300 1479 408 1518 quitur
432 1480 497 1519 ejus
518 1490 654 1520 gressus.
704 1482 767 1513 Vix
781 1482 977 1513 descenderat
992 1482 1026 1512 in
1047 1491 1197 1522 campum,
1219 1491 1288 1513 cum
1301 1481 1402 1514 subito
1414 1482 1511 1523 copia
1523 1481 1699 1519 mitescunt,
1713 1483 1746 1512 et

298 1521 396 1552 scelus
410 1523 680 1556 animadvertitur.
721 1524 806 1555 Tunc
819 1525 921 1555 multus
934 1527 964 1555 et
974 1527 1100 1564 pectora
1114 1524 1259 1562 rigantur
1273 1523 1429 1565 lacrymis,
1440 1534 1476 1554 ac
1488 1526 1622 1555 secretus
1633 1523 1747 1554 horror

298 1561 422 1595 invadit
436 1565 571 1603 fratres.
618 1566 736 1598 Ferens
759 1566 853 1597 etiam
865 1566 948 1606 ficta
972 1576 1070 1603 orma,
1093 1569 1122 1596 et
1137 1570 1236 1597 vestes
1248 1566 1366 1604 viriles,
1381 1565 1580 1604 vociferatur,
1591 1575 1672 1597 nunc
1685 1563 1747 1606 hia,

298 1613 380 1637 nuno
393 1606 460 1638 illis
469 1617 480 1638 .·
501 1607 607 1649 Agite,
621 1609 751 1648 currite,
772 1609 941 1648 prohibete,
955 1618 1022 1648 vos,
1036 1608 1145 1649 quibus
1160 1608 1250 1640 liberi
1260 1611 1290 1640 et
1303 1608 1426 1647 srutres
1439 1609 1523 1640 domi
1535 1610 1620 1649 sunt,
1634 1605 1745 1648 quibus

897 1702 1136 1716 eeeeeeeeeeee

298 1765 381 1797 Put.
397 1765 516 1797 Petu.
543 1767 647 1807 Lang.
674 1768 777 1800 Laur.
802 1767 933 1799 Buslid.
958 1768 1107 1809 Lipsian·
1138 1778 1254 1801 omnes
1283 1767 1472 1807 Barthiani,
1501 1765 1606 1800 Aldd.
1631 1765 1742 1799 Colin.

298 1807 430 1848 Gryph.
445 1808 550 1840 Basil.
566 1809 682 1841 Plant.
700 1809 927 1851 Lindenbrog.
944 1811 1045 1842 Cruc.
1069 1817 1104 1842 et
1126 1811 1268 1844 Gevart.
1283 1811 1405 1852 dirique
1420 1809 1619 1842 Prometheos
1638 1813 1743 1846 artes,¹

295 1849 438 1882 Behott.
453 1853 483 1882 l.
495 1854 526 1882 2.
542 1851 693 1883 Gronov.
706 1853 828 1883 Barth.
841 1854 949 1884 Veen.
963 1859 998 1884 et
1013 1854 1139 1893 Delpli.
1153 1854 1290 1894 diraeque
1301 1853 1498 1884 Prometheos
1510 1855 1604 1883 arten.
1625 1852 1636 1869 ⁸
1648 1850 1741 1883 Male

297 1893 481 1923 consulunt
501 1893 562 1924 sibi
591 1899 626 1925 et
652 1894 836 1925 lectoribus
861 1896 1011 1926 nonnulli
1038 1896 1141 1936 prisci
1165 1896 1252 1935 libri,
1277 1895 1333 1936 qui
1359 1904 1446 1926 arces
1470 1892 1743 1934 repraesentant!

296 1934 521 1966 Barth—469
547 1936 665 1967 Petav.
691 1937 798 1977 Lang.
823 1937 925 1969 Laur.
951 1938 1083 1969 Buslid.
1115 1938 1262 1978 Lipsian.
1292 1943 1328 1969 et
1355 1937 1435 1968 edd.
1463 1941 1548 1968 vett.
1570 1938 1742 1972 καιναί,-

295 1976 385 2007 Dan.
401 1976 479 2008 Put.
500 1978 670 2015 vacabunt;
683 1979 818 2010 Behott.
836 1982 865 2010 1.
881 1983 911 2011 2.
927 1979 1076 2011 Gronov.
1092 1981 1212 2012 Barth.
1227 1981 1332 2011 Veen.
1348 1984 1384 2011 et
1401 1978 1524 2019 Delph.
1535 1978 1742 2018 cacabant.—

295 2020 359 2049 470
383 2020 428 2050 Et
450 2022 580 2051 mortale
592 2030 691 2060 genus
707 2031 792 2052 unus
807 2022 1034 2054 Bellon—471
1058 2022 1100 2053 Iu
1117 2023 1249 2053 duobus
1265 2021 1401 2062 optimis
1421 2021 1518 2052 libris
1541 2025 1616 2052 est:
1639 2028 1742 2061 specu·-

292 2061 418 2102 lataque
444 2065 562 2103 tempus
589 2062 744 2101 Auxili05
777 2066 927 2096 tentemus
956 2064 1015 2105 ait,
1040 2066 1092 2105 &a
1116 2064 1205 2107 quod
1231 2074 1297 2096 non
1317 2062 1503 2106 aspernor.'
1525 2062 1642 2095 Barth.
1683 2061 1741 2094 lta

945 2154 1083 2186 NOTAE

336 2217 400 2246 468
435 2215 636 2248 Prometheos
659 2216 760 2256 artes]
790 2217 878 2250 Quia
906 2218 989 2250 Pro-

293 2263 447 2295 metheus
472 2264 597 2296 dicitur
612 2274 655 2296 ex
670 2266 742 2297 luto
758 2266 909 2297 homines
922 2266 990 2298 for-

292 2323 411 2345 masse.

334 2366 398 2395 469
420 2364 502 2395 Post
529 2365 701 2406 Pyrrham]
724 2365 810 2398 Haec
827 2366 931 2406 enim,
950 2371 989 2398 ut

292 2415 410 2446 volunt
429 2412 568 2453 fabulae,
591 2424 696 2455 genus
710 2416 904 2456 humanum,
913 2415 989 2456 jac-

292 2463 337 2494 tis
360 2468 437 2503 post
463 2467 596 2505 tergum
617 2465 798 2506 lapidibus,
814 2474 988 2506 reparasse

292 2513 462 2554 proditur.

332 2565 397 2594 470
421 2563 642 2604 Speoulataque
666 2568 798 2605 tempus,
823 2564 988 2597 Auxilium

290 2616 453 2653 tentemus,
481 2613 544 2653 αἰι]
582 2614 710 2645 Omnes
741 2615 863 2656 scripti
890 2619 985 2647 recte

288 2663 419 2695 habent
451 2664 595 2696 auxilio:
631 2665 730 2695 modo
761 2665 848 2696 bene
882 2666 987 2697 inter·

288 2722 419 2754 pungas
435 2722 443 2743 ι
467 2713 690 2754 Speculataque'
705 2717 824 2755 tempus
841 2715 985 2755 Auxilio,

288 2765 451 2803 tentemus,
463 2762 521 2799 ait,
532 2762 605 2794 licet
616 2761 710 2795 irrita
719 2774 821 2798 coner.
843 2766 982 2797 Utrum-

1044 2228 1110 2260 que
1147 2218 1357 2259 elegantius:
1388 2221 1508 2258 tempus
1534 2216 1666 2256 anxilio,
1702 2220 1741 2248 ut

1044 2278 1136 2309 saepe
1157 2268 1270 2300 ‘locus
1299 2267 1452 2299 insidiis’
1488 2276 1531 2298 ex
1561 2266 1671 2306 Livio,
1702 2269 1740 2297 et

1043 2321 1208 2359 tentemus,
1227 2318 1300 2349 sine
1325 2327 1408 2349 casu
1431 2316 1586 2348 nominis.
1618 2315 1740 2347 Grono-

1042 2376 1122 2399 vaus.

1084 2421 1149 2450 472
1173 2419 1295 2450 Niveus
1315 2418 1371 2451 sub
1385 2418 1517 2450 nubibus
1530 2419 1605 2450 altis
1630 2419 1738 2456 Quan-

1041 2478 1133 2509 quam
1150 2471 1258 2499 moesta
1280 2468 1359 2500 Deae
1379 2469 1519 2509 sequitur
1540 2469 1673 2509 vestigia
1699 2470 1739 2506 li·

1041 2517 1119 2557 mes]
1141 2517 1219 2550 Jam
1235 2517 1383 2550 diximus
1394 2518 1544 2558 numina,
1559 2528 1635 2550 cum
1651 2519 1737 2551 coelo

1042 2568 1230 2608 desilirent,
1243 2567 1355 2600 lucida
1369 2568 1422 2599 sui
1441 2573 1576 2600 meatus
1592 2568 1737 2609 vestigia

1041 2616 1243 2658 relinquere.
1374 2610 1377 2611 ⁷

1082 2668 1145 2698 477
1182 2667 1282 2698 Arma
1314 2666 1410 2699 etiam
1437 2667 1583 2700 simulata
1604 2668 1737 2709 gerens]

1040 2716 1204 2757 Repetita
1228 2726 1272 2749 ex
1298 2717 1531 2759 superioribus
1557 2717 1616 2750 lib.
1632 2726 1668 2749 x.
1692 2717 1737 2749 de

1039 2766 1191 2799 Virtute.
