1846 3120
277 243 393 290 1218·

778 250 819 287 ‘P.
854 252 1046 287 PAPINH
1077 255 1244 289 STA'rn

276 352 460 407 Augure
481 350 688 401 fraudati,
710 362 790 393 nec
811 347 916 392 dum
936 350 1163 393 accessere
1182 351 1364 405 regenti.
1640 388 1658 392 .,

279 419 378 462 Nec
399 424 474 461 tua
495 424 553 469 te,
576 420 782 472 princeps
797 419 1042 472 tripodum,
1064 419 1160 461 sola
1182 419 1359 472 agmina
1375 422 1609 474 quaemntz.
1679 430 1731 452 ⁵

280 489 449 530 Cuncta
464 487 662 541 phalanx
686 486 772 527 sibi
792 486 950 528 deesse
969 491 1124 540 putat:
1155 487 1297 528 minor
1317 487 1392 528 ille
1411 500 1490 541 per
1511 487 1608 533 alas

281 551 508 608 Septimus
525 557 652 596 extat
672 554 815 607 apex:
846 553 1016 607 liquido
1032 554 1158 596 velut
1181 554 1343 596 aethere
1360 555 1499 596 nubes

281 621 440 663 Invida
462 621 712 662 Parrhasiis
731 632 866 662 unum
888 622 926 662 si
942 621 1148 662 detrahat
1169 621 1301 662 astris

1649 592 1739 669 370

277 688 484 730 Truncus
503 688 644 729 honor
663 688 869 742 plaustri,
889 700 969 729 nec
988 688 1107 729 idem
1128 688 1239 730 nitet
1258 688 1359 742 igne
1379 674 1530 731 reciso'

278 754 411 805 Axis,
433 759 476 796 et
496 754 648 795 incerti
667 759 901 795 numerant
922 767 1005 796 sua
1027 754 1173 796 sidera
1191 759 1353 797 nautae.

280 822 370 864 Sed
384 822 476 876 Jam
497 821 616 863 bella
635 826 796 862 vocant
813 835 824 863 ε
856 822 971 863 alias
991 835 1108 864 nova
1127 835 1311 876 suggere
1334 824 1448 866 vires

281 889 498 942 Calliope,
519 888 745 943 majorque
764 889 917 944 chelyn
935 890 1042 931 mihi
1062 889 1212 931 tendat
1230 889 1414 944 Apollo.

281 957 482 998 Fatalem
502 956 684 1009 populis
705 956 822 996 ultro
840 957 1127 1010 poscentibus
1146 957 1300 999 horam

1651 957 1740 1003 375

279 1022 503 1064 Admovet
521 1028 620 1064 atra
640 1023 761 1065 dies:
794 1023 1046 1078 Stygiisque
1065 1025 1229 1065 emissa
1247 1025 1440 1067 tenebris

282 1090 408 1132 Mors
428 1089 585 1132 fruitur
605 1091 739 1140 coelo,
760 1091 1104 1144 bellatoremque
1124 1091 1320 1134 volando

282 1157 500 1212 Campum
521 1158 675 1212 operit,
691 1158 902 1212 nigroque
922 1159 1041 1200 viros
1061 1159 1216 1200 invitat
1235 1159 1372 1210 hiatu,

281 1287 341 1318 huc
352 1290 615 1321 accommodavere
636 1290 755 1321 animos
776 1290 959 1321 moderanti.
1004 1290 1073 1322 Nec
1087 1291 1160 1321 soloe
1175 1290 1271 1330 copioe
1292 1294 1355 1320 tuae
1379 1292 1410 1320 {e
1429 1291 1570 1329 poscunt.
1583 1284 1739 1328 interpres

283 1330 471 1371 Tripodum:
493 1333 592 1364 omnis
606 1333 874 1364 exercitum-edit
890 1335 921 1363 te
935 1342 968 1363 se
982 1333 1164 1363 deseruisse.
1208 1333 1296 1363 Illud
1320 1330 1672 1372 squimum‘sastiginm
1684 1339 1740 1370 ap-

278 1377 370 1412 paret
382 1374 528 1406 humilius
541 1375 623 1407 inter
637 1376 783 1406 tentoria.
813 1375 857 1406 Ut
870 1374 898 1405 si
913 1374 1006 1406 nubes
1021 1376 1149 1406 molesta
1158 1375 1276 1406 adimat
1284 1374 1387 1416 fluido
1401 1374 1475 1404 coelo
1489 1383 1583 1405 unam
1597 1383 1614 1404 e
1628 1372 1739 1404 stellis

282 1415 479 1458 Parrhasiis,
500 1419 591 1448 decus
605 1427 714 1449 currus
729 1417 907 1448 mutilatum
921 1420 980 1457 est,
1001 1427 1064 1449 nec-¹
1080 1418 1169 1458 polus
1194 1418 1287 1449 micat
1307 1417 1411 1448 eodem
1425 1417 1512 1448 modo
1526 1417 1667 1448 detracto
1681 1415 1737 1455 ju·

281 1457 366 1494 bare,
383 1462 414 1490 et
427 1460 579 1500 ancipites
592 1464 696 1491 nautae
710 1463 870 1491 recen-sent
884 1463 973 1490 astra
986 1470 1055 1491 sua.
1099 1460 1163 1491 Sed
1169 1459 1239 1499 jam
1254 1458 1332 1490 bella
1345 1460 1456 1490 citant.
1503 1458 1644 1499 Calliope
1657 1466 1738 1489 nova

280 1500 485 1533 subministra
500 1503 577 1534 mihi
592 1503 678 1534 aliud
692 1502 798 1540 robur,
806 1502 985 1543 fortiorque
999 1502 1111 1543 Apollo
1126 1503 1329 1534 accommodet
1343 1501 1421 1533 mihi
1435 1500 1600 1534 citharam.
1626 1500 1737 1539 Nigra

282 1543 349 1574 dies
362 1545 489 1576 adducit
509 1545 610 1585 fatale
625 1548 809 1576 momentum
828 1545 976 1584 gentibus
995 1548 1102 1586 sponte
1121 1545 1306 1585 petentibus,
1327 1548 1359 1576 et
1373 1543 1464 1576 Mors
1478 1553 1603 1583 egressa
1616 1551 1658 1575 ex
1670 1552 1737 1574 um-

283 1584 349 1617 bris
363 1586 497 1625 inferuis
509 1588 581 1619 orbe
595 1597 702 1629 supero
718 1590 840 1628 regnat,
861 1591 892 1619 et
918 1588 1001 1626 tegit
1014 1588 1144 1619 volando
1159 1587 1300 1619 bellicum
1311 1596 1465 1628 campum,
1486 1589 1519 1618 et
1539 1588 1630 1618 vocnt
1643 1585 1736 1618 boua-

889 1680 1128 1694 OOMNO‘N

281 1746 379 1783 liber,
403 1746 583 1788 referendo
604 1749 792 1788 loquuntur!
806 1747 1011 1778 Barth.-3⁷
1015 1749 1032 1777 1
1059 1747 1200 1778 Truncus
1218 1747 1315 1778 honos
1329 1756 1415 1778 unus
1430 1746 1552 1778 Behot.
1566 1746 1650 1788 haud
1662 1746 1736 1778 soli-

281 1793 348 1820 tum
360 1790 439 1821 nitet
455 1790 489 1821 in
513 1791 726 1832 quibusdam,
741 1799 783 1820 ex
802 1790 1035 1830 glossae—376
1054 1788 1208 1820 Admonet
1224 1795 1370 1831 uterque
1393 1789 1626 1821 Eetion—3⁷⁷
1648 1788 1740 1820 Mors

281 1833 355 1864 coelo
371 1832 498 1875 fruitur
512 1833 652 1877 optimae
678 1832 813 1866 Barthii
837 1831 1168 1864 membranae.—3⁷s
1192 1831 1282 1863 Edd.
1299 1837 1386 1864 vett.
1401 1836 1438 1864 ct
1458 1831 1614 1864 nonnulli
1634 1831 1736 1864 codd.

942 1917 976 1949 N
981 1917 1086 1950 01·AE

326 1985 390 2014 369
412 1982 586 2024 Septimus]
608 1982 751 2024 Septem
770 1982 861 2014 enim
884 1987 984 2014 crant

284 2033 390 2066 duces
405 2033 536 2075 Argivi.
620 2058 627 2065 ,

327 2087 391 2116 370
435 2084 620 2115 Parrhasiis
656 2083 769 2124 astris]
813 2082 985 2124 Intelligit

285 2140 464 2177 utramque
476 2135 599 2167 Ursam
621 2134 791 2177 Majorem
808 2138 844 2165 et
870 2133 985 2165 Mino-

284 2196 379 2218 rem:
404 2186 485 2227 quia
501 2185 645 2217 Callisto
666 2190 701 2216 et
726 2184 798 2225 ejus
813 2183 902 2215 filius
918 2182 983 2215 Ar·

285 2245 342 2268 cas
357 2236 393 2267 in
410 2237 481 2267 ha’c
498 2236 565 2267 duo
590 2235 703 2267 sidera
718 2235 875 2267 conversi
893 2238 983 2276 sunt,

284 2292 324 2318 ut
341 2288 459 2318 volunt
475 2286 606 2318 Poetae.
651 2285 823 2317 Parrhasia
846 2294 941 2324 vero,
964 2295 985 2316 a

284 2337 474 2368 Parrhasiis
504 2337 588 2368 urbe
626 2336 807 2369 Arcadiae:
842 2336 983 2368 Callisto

283 2388 375 2419 enim
391 2393 428 2419 et
445 2387 554 2419 Arcas
569 2392 667 2418 erant
682 2386 844 2419 Arcades.

328 2441 390 2470 371
415 2438 574 2479 Plaustri]
603 2437 699 2472 'Quia
715 2441 846 2478 septem
863 2436 985 2467 lucidi-

286 2497 362 2519 ores
377 2489 474 2520 Ursa·
486 2489 627 2530 Majoris
644 2488 753 2520 stellae
765 2496 885 2519 currus
900 2486 985 2527 figu-

284 2548 357 2570 ram
373 2537 539 2570 referunt.

329 2591 392 2620 372
415 2589 515 2630 Aoeis]
535 2589 602 2619 Seu
617 2589 730 2629 potius
746 2588 856 2630 polus,
870 2586 904 2619 id
920 2589 985 2626 est,

286 2639 486 2671 extremitas
502 2639 573 2670 axis
590 2638 718 2677 mundi,
737 2648 813 2680 qnae
834 2642 888 2669 est
904 2646 981 2678 pro-

286 2698 331 2729 pe
341 2689 464 2720 Ursam
476 2689 659 2729 Majorem.
697 2690 742 2720 Et
755 2688 868 2720 incerti
878 2697 981 2719 nume-

286 2743 360 2770 rant
385 2749 439 2770 sua
461 2740 565 2770 sidera
586 2738 705 2778 nautae]
747 2739 872 2770 Nautae
898 2737 986 2769 enim

288 2789 516 2822 observabant
531 2789 653 2822 Ursam
677 2790 710 2820 in
733 2788 912 2829 dirigenda
927 2797 985 2819 sua

1035 1982 1264 2023 navigatione.
1307 1981 1443 2023 Incerti]
1475 1982 1561 2014 Cum
1575 1990 1637 2014 sex
1660 1985 1736 2014 tau·

1037 2036 1111 2063 tum
1133 2033 1249 2064 stellas
1273 2032 1426 2072 videant,
1449 2041 1492 2063 au
1516 2032 1561 2063 sit
1586 2035 1736 2072 septem-

1039 2083 1117 2124 trio,
1138 2083 1345 2116 dubitantes.
1390 2083 1432 2115 In
1454 2083 1737 2125 Septemtrionaii

1038 2134 1128 2166 enim
1143 2135 1303 2167 Plaustro
1318 2138 1451 2176 septem
1465 2139 1546 2166 sunt
1560 2134 1682 2166 stellae.

1081 2187 1144 2217 3⁷8
1167 2185 1258 2217 Alias
1270 2194 1349 2216 nova
1367 2194 1501 2225 suggere
1518 2184 1601 2216 vires
1618 2183 1735 2215 Gallio-

1035 2235 1088 2276 pe]
1113 2235 1297 2267 Poetarum
1312 2244 1399 2274 mos,
1412 2239 1452 2266 ut
1472 2234 1517 2266 de
1538 2242 1628 2266 novo
1640 2234 1737 2265 invo-

1037 2289 1119 2317 cent
1143 2286 1259 2317 Musas
1284 2288 1319 2316 et
1340 2283 1548 2326 Apollinem,
1563 2293 1639 2316 cum
1653 2283 1736 2325 qnid

1037 2333 1169 2374 grande
1196 2339 1232 2366 et
1254 2334 1512 2375 inexpectatum
1537 2333 1652 2365 dicere
1672 2343 1737 2375 ‚ag-

1035 2383 1248 2425 grediuntur.
1668 2425 1670 2427 K

1079 2436 1141 2465 375
1165 2434 1320 2475 Fatalem,
1335 2433 1405 2476 85c.]
1433 2434 1536 2466 Hunc
1549 2439 1684 2466 versum
1699 2438 1736 2466 et

1038 2488 1172 2524 septem
1189 2489 1370 2526 sequentes
1385 2484 1490 2526 aliqui
1505 2484 1738 2516 condemnant

1039 2538 1079 2565 ut
1093 2533 1317 2575 adulterinos,
1331 2538 1367 2566 et
1388 2534 1501 2566 Statio
1527 2533 1737 2576 prorsns'in·

1037 2584 1171 2626 dignos.

1078 2638 1140 2668 377
1166 2636 1391 2675 Mor-'fruitur
1403 2634 1491 2676 coelo]
1520 2634 1563 2666 Id
1579 2637 1646 2672 est,
1661 2638 1735 2666 toto

1038 2686 1122 2717 orbe
1138 2696 1261 2728 supero
1277 2691 1410 2728 regnat.

1073 2740 1137 2768 378
1176 2737 1339 2777 Nigroque
1366 2736 1452 2767 viros
1485 2733 1604 2766 invitat
1638 2733 1728 2765 hiatu

1040 2787 1184 2830 [amictu]
1194 2785 1424 2819 Alluditforte
1432 2784 1543 2817 Poeta
1554 2784 1596 2816 ad
1607 2793 1733 2819 morem
